3788 6224
118 251 269 319 114:.
1150 267 1247 326 DE
1286 268 1474 328 ocro
1513 270 1950 333 SPIRITIBUS
1988 273 2347 333 MALITIJE.
3247 273 3386 340 1146

2499 402 3349 429 mmm

128 385 2501 425 Ἥ

1331 523 1629 639 ΤΟΥ
1703 524 2195 639 ΑΥΤΟΥ
2272 576 2279 580 ·

1707 735 1819 772 Ml

1074 845 1209 898 ΤΩΝ
1238 846 1420 899 οκτο
1452 823 1888 901 HNEmATnN
1919 850 2055 902 ΤΗΣ
2088 851 2459 907 ΠΟΝΗΡΙΑΣ.

1486 1156 2020 1249 EJUSDEM

926 1324 1377 1387 TRACTATUS
1409 1328 1505 1387 DE
1537 1328 1726 1389 OCTO
1778 1330 2209 1393 SPIRITIBUS
2237 1335 2594 1395 MALITUE.

356 1477 398 1521 κ
733 1495 985 1547 ΚΕΦΑΛ.
1025 1496 1103 1547 A’.
1500 1541 1527 1575 η
1731 1509 1781 1563 Α

1500 1541 1527 1575 ,Ι
1731 1509 1781 1563 Α
1906 1492 1913 1497 ’
2131 1547 2133 1551 ,
2340 1500 2502 1573 456
2538 1498 2765 1553 CAPUT
2802 1499 2839 1553 l.

128 1644 155 1651 _
578 1586 718 1655 Περὶ
763 1588 1251 1656 γαστριμαργίας.

1638 1582 1643 1587 ’
2261 1590 2339 1645 De
2373 1592 2517 1661 gula,
2548 1593 2653 1645 sive
2686 1592 2932 1661 ingluvie.
3069 1645 3080 1659 ,

208 1677 384 1751 Ἀρχὴ
410 1679 808 1749 καρποφυρίας,
846 1679 1022 1741 ἀνθος,
1050 1679 1145 1732 καὶ
1185 1678 1329 1749 ἀρχὴ
1371 1680 1704 1750 πρακτικῆς,

1895 1672 2211 1751 Principium
2270 1680 2480 1737 fructus
2531 1682 2790 1737 afferendi
2822 1692 2903 1737 est
2946 1682 3067 1748 llos,
3103 1694 3157 1738 et
3189 1684 3391 1754 princi-

118 1771 461 1842 ἑγκράτεια’
507 1773 536 1824 ὁ
576 1770 796 1839 κρατῶν
838 1770 1109 1840 γαστρὸς,
1150 1771 1363 1823 ἐλαττοῖ
1408 1771 1578 1840 πάθη,
1612 1791 1614 1800 ι

1894 1790 1955 1827 ιηι
1986 1777 2174 1828 activa:
2205 1775 2329 1828 vitae
2356 1784 2439 1829 est
2462 1776 2818 1843 temperantia
2852 1793 2865 1829 :
2891 1776 2983 1843 qui
3009 1777 3184 1831 ventri
3213 1777 3390 1831 domi-

117 1862 374 1933 τώμενος
402 1862 456 1915 δὲ
489 1862 774 1933 βρώμασιν
800 1860 952 1927 αὔξει
983 1863 1082 1925 τὰς
1103 1863 1313 1933 ἡδονάς.
1350 1864 1515 1934 Ἀρχὴ
1538 1864 1613 1917 ἐθι

1895 1876 1999 1927 tur,
2054 1867 2335 1936 passiones
2401 1866 2628 1930 minuit,
2696 1867 2785 1936 qui
2839 1876 3017 1921 autem
3080 1868 3147 1922 ab
3196 1869 3391 1923 eduliis

133 1955 412 2026 ’A'tml'l'pc,
452 1956 547 2008 καὶ
576 1958 719 2027 ἀρχὴ
759 1955 947 2009 παθῶν
972 1956 1404 2028 γαστριμαργία.
1438 1957 1580 2029 ’Ύλη
1608 1976 1629 2011 τ

1922 1954 2063 2017 :itur,
2131 1961 2292 2023 auget
2342 1954 2666 2021 voluptates.
2724 1952 3070 2024 Principatus
3128 1958 3418 2026 gentium,‘

120 2047 221 2117 ρος
252 2047 407 2114 ξύλα,
439 2046 539 2118 ῦλη
575 2048 631 2101 δὲ
655 2049 889 2119 γαστρὸς
924 2049 1207 2118 βρώματα.
1231 2048 1375 2101 Ξύλα
1405 2047 1577 2102 πολλά
1609 2067 1616 2119 ι

1897 2046 2050 2111 ialec,
2090 2054 2144 2101 et
2182 2047 2499 2115 passionum
2556 2047 2893 2116 principatus
2932 2049 3085 2125 gula.
3144 2046 3393 2104 Matones

116 2139 306 2209 γάλην
337 2140 540 2209 ἐγείρει
590 2140 781 2209 φλόγα,
826 2140 1029 2211 πλῆθος
1059 2141 1115 2193 δὲ
1157 2139 1463 2210 βρωμάτων
1518 2141 1612 2211 τρέ

1903 2138 1972 2203 is,
2022 2140 2198 2208 ligna;
2247 2139 2499 2193 materies
2550 2149 2727 2194 autem
2769 2128 2993 2205 ventris,
3043 2140 3171 2195 cibi.
3226 2141 3392 2209 Ligna

117 2220 473 2298 ἑπιθυμίανξ
516 2229 653 2295 Φλὸξ
716 2231 1059 2302 ἀμαυροῦται
1116 2228 1501 2300 ἐπιλειπούσης
1552 2231 1613 2284 ὖλ

1907 2231 1976 2285 Ita
2037 2246 2286 2301 magnam
2336 2232 2575 2286 excitant
2630 2230 2943 2301 ﬂammam,
3000 2243 3056 2287 et
3104 2234 3395 2289 multitudo

118 2320 222 2373 καὶ
260 2320 566 2391 βρωμάτων
602 2320 779 2373 ἔνδεια
812 2320 1065 2392 μαραίνει
1099 2318 1414 2389 ἐπιθυμίαν.
1461 2320 1518 2372 ’0
1569 2336 1614 2389 κγ

1901 2338 2056 2376 arum
2092 2323 2263 2376 nutrit
2302 2324 2673 2393 cupiditatem.
2732 2324 2972 2379 Flamma
3028 2327 3397 2396 exstinguitur

115 2412 302 2480 τήσας
324 2415 612 2480 σιαγόνος,
640 2412 851 2466 ἀνεῖλεν
882 2412 1233 2483 ἀλλοφύλους,
1271 2413 1365 2465 καὶ
1389 2412 1563 2481 δεσμὰ
1593 2429 1611 2481 )

1900 2414 2091 2468 lcienle
2124 2416 2371 2481 materia,
2411 2424 2466 2469 et
2496 2416 2741 2470 ciborum
2773 2417 2998 2487 penuria
3028 2433 3396 2473 emarcescere

119 2502 241 2573 ρῶν
273 2504 438 2556 αὑτοῦ
469 2503 760 2558 διέσπασεν
794 2503 1054 2576 εὐχερῶς.
1105 2504 1407 2575 Ἀναίρεσις
1458 2503 1615 2571 σιαγό

1900 2502 1938 2554 it
1962 2502 2333 2571 cupiditatem.
2360 2502 2463 2568 Qui
2486 2504 2760 2557 maxillam
2790 2505 3396 2577 obtinuit,a|ienigenas

115 2595 315 2665 πηγὴν
361 2597 651 2665 ἐγέννησεν
682 2596 891 2661 ὓδατος,
924 2598 1017 2649 καὶ
1050 2594 1467 2668 γαστριμαργία
1504 2612 1611 2648 κατ

1901 2594 2099 2658 erfecit,
2136 2594 2400 2664 facileque
2440 2611 2702 2650 manuum
2747 2613 2970 2652 suarum
3014 2598 3247 2668 disrupit
3274 2601 3397 2651 vin-

115 2688 383 2758 γηθεῖσα,
416 2688 649 2758 Θεωρίαν
688 2689 841 2743 ἔτεκε
876 2691 1210 2760 πρακτικήν.
1256 2670 1539 2750 Πάσσαλος
1581 2704 1611 2739 σ

1901 2704 1951 2739 a.
1994 2687 2304 2741 lutcrl‘ectio
2350 2689 2582 2742 maxillae
2616 2688 2819 2742 fontem
2860 2704 3015 2756 aqua:
3046 2692 3299 2759 produxit
3328 2692 3396 2753 θ’,

116 2781 226 2852 νῆς
259 2780 569 2852 παρελθὼν,
614 2781 847 2849 σιαγόνα
889 2782 1067 2834 ἀνεῖλε
1116 2780 1397 2849 πολέμιον,
1430 2779 1524 2832 καὶ
1549 2778 1606 2830 λό

1903 2779 2035 2848 gulae
2074 2780 2337 2849 ingluvies
2370 2780 2692 2849 interempta
2713 2780 3006 2849 practicam
3036 2782 3243 2850 peperit
3270 2799 3399 2836 con-

118 2844 460 2942 ἐγκρατείας
515 2844 787 2945 ἑνέκρωνσε
837 2873 1028 2937 πάθος.
1103 2844 1397 2939 Ἐπιθύμία
1450 2870 1614 2941 βρώσε

1903 2870 2233 2937 ιβΙιιῑὶοιιειη.
2294 2871 2492 2925 Clavus
2554 2872 2885 2925 tabernaculi
2960 2872 3219 2927 invadens
3281 2888 3399 2926 ma-

118 2963 290 3015 ἔτεκε
340 2962 647 3033 παρακοήν,
697 2961 791 3015 καὶ
832 2962 1021 3029 γεῦσις
1074 2961 1225 3031 ἡδεῖα
1277 2959 1497 3023 ἐξέϐαλε
1528 2975 1614 3028 παι

1902 2964 2018 3024 iam,
2054 2963 2261 3016 hostem
2304 2963 2561 3031 peremit,
2603 2974 2655 3016 et
2684 2963 3031 3018 continentia:
3063 2981 3241 3019 sermo
3273 2983 3398 3035 pas-

117 3053 333 3109 δείσου.
362 3053 688 3108 Πολυτέλεια
723 3054 1029 3125 βρωμάτων
1059 3053 1248 3123 τέρπει
1277 3051 1490 3120 λαιμὸν,
1516 3050 1613 3119 τρέ

1904 3067 2019 3105 nem
2055 3052 2283 3106 reddidit
2322 3064 2647 3131 emortuam.
2696 3053 2871 3109 Edulii
2913 3058 3181 3126 cupiditas
3216 3060 3400 3114 inobe-

118 3145 180 3198 δὲ
218 3144 480 3213 σκώληκα
508 3146 805 3207 ἀκολασίας
840 3146 1164 3215 ἀκοίμητον.
1241 3142 1455 3212 Ἐνδεὴς
1499 3159 1614 3210 γασ-

1907 3140 2069 3192 ntiam
2129 3136 2356 3209 peperit,
2398 3151 2452 3195 et
2506 3145 2691 3198 suavis
2747 3145 3052 3213 degustatio
3110 3150 3319 3217 expulit
3370 3165 3400 3203 e

121 3240 186 3290 ὲν
226 3240 503 3309 προσευχῇ
534 3240 835 3309 ἀγρυπνεῖν
880 3235 1312 3307 παρασκευάζει,
1346 3236 1378 3304 ἡ
1412 3233 1469 3286 δὲ
1502 3248 1616 3285 πεπ

1906 3231 2093 3285 -adiso.
2134 3232 2393 3287 Ciborum
2427 3239 2818 3305 sumptuositas
2848 3238 3084 3293 delectat
3117 3251 3323 3309 guttur,
3348 3252 3402 3297 et

128 3332 357 3402 ρωμένη
396 3331 563 3384 ὕπνον
610 3333 804 3401 ἐπάγει
842 3330 1030 3387 πολύν.
1060 3328 1340 3399 Νηφάλιον
1374 3326 1624 3396 φρόνημα

1908 3340 2122 3378 omnem
2182 3327 2353 3379 nutrit
2402 3328 2827 3397 intemperantia:
2879 3348 3137 3386 vermem.
3201 3333 3404 3389 Venter

126 3422 409 3494 ξηροτάτῃ
447 3422 653 3495 διαίτῃ,
696 3423 863 3494 ὑγρὸς
908 3422 965 3474 δὲ
1000 3422 1113 3491 βίος
1163 3416 1415 3491 βαπτίζει
1468 3416 1591 3469 νοῦν

1915 3419 2064 3488 igeus
2088 3431 2352 3488 praeparat
2379 3422 2444 3475 ad
2480 3422 2810 3491 vigilandum
2842 3425 2895 3478 in
2932 3426 3196 3481 oratione.
3230 3427 3402 3483 Porro

128 3516 323 3584 βυθόν.
372 3515 751 3587 Νηστεύοντος
803 3514 1107 3585 προσευχὴ,
1153 3510 1373 3574 νεοσσὸς
1413 3507 1575 3562 ἀετοῦ
1618 3529 1624 3559 ι

1907 3553 1908 3556 η
1962 3512 2198 3579 repletus
2256 3513 2548 3580 plurimum
2612 3517 2820 3571 inducit
2874 3534 3149 3573 somnum.
3198 3521 3403 3577 SenSus

128 3612 458 3679 ιπτάμενος,
509 3609 543 3678 ὴ
588 3607 646 3661 δὲ
680 3607 775 3662 τοῦ
807 3606 1231 3679 κραιπαλοῦντος
1271 3602 1607 3675 βαρυνομένη

1904 3602 2036 3657 »ι’ἰυε
2082 3619 2146 3658 ac
2183 3605 2310 3671 vigil
2338 3606 2390 3658 in
2424 3608 2725 3662 siccissimo
2758 3610 3005 3665 consistit
3029 3610 3190 3682 457
3222 3613 3400 3678 victu;

125 3702 311 3773 κόρῳ,
361 3701 719 3757 καθέλκεται·
747 3703 1101 3772 νηστεύοντος
1134 3698 1283 3763 νοῦς,
1313 3698 1488 3767 ἀστὴρ
1527 3696 1584 3747 ὲν

1912 3694 2033 3748 laxa
2067 3697 2355 3767 mollisque
2385 3699 2491 3753 vita
2524 3700 2574 3752 in
2601 3700 2928 3769 profundum
2951 3705 3214 3774 demergit
3246 3721 3397 3758 men-

130 3793 271 3863 θρίξ.
311 3792 580 3864 λαμπρὸς,
632 3795 661 3847 ὁ
709 3792 768 3846 δὲ
799 3792 893 3845 τοῦ
941 3789 1375 3861 κραιπαλοῦντος
1417 3787 1475 3839 ὲν
1526 3802 1623 3838 σκο

1904 3803 1951 3839 n.
1993 3784 2298 3856 chunantis
2342 3791 2539 3853 oratio,
2585 3793 2763 3862 pullus
2808 3802 2891 3849 cst
2939 3795 3133 3863 aquihe
3182 3811 3400 3849 sursum

136 3886 293 3956 μήνῃ
342 3883 709 3937 καλύπτεται·
764 3882 961 3954 ὀμίχλη
1013 3879 1278 3934 καλύπτει
1312 3875 1542 3948 ἡλιακὰς
1573 3876 1632 3927 ἀν

1907 3885 2033 3942 Lans,
2066 3888 2118 3932 at
2158 3894 2278 3948 quae
2311 3882 2370 3935 iit
2415 3881 2482 3935 ab
2518 3882 2628 3945 illo,
2656 3884 2749 3952 qui
2801 3885 3114 3951 crapulatus
3144 3894 3247 3947 est,
3282 3900 3403 3953 gra-

130 3994 259 4039 νας,
300 3976 397 4030 κα)⁸
423 3974 548 4029 νοῦν
589 3974 825 4040 σκοτίζει
848 3975 1049 4044 παχεῖα
1091 3971 1395 4043 βρωμάτων
1440 3967 1626 4021 ἀνάδος

1907 3984 1965 4021 cr
2035 3970 2287 4039 depressa
2334 3989 2443 4042 pra:
2485 3976 2764 4041 satietate,
2825 3976 3079 4030 deorsum
3149 3979 3402 4032 trahitur.

130 4066 448 4133 Jciunantis
514 4084 704 4131 mens,
764 4067 920 4121 stella
979 4074 1061 4120 est
1124 4066 1177 4117 in
1234 4062 1409 4117 noctis
1461 4059 1754 4113 serenitate
1801 4059 2221 4127 Splendescens,
2260 4065 2352 4118 sed
2390 4080 2544 4121 mens
2582 4067 2742 4132 cibo,
2801 4068 3034 4135 vinoque
3070 4083 3127 4121 se
3165 4067 3404 4137 ingurgi-

134 4166 313 4220 tantis
362 4166 430 4219 ad
499 4165 814 4235 erapnlam,
862 4163 914 4216 in
957 4162 1240 4215 tenebrosa
1263 4201 1277 4225 ,
1311 4176 1375 4213 ac
1421 4159 1588 4211 illunc
1617 4163 1775 4210 nocte
1814 4158 2140 4213 occultatur.
2170 4158 2377 4235 Nebula
2408 4163 2617 4217 solares
2655 4164 2860 4232 obtegit
2888 4163 3091 4229 radios,
3122 4173 3175 4217 et
3218 4179 3403 4218 crassa

135 4274 393 4315 escarum
429 4259 759 4313 ministratio
811 4256 975 4309 menti
1010 4255 1295 4324 caliginem
1328 4250 1578 4306 oil‘undit.

782 4350 1034 4403 ΚΕΦΑΛ.
1052 4350 1127 4402 B'.
1755 4344 1799 4402 C

1755 4344 1799 4402 C
2456 4344 2684 4399 CAPUT
2712 4348 2774 4399 ll.

221 4446 526 4515 Ἐσοπτρον
579 4442 829 4514 ρυπωθὲν
871 4445 930 4495 ού
971 4440 1217 4512 διαρθροϊ
1246 4438 1345 4508 τὴν
1379 4434 1717 4507 προσπεσοῦ-

1911 4431 2192 4502 Speculum
2227 4436 2480 4491 sordibus
2509 4438 2747 4492 obsitum
2784 4454 2894 4492 non
2925 4439 3179 4508 exprimit
3210 4440 3407 4494 distin—

141 4556 248 4592 σαν
274 4536 507 4607 μορφὴν,
539 4536 631 4587 καὶ
654 4532 994 4603 διανοητικὸν
1024 4528 1327 4601 ἁμϐλυνθὲν
1356 4528 1525 4597 κόρῳ,
1556 4525 1616 4576 ού

1908 4550 1912 4577 ε
1942 4526 2204 4597 objectam
2242 4527 2496 4594 formam,
2525 4540 2577 4584 et
2621 4531 2949 4594 intellectus,
2987 4534 3273 4587 saturitate
3305 4535 3404 4587 ob-

141 4651 309 4707 χεται
340 4633 541 4701 γνῶσιν
569 4630 730 4684 Θεοῦ.
764 4628 1118 4699 Χερσωθείσα
1148 4628 1217 4695 γῆ
1251 4621 1492 4682 ἀκάνθας
1530 4619 1637 4671 τίκιι

1906 4637 2009 4687 sus,
2056 4636 2119 4677 ac
2161 4622 2464 4688 hebetatus,
2500 4638 2607 4676 non
2643 4624 2871 4693 suscipit
2899 4623 2992 4678 Dei
3016 4626 3402 4695 cognitionem.

140 4726 244 4779 καί
312 4723 433 4785 νοῦς
476 4720 890 4792 γαστριμάργου
949 4718 1235 4788 βλαστάνει
1286 4712 1636 4782 λογισμοὺςα

1911 4729 1999 4767 rra
2040 4714 2244 4768 inculta
2278 4716 2511 4783 parturit
2547 4717 2753 4786 spinas,
2785 4725 2839 4770 et
2873 4732 3029 4771 tuens
3068 4718 3207 4786 gulae
3236 4717 3404 4771 dediti

142 4818 336 4889 χρούς.
370 4817 484 4869 Οὐκ
540 4814 686 4868 ἐστιν
710 4816 766 4866 ὲν
798 4811 1042 4884 βορϐόρῳ
1071 4811 1250 4880 εὑρεῖν
1286 4808 1575 4879 ἀρώματα,
1607 4822 1634 4857 ο

1911 4821 2017 4873 'pes
2066 4806 2333 4874 germinat
2357 4808 2735 4877 cogitationes.
2773 4807 2888 4862 Non
2917 4818 3001 4863 cst
3052 4809 3305 4877 possibile
3352 4808 3407 4863 in

145 4911 207 4961 ἐν
231 4906 633 4974 γαστριμάργῳ
656 4903 885 4971 θεωρίας
908 4902 1155 4956 εὐωδίαν.
1184 4898 1488 4969 Ὀφθαλμὸς
1508 4913 1641 4965 γαστ

1910 4911 1987 4950 eno
2020 4897 2378 4952 odoramenta
2410 4900 2671 4965 invenire,
2704 4916 2803 4953 nec
2838 4902 2889 4952 in
2920 4901 3111 4969 guloso
3162 4913 3406 4954 contem-

151 5001 371 5070 μάργον
416 4996 838 5067 περιεργάζεται
887 4994 1194 5063 συμπόσια·
1238 4991 1513 5061 ὀφθαλμὸς
1542 4989 1647 5043 δὲέ

1914 4988 2083 5042 tionis
2111 4988 2247 5043 bene
2279 4990 2513 5044 olentem
2546 4995 2785 5046 odorem.
2826 4990 3029 5046 Oculus
3084 4992 3255 5045 ventri
3320 4992 3410 5047 ad-

150 5089 391 5160 κρατοῦς
423 5088 672 5158 συνέδρια
709 5086 909 5155 σοφῶν.
944 5086 1181 5155 Μνήμας
1231 5084 1526 5165 μαρτύρων
1566 5083 1646 5150 ἀρη

1910 5079 1959 5131 :ti
2014 5080 2229 5134 curiose
2274 5081 2529 5151 disquirit
2561 5085 2828 5147 convivia,
2872 5094 2927 5137 at
2960 5084 3151 5138 oculus
3199 5094 3406 5153 tempe-

150 5183 247 5251 μεί
289 5178 435 5250 ψυχὴ
473 5178 909 5248 γαστριμάργου,
996 5176 1117 5247 ἠδὲ
1146 5175 1240 5228 τοῦ
1284 5164 1583 5244 ἐγκρατοῦς
1643 5194 1646 5241 ;

1914 5172 2024 5236 itis,
2109 5188 2401 5229 consessus
2463 5178 2765 5245 sapientum
2818 5176 3062 5245 inquirit.
3122 5176 3410 5233 Memoriae

156 5275 342 5344 μεῖται
371 5272 515 5341 βίους
547 5270 749 5324 αὐτῶν.
783 5270 963 5331 Δειλδς
990 5266 1324 5339 στρατιώτης
1355 5267 1573 5336 φρίσσει
1608 5282 1652 5316 σι

1914 5276 2133 5336 Irtyrum
2178 5277 2459 5320 enumerat
2486 5268 2666 5321 anima
2714 5269 2909 5339 gulosi,
2972 5285 3160 5322 verum
3203 5278 3410 5338 tempe-

155 5382 332 5433 πιγγα
369 5363 741 5433 σημαίνουσαν
766 5365 1021 5432 πόλεμον,
1054 5362 1147 5414 καὶ
1174 5360 1589 5431 γαστρίμαργος
1629 5376 1651 5411 a

1915 5360 2006 5415 Itis
2030 5360 2211 5414 anima
2260 5360 2400 5414 vitas
2431 5362 2674 5417 imitatur
2714 5363 2976 5430 ipsorum.
3019 5361 3268 5417 Timidus
3304 5362 3409 5416 mi-

160 5459 501 5527 ρυσσομένην
576 5456 923 5527 ἐγκράτειαν,
996 5454 1415 5525 Γαστρίμαργος
1479 5450 1656 5522 μοναχῖ

1940 5455 2202 5510 horrescit
2242 5454 2307 5509 ad
2350 5455 2555 5521 tubam,
2585 5472 2708 5526 quae
2739 5458 2983 5521 prmlinm
3009 5458 3322 5517 annuntiat,
3355 5463 3410 5511 ct

160 5548 371 5612 κοιλίας
414 5549 705 5617 ὑπόφορος,
734 5548 826 5600 καὶ
859 5546 1250 5616 μαστιζόμενος
1282 5546 1594 5598 ὰπαιτεῖται
1637 5542 1656 5595 ξ

1912 5548 2058 5603 losus
2102 5548 2513 5616 temperantiam
2570 5550 2986 5618 prtentintiatam
3051 5550 3406 5619 pertimescit.

236 5680 285 5717 °°
316 5680 499 5740 Ju'lic.
530 5698 619 5746 xv,
646 5683 831 5737 14-19.
