3788 6224
416 208 547 275 1147

1907 240 1963 298 S.
2014 241 2178 302 NILI
2242 240 2243 243 “

3535 249 3663 314 1148

404 325 641 385 Gulosus
693 337 992 392 monachus
1045 341 1246 395 tribuvo
1295 346 1499 402 ventris
1550 358 1633 403 est
1684 349 1968 414 obnoxius1

2145 356 2217 409 ιὸν
2256 358 2598 428 ήμερούσιον.
2643 361 2951 433 Ὁδοιπὸρος
2990 364 3115 429 ὀξὺς
3175 366 3388 434 ταχέως
3420 368 3659 437 καταλῇ-

405 427 567 487 atque
594 422 732 477 idem
757 428 1042 486 alllictatus
1075 434 1449 501 quotidianum
1505 439 1693 510 exigit,
1730 442 1976 512 vectigal.

414 508 570 566 Velm
600 515 774 571 viator
801 521 1049 577 celeriter
1076 527 1142 579 ad
1190 527 1462 583 civitatem
1488 532 1734 602 attinget,
1766 543 1815 587 et
1860 550 1978 588 mo-

406 600 615 657 nachus
665 615 991 677 temperans,
1038 614 1104 667 ad
1159 626 1358 671 statum
1400 600 1705 687 pacificum.
1766 621 1978 679 Tardus

405 690 583 747 viator
617 694 670 748 in
700 700 990 757 solitudine
1018 706 1119 759 sub
1155 708 1244 761 dio
1278 710 1659 775 stabulabitur,
1694 722 1747 767 et
1789 730 1978 769 mona-

403 783 565 848 chus,
618 788 757 857 gulae
792 793 1160 861 subserviens,
1203 801 1269 852 ad
1302 800 1524 855 domum
1555 803 1839 859 vacuitatis
1862 821 1985 875 pas-

403 876 617 932 sionum
639 896 745 935 non
776 888 1069 953 perveniet.
1094 888 1271 961 Vapor
1301 893 1589 947 sullimenti
1622 911 1800 950 aerem
1831 898 1983 952 suavi

405 968 576 1037 replet
636 973 823 1042 odore,
857 986 911 1030 et
943 983 1295 1049 temperantis
1324 983 1491 1056 458
1518 988 1694 1040 oratio
1739 989 1980 1042 divinum

406 1063 705 1127 permuICet
744 1067 1020 1124 olfactum.
1074 1073 1129 1127 Si
1172 1075 1402 1145 teipsum
1450 1079 1732 1149 cupiditati
1771 1082 1982 1136 edulio-

405 1167 525 1207 rum
574 1158 880 1226 tradideris,
981 1166 1114 1220 nihil
1199 1169 1427 1225 sulliciet
1510 1172 1578 1227 ad
1661 1174 1983 1241 explendam

404 1246 782 1316 voluptatem:
834 1266 915 1310 est
947 1258 1147 1328 quippe
1207 1261 1347 1332 ignis
1391 1281 1637 1320 escarum
1698 1267 1987 1336 cupiditas,

406 1351 622 1409 semper
658 1346 953 1415 accipiens,
984 1362 1038 1406 et
1065 1368 1281 1423 semper
1315 1356 1673 1413 inﬂammata.
1732 1360 1984 1415 Mensura

410 1432 682 1491 sulliciens
708 1437 949 1508 implevit
977 1460 1106 1511 vas;
1140 1442 1326 1503 venter
1353 1458 1534 1505 autem
1598 1452 1849 1522 diruptus
1878 1467 1983 1506 non

2084 448 2245 515 ψεται
2286 451 2459 518 πόλιν,
2491 454 2583 506 καὶ
2613 455 2844 525 μοναχὸς
2878 457 3152 527 ἐγκρατὴς
3180 459 3464 528 εἰρηνικὴν
3495 466 3657 514 κατάο

2087 554 2297 591 στασιψ
2340 541 2614 613 ὁδοιπόρος
2666 544 2864 613 βραδὺς
2940 547 2997 597 ἐν
3036 546 3241 616 ἐρημίᾳ
3277 545 3661 615 αὐλισθήσεται

2085 628 2368 703 ὕπαιθρος,
2408 636 2499 688 καὶ
2534 638 2767 707 μοναχδς
2796 639 3210 709 γαστρίμαργος
3246 639 3306 691 οὗ
3354 638 3558 707 φθάσει
3592 641 3661 702 είς

2082 717 2231 775 οἶκον
2260 725 2547 789 ἀπαθείας.
2592 730 2781 800 Ἀτμὶς
2811 730 3152 802 θυμιάματος
3182 731 3476 793 εὐωδιάζει
3506 732 3659 800 ἀέρα,

2087 815 2182 867 καὶ
2225 820 2503 891 προσευχὴ
2533 823 2837 891 ἐγκρατοῦς
2890 822 3159 893 ὄσφρησιν
3201 822 3358 875 Θεοῦ.
3402 823 3537 874 Ἐάν
3567 824 3663 891 δῷς

2089 907 2315 960 σεαυτὸν
2341 910 2606 984 ἐπιθυμίᾳ
2633 913 2955 985 βρωμάτων,
2983 915 3137 968 οὐδὲν
3168 916 3393 985 ἀρκέσει
3430 916 3575 984 προς
3611 916 3665 967 τὸ

2088 996 2379 1068 πληρῶσαι
2406 1001 2503 1073 τὴν
2524 1004 2737 1075 ἡδονήνο
2774 1004 2886 1076 πῦρ
2916 1007 3023 1077 γάρ
3048 1008 3193 1060 ἐστιν
3224 1006 3499 1075 ἐπιθυμία
3535 1007 3663 1076 βρω-

2092 1089 2307 1158 μάτων.
2354 1094 2440 1146 ἀεὶ
2478 1095 2762 1167 δεχομένη,
2815 1099 2910 1151 καὶ
2952 1099 3040 1152 ἀεὶ
3090 1100 3424 1169 φλεγομένη.
3461 1100 3666 1170 Μέτρον

2088 1176 2364 1251 αὔταρκες
2394 1184 2710 1257 ἐπλήρωσεν
2738 1188 2975 1257 ἀγγεῖον.
3000 1190 3214 1260 γαστὴρ
3244 1191 3297 1243 δὲ
3333 1190 3665 1261 ῥηγνυμένη.

2088 1270 2151 1323 οὐ
2187 1271 2355 1341 λέγει,
2411 1276 2618 1347 Ἀρκεῖ.
2656 1280 2872 1351 Χειρῶν
2917 1282 3137 1345 ἔκτασις
3175 1281 3542 1353 ἐτροπώσατο
3585 1282 3667 1332 τὸν

2103 1362 2371 1436 Ἀμαλὴκ,
2415 1369 2510 1422 καὶ
2555 1370 2784 1441 πράξεις
2829 1374 3139 1446 ἐπηρμέναι
3176 1374 3497 1445 χειροῦνται
3531 1372 3666 1440 πάθη

2091 1456 2317 1524 σαρκός.

404 1521 557 1589 dicit,
623 1526 839 1585 sutﬁcit.
904 1530 1158 1589 Mannum
1211 1540 1461 1596 extensio
1513 1542 1675 1596 vertit
1715 1521 1936 1599 Amalec
1996 1541 2050 1597 in
2090 1521 2379 1617 fugam“,
2422 1562 2477 1608 et
2509 1553 2755 1612 actiones
2797 1556 3021 1613 elevatae
3071 1559 3292 1630 (nempe
3353 1559 3421 1612 ad
3490 1556 3667 1622 Deum)

404 1619 588 1671 carnis
619 1620 880 1691 subigunt
912 1626 1193 1694 passiones
1226 1629 1294 1682 θ’.

1015 1779 1249 1836 CAPUT
1289 1782 1380 1838 Ill.

373 1933 382 1941 .
477 1885 789 1943 Extermina
825 1906 857 1947 a
905 1900 957 1948 te
994 1894 1358 1966 quodcunque
1391 1896 1523 1952 vitia
1552 1898 1744 1968 s‘pirat,
1780 1906 1834 1953 et
1866 1914 1987 1953 car-

405 1982 493 2035 nis
535 1991 641 2038 tua:
684 1986 928 2042 membra
974 1990 1148 2045 valide
1178 1992 1462 2047 mortilica.
1519 1992 1986 2060 Quemadmodum

398 2075 544 2127 enim
576 2076 801 2132 bellator
833 2079 1171 2148 interfectus,
1208 2084 1302 2139 tibi
1333 2101 1441 2139 non
1481 2087 1704 2142 incutiet
1759 2097 1986 2155 metum,

401 2165 475 2218 ita
501 2181 705 2236 corpus
728 2171 1135 2238 niortilicatum,
1166 2182 1314 2228 tuam
1359 2191 1464 2230 non
1502 2176 1840 2247 perturbabit
1869 2178 1988 2232 ani-

400 2274 571 2313 mam.
607 2259 882 2317 Mortuum
938 2279 1136 2335 corpus
1171 2267 1311 2337 ignis
1358 2284 1468 2322 non
1511 2272 1662 2325 novit
1721 2272 1984 2337 dolorem,

404 2365 506 2403 nec
582 2363 891 2420 temperans
963 2357 1293 2431 voluptatem
1367 2364 1630 2429 persentit
1678 2363 1989 2432 cupiditatis

402 2455 684 2499 cmortlta‘.
716 2444 772 2499 Si
829 2450 1168 2515 percusseris
1199 2449 1536 2521 Egyptium,
1581 2453 1634 2507 in
1682 2470 1847 2509 arena
1908 2455 1987 2525 ip-

402 2551 525 2590 sum
559 2540 881 2593 abscondito
912 2540 977 2607 ⁸⁸,
1003 2551 1052 2596 et
1085 2558 1153 2597 ne
1193 2543 1249 2596 in
1277 2544 1487 2599 devicta
1514 2547 1812 2616 cupiditate
1864 2548 1987 2617 pin-

400 2626 678 2697 guefaeias
708 2646 944 2701 corpus:
978 2633 1120 2687 sicut
1140 2634 1282 2688 enim
1313 2635 1697 2692 absconditum
1732 2639 1784 2692 in
1815 2648 1982 2706 terra,

401 2719 583 2787 Opima
634 2723 923 2791 germinat,
983 2724 1054 2781 ita
1094 2724 1148 2779 in
1182 2740 1412 2796 corpore
1446 2728 1782 2801 impinguato
1809 2732 1989 2799 repul-

400 2811 535 2864 lulat
567 2814 768 2880 passio.
806 2814 1049 2870 Flamma
1082 2818 1350 2873 exstincta
1383 2821 1607 2883 relucet,
1636 2823 1683 2876 si
1706 2822 1857 2876 arida
1875 2838 1991 2879 sus-

400 2903 611 2971 ceperit
656 2905 901 2973 eremia;
952 2916 1005 2961 et
1042 2909 1293 2979 voluptas
1324 2912 1531 2979 sopita,
1563 2914 1758 2968 iterum
1792 2929 1990 2970 accen-

401 2995 552 3049 ditur
574 2998 626 3049 in
648 2998 934 3053 saturitate
958 3000 1204 3054 ciborum
1240 3018 1253 3054 :
1286 3018 1354 3057 ne
1379 3002 1686 3057 miserearis
1745 3005 1990 3075 corporis

2725 1792 2977 1850 ΚΕΦΑΛ.
3001 1795 3075 1851 Ρ.

2172 1900 2579 1974 Ἐξολόθρευσον
2618 1907 2683 1961 ἐκ
2716 1908 2811 1961 σοῦ
2862 1912 2970 1963 πᾶν
3026 1912 3263 1983 έμπνεον
3308 1914 3539 1981 κακίας,
3588 1919 3669 1969 καὶ

2092 1990 2227 2061 μέλη
2259 1996 2464 2064 σαρκός
2495 2012 2590 2048 σου
2624 1997 2901 2069 νέκρωσον
2931 2002 3189 2073 ἰσχυρῶς.
3210 2005 3307 2057 Ὃν
3338 2006 3553 2073 τρόπον
3576 2007 3669 2075 γάρ

2088 2082 2434 2155 ἀνῃρημένος
2479 2087 2759 2158 πολέμιος,
2788 2090 2849 2142 οὐ
2900 2092 3127 2160 παρέξει
3183 2112 3265 2147 σοι
3306 2096 3507 2163 φόϐον,
3542 2098 3673 2151 οὕτω

2087 2176 2363 2241 νεκρωθέν
2395 2178 2554 2248 σῶμα
2580 2180 2639 2232 οὐ
2662 2182 2885 2252 ταράξει
2921 2201 3013 2236 σου
3046 2184 3375 2257 τὴννψυχήν.
3409 2190 3535 2241 Οὐκ
3572 2186 3671 2243 οἶδε

2089 2270 2264 2339 πυρὸς
2288 2270 2481 2342 ὀδύνην
2514 2272 2676 2344 σῶμα
2723 2276 2940 2348 νεκρὸν,
2974 2277 3095 2331 οὐδὲ
3148 2280 3431 2351 ἐγκρατὴς
3492 2282 3672 2353 ἡδονὴν

2090 2359 2384 2431 ἐπιθυμίας
2411 2366 2631 2434 νεκρᾶς.
2650 2366 2780 2420 Ἐὰν
2802 2368 3050 2442 πατάξῃς
3065 2370 3386 2438 Αίγύπτιον,
3420 2375 3491 2425 ὲν
3518 2374 3676 2444 ἄμμῳ

2090 2451 2299 2522 κρύψον
2332 2454 2516 2520 αὐτὸν,
2548 2457 2643 2511 καὶ
2674 2458 2749 2529 μὴ
2794 2460 2993 2533 πιάνῃς
3034 2463 3191 2535 σῶμα
3240 2465 3336 2516 ἐπὶ
3376 2466 3676 2537 ἡττωμένῳ

2091 2544 2274 2597 πάθειο
2302 2546 2380 2609 ὡς
2408 2548 2518 2619 γάρ
2556 2550 2615 2602 ἐν
2650 2549 2865 2623 λιπὼσῃ
2900 2556 2971 2624 γῇ
3005 2554 3131 2622 φύει
3173 2556 3236 2608 τὸ
3280 2559 3562 2627 κρυφθὲν,
3597 2560 3679 2612 οῦ-

2088 2653 2197 2698 τως
2219 2638 2277 2690 ἐν
2318 2637 2531 2708 σώματι
2566 2641 2861 2712 πιμελώδει
2890 2644 3179 2700 ἀναθάλλει
3230 2648 3289 2700 τὸ
3328 2650 3533 2715 πάθος.
3568 2653 3679 2706 Μαρ-

2093 2728 2354 2799 ρανθεῖσα
2401 2730 2535 2800 φλὸξ
2570 2732 2887 2806 ἀναλάμπει
2942 2738 3315 2811 ἐπιλαϐομένη
3356 2745 3675 2811 φρυγάνων,

2090 2822 2187 2876 καὶ
2215 2823 2378 2894 ἡδονὴ
2423 2823 2722 2881 σϐεσθεῖσα
2765 2827 3225 2901 ἀναζωπυροῦται
3264 2834 3325 2886 ἐν
3354 2835 3514 2906 κόρῳ
3549 2836 3679 2907 βρω-

2094 2916 2302 2983 μάτων.
2346 2918 2438 2987 Μὴ
2480 2918 2712 2991 ἐλεήσῃς
2761 2921 2921 2992 σῶμα
2968 2922 3186 2976 ἀτονίαν
3245 2925 3673 2997 ἀποδυρόμενον,

2095 3007 2233 3077 μηδέ
2266 3007 2468 3079 πιάνῃς
2511 3008 2643 3062 αὐτὸ
2687 3010 3007 3084 πολυτελείᾳ
3046 3013 3380 3085 βρωμάτων·
3436 3020 3539 3071 ἐὰν
3583 3018 3677 3087 γάρ

400 3092 791 3160 conquerentis
825 3093 896 3146 ob
935 3093 1289 3160 debilitatem,
1332 3111 1431 3150 nec
1491 3095 1622 3150 illud
1677 3095 1968 3168 impinguet

2145 3097 2306 3171 χύσῃ,
2338 3100 2781 3173 ἐπαναστήσεταί
2818 3121 2923 3167 σοι,
2976 3106 3071 3158 καὶ
3120 3105 3364 3177 πόλεμον
3420 3110 3676 3163 ἄσπονδον

394 3191 664 3251 apparatu
717 3183 1014 3237 multorum
1045 3185 1317 3240 ciborum.
1350 3184 1506 3252 Nam,
1543 3187 1587 3241 si
1621 3188 1982 3256 convaluerit,

401 3276 662 3343 impetum
699 3277 750 3330 in
790 3286 840 3331 te
876 3276 1059 3343 faciet,
1087 3281 1432 3349 movebitquc
1466 3282 1754 3337 adversum
1800 3292 1849 3337 te
1875 3284 1985 3338 bel-

402 3366 513 3420 lum
550 3366 912 3436 inexpiabile,
949 3385 1233 3440 usquequn
1272 3373 1510 3428 animam
1550 3383 1696 3430 tuam
1730 3376 1782 3429 in
1815 3377 1987 3431 servi-

404 3467 578 3513 tutem
612 3460 840 3530 redigat,
871 3476 1201 3531 servumque
1271 3472 1324 3518 te
1386 3466 1563 3521 tradat
1630 3467 1985 3537 impudicitia:

401 3551 663 3620 passioui.
694 3551 882 3623 Equus
915 3555 1053 3610 bene
1089 3555 1335 3613 frenatos
1357 3568 1441 3614 est
1463 3575 1664 3630 corpus
1696 3577 1862 3633 egens
1886 3561 1989 3617 ali-

401 3651 608 3708 mento,
657 3660 836 3715 neque
884 3646 1103 3716 dejiciet
1156 3665 1394 3719 unquam
1454 3668 1843 3721 ascensorem;
1900 3654 1990 3710 ille

403 3732 606 3801 quippe
652 3734 795 3788 cedit
834 3732 991 3790 freno
1016 3738 1370 3804 constrictus,
1443 3749 1497 3793 et
1554 3741 1755 3809 auriga:
1801 3741 1988 3794 manui

404 3839 578 3898 paret,
619 3845 825 3899 corpus
856 3841 1035 3887 autem
1068 3833 1233 3906 559
1254 3835 1395 3890 fame
1416 3836 1688 3902 domatur,
1721 3845 1775 3890 et
1804 3836 1989 3906 vigilia

402 3928 457 3973 et
482 3936 585 3974 non
622 3923 793 3977 resilit
823 3923 893 3979 ab
919 3925 1269 3982 inscendente
1299 3927 1645 3997 cogitatione,
1672 3945 1771 3983 nec
1798 3929 1991 3984 adhin-

405 4011 486 4066 nit
519 4024 855 4071 commotum
907 4018 976 4072 ah
1006 4017 1213 4088 impetu
1243 4020 1599 4089 passionibus
1625 4022 1911 4092 implicito.

1027 4132 1451 4205 CAPUTIV.‘

1024 4246 1102 4301 De
1136 4246 1381 4303 luxuria.

475 4357 821 4414 Continentia
863 4362 1277 4431 temperantiam
1312 4364 1472 4433 parit,
1507 4365 1774 4436 ingluvies
1800 4374 1981 4422 autem

2089 3194 2304 3265 κινήσει
2336 3194 2478 3247 κατά
2507 3193 2626 3261 σοῦ,
2654 3195 2760 3259 ἓως
2796 3196 2863 3249 ἂν
2893 3197 3318 3271 αἰχμαλωτεύσῃ
3357 3202 3467 3273 σὴν
3489 3202 3674 3273 ψυχὴν,

2089 3287 2184 3339 καὶ
2210 3286 2395 3340 δοῦλον
2416 3286 2731 3358 παραδώσει
2761 3305 2821 3340 σε
2850 3288 2928 3357 τῷ
2955 3290 3056 3359 τῆς
3078 3290 3343 3361 πορνείας
3371 3294 3673 3349 πάθει.’1τ;-

2089 3394 2191 3439 πος
2229 3377 2461 3448 εὐήνιος,
2491 3377 2672 3440 ἐνδεὲς
2705 3376 2885 3450 σῶμα,
2918 3381 3013 3434 καὶ
3044 3382 3104 3434 ού
3142 3383 3217 3455 μὴ
3247 3385 3565 3439 καταϐαλεῖ
3597 3387 3672 3437 τὴν

2089 3469 2369 3539 ἀναϐάτην
2423 3468 2575 3535 ποτὲ,
2605 3471 2633 3523 ὁ
2666 3470 2765 3540 μὲν
2791 3466 2901 3541 γάρ
2930 3472 3069 3527 εἴκει
3111 3474 3429 3546 ἀγχόμενος
3465 3478 3670 3547 χαλινῷ,

2090 3562 2186 3616 καὶ
2212 3564 2277 3633 τῇ
2309 3562 2454 3633 χειρὶ
2490 3562 2737 3616 πείθεται
2766 3564 2858 3617 τοῦ
2883 3565 3125 3637 ἡνιόχου,
3159 3568 3326 3638 σῶμα
3356 3570 3419 3623 δὲ
3447 3572 3671 3641 δαμάζε-

2089 3672 2178 3708 ται
2209 3656 2266 3706 ἐν
2298 3653 2463 3724 λιμῷ,
2507 3653 2602 3707 καὶ
2633 3655 2933 3727 ἀγρυπνίᾳ,
2979 3657 3072 3711 καὶ
3112 3658 3213 3712 οὐκ
3239 3661 3567 3736 ἀποσκιρτᾷ
3593 3665 3670 3718 τοῦ

2090 3747 2477 3812 ἐπιϐατοῦντος
2510 3748 2794 3818 λογισμοῦ,
2822 3748 2943 3803 οὐδὲ
2992 3753 3315 3823 χρεμετίσει
3361 3757 3673 3828 κινούμενον

2092 3842 2198 3897 ὑπὸ
2227 3844 2404 3915 ὁρμῆς
2435 3844 2461 3895 ἐ
2468 3840 2738 3914 μπαθοῦς.

2725 4136 2978 4190 ΚΕΦΛΛ.
3001 4136 3075 4192 Δ’.

2655 4246 2795 4316 Περὶ
2827 4249 3134 4315 πορνείας.

2162 4352 2529 4432 Σωφροσύνην
2574 4358 2750 4413 τίκτει
2794 4360 3115 4431 ἐγκράτεια,
3150 4367 3580 4436 γαστριμαργία
3605 4365 3669 4430 δὲ,

408 4449 546 4516 gulae
575 4460 745 4505 mater
773 4462 855 4506 est
883 4453 1336 4523 intemperantiae.
1372 4455 1564 4512 Oleum
1608 4460 1783 4514 nutrit
1820 4460 1966 4516 lucer

2145 4448 2282 4519 ήτηρ
2334 4447 2633 4511 ἀκολασίας
2658 4464 2673 4479 ο
2703 4448 2884 4502 ἔλαιον
2916 4450 3109 4520 τρέφει
3154 4450 3430 4521 λαμπάδα
3471 4455 3671 4523 λύχνου,

407 4560 491 4598 nae
528 4544 850 4613 lampadem,
881 4554 933 4600 et
967 4548 1313 4603 conversatio
1390 4550 1680 4605 mulierum
1739 4552 1976 4608 faculam

407 4637 702 4706 voluptatis
734 4639 1006 4695 accendit.
1043 4637 1335 4695 Fluctuum
1372 4640 1632 4696 violentia
1666 4658 1776 4697 non
1845 4644 1985 4700 sub-

409 4728 689 4784 burratam
728 4732 896 4801 agitat
929 4732 1129 4797 navim,
1184 4741 1239 4787 et
1264 4733 1523 4804 cogitatio
1556 4734 1806 4800 luxuriae,
1836 4753 1990 4793 men—

410 4830 517 4874 tem
545 4820 994 4877 incontinentem.
1031 4821 1367 4889 lmpudicitia
1398 4825 1700 4880 satietatem
1747 4836 1990 4882 assumet

410 4912 464 4966 in
515 4911 871 4981 adiutorium,
907 4913 1140 4968 dimittet
1164 4914 1308 4968 enim
1345 4915 1539 4985 ipsam,
1571 4926 1623 4971 et
1656 4918 1822 4972 stabit
1864 4936 1988 4974 cum

408 5007 757 5071 adversariis,
789 5017 843 5061 et
870 5007 938 5061 ad
967 5018 1269 5063 extremum
1311 5024 1418 5063 una
1458 5024 1579 5064 cum
1604 5009 1852 5066 hostibus
1880 5012 1995 5067 hel-

408 5098 521 5151 lum
554 5098 805 5153 sociabit.
837 5097 1210 5154 lnvulneratus
1238 5110 1524 5170 permanet
1552 5102 1621 5156 ab
1653 5088 1859 5158 inimici
1907 5103 1990 5172 ja-

410 5189 571 5255 culis,
604 5190 696 5259 qui
728 5190 905 5261 diligit
933 5191 1193 5260 quietem,
1231 5201 1304 5256 at,
1348 5193 1439 5261 qui
1474 5193 1637 5248 simul
1678 5209 1801 5248 cum
1829 5195 1986 5264 plebe

414 5283 690 5348 miscetur,
719 5283 979 5337 continua
1021 5284 1222 5352 excipit
1252 5285 1496 5339 vulnera.
1545 5284 1779 5340 Obtutus
1830 5285 1989 5340 femi-

416 5388 498 5428 nae.
535 5374 697 5430 telum
732 5384 813 5429 est
841 5390 1047 5430 veneno
1086 5375 1377 5441 imbutum,
1424 5377 1691 5432 sauciavit
1726 5376 1986 5443 animam,

414 5476 469 5521 ct.
498 5468 649 5522 virus
680 5466 896 5533 infudit,
925 5478 977 5523 et
1003 5485 1111 5538 quo
1163 5468 1369 5524 diutius
1398 5470 1678 5539 perdurat,
1710 5485 1776 5525 co
1820 5470 1991 5539 majo-

485 5665 532 5697 “
567 5664 738 5717 Exod.
775 5680 910 5727 xvii,
945 5665 1025 5717 l2.
1106 5666 1145 5696 ⁶²
1176 5664 1333 5737 Ρψν.
1367 5681 1493 5731 xxx,
1532 5666 1615 5721 13.

2096 4541 2192 4593 καὶ
2225 4539 2431 4611 πυρσὸν
2451 4539 2649 4610 ἡδονῆς
2676 4540 2905 4607 ἐξάπτει
2939 4543 3199 4613 συντυχία
3227 4548 3537 4612 γυναικῶν.
3578 4549 3673 4600 Ku-

2100 4633 2285 4703 μάτων
2322 4631 2412 4702 βία
2447 4629 2699 4702 χειμάζει
2739 4632 2925 4686 πλοῖον
2950 4634 3379 4704 ἀνερμάτιστον,
3419 4640 3520 4693 καὶ
3546 4639 3672 4706 λογι-

2098 4727 2232 4798 σμὸς
2268 4727 2546 4795 πορνείας,
2577 4726 2702 4781 νοῦν
2738 4728 2979 4799 ἀκρατῆ.
3032 4729 3270 4799 Πορνεία
3322 4730 3671 4803 συμπαραλὴ-

2094 4819 2257 4889 ψεται
2307 4819 2465 4888 κόρον
2494 4820 2575 4883 είς
2615 4820 2953 4890 συμμαχίαν,
2981 4821 3181 4892 ἀφήσει
3212 4822 3327 4893 γάρ
3366 4824 3557 4886 αὐτὸν,
3594 4823 3670 4874 καὶ

2092 4911 2233 4980 μετά
2253 4909 2361 4962 τῶν
2394 4910 2653 4963 ἐναντίων
2692 4911 2975 4980 στήσεται,
3008 4912 3104 4965 καὶ
3131 4912 3220 4963 ἐπ’
3255 4913 3517 4983 ἐσχάτων
3555 4928 3671 4980 συμ-

2091 5000 2388 5072 πολεμήσει
2436 5002 2549 5063 τοῖς
2582 5001 2817 5073 ἐχθροῖς.
2850 5001 3130 5072 Ἀτρωτος
3155 5001 3414 5073 διαμένει
3451 5004 3559 5057 ἀπὸ
3582 5002 3672 5055 τῶν

2090 5092 2260 5163 βελῶν
2292 5092 2387 5146 τοῦ
2421 5092 2615 5163 ἐχθροῦ
2650 5095 2678 5145 ὁ
2723 5093 2957 5162 ἀγαπῶν
2983 5094 3241 5166 ἡσυχίαν,
3274 5094 3671 5167 συναναμιγνύ-

2097 5203 2255 5256 μενος
2308 5186 2365 5239 δὲ
2412 5186 2600 5257 πλήθει
2675 5190 2921 5257 συνεχεῖς
2967 5187 3179 5258 δέχεται
3230 5190 3479 5261 πληγάς.
3528 5190 3671 5257 Ὀψις

2096 5278 2354 5346 γυναικὸς
2400 5277 2552 5348 βέλος
2593 5278 2709 5330 ἐστὶ
2749 5279 3307 5351 πεφαρμακευμένον,
3337 5281 3550 5351 ἔτρωσε
3588 5278 3670 5347 τὴν

2093 5370 2293 5442 ψυχὴν,
2346 5372 2440 5425 καὶ
2483 5372 2576 5423 τὸν
2628 5369 2704 5423 ἱὸν
2749 5370 3065 5436 ἐναπέθετο,
3116 5372 3211 5426 καὶ
3253 5373 3385 5427 ὅσον
3426 5374 3670 5454 χρονίζει.

2099 5465 2322 5517 πλείονα
2380 5464 2481 5535 τὴν
2542 5463 2704 5533 σῆψιν
2775 5465 3092 5537 ἐργὲἷεται.
3154 5465 3215 5519 '0
3274 5466 3671 5536 φυλασσόμεντς

1696 5668 1742 5699 ⁸³
1776 5665 1948 5727 Exod.
1983 5683 2040 5735 ll,
2084 5666 2167 5733 ll,
2204 5666 2288 5722 1‘2.
