3788 6224
114 308 270 375 1.149

1196 300 1297 364 DE
1328 295 1515 357 OCTO
1536 290 1974 354 SPIRITIBUS
1994 286 2352 351 MALITIIE.

3259 232 3397 334 uso

118 427 307 480 ταῦτα
340 422 407 477 τὰ
438 420 592 492 βέλη,
634 421 694 475 οὐ
734 416 1075 489 παραϐάλλει
1121 413 1467 485 πανηγύρεσι
1499 408 1707 477 πανδή-
1740 410 1774 464 Α

1954 414 2145 460 causat
2174 397 2651 472 putrefactionem.
2691 392 2795 459 Qui
2827 405 2884 445 se
2918 387 3158 445 custodit
3182 386 3250 441 ab
3308 386 3394 440 his

127 535 280 589 μοις,
310 516 430 571 οὐδὲ
459 517 518 569 ἐν
544 516 667 578 ταῖς
695 514 910 583 ἑορταῖς
937 508 1185 579 περιάξει
1215 502 1480 577 κεχηνώς·
1505 501 1713 573 βέλτιον

124 609 244 680 γὰρ
267 607 407 661 οἴκοι
432 606 663 677 μένοντα
691 601 975 675 σχολάζειν
1003 600 1355 672 προσευχαῖς,
1380 596 1413 668 ἢ
1444 595 1608 665 τιμᾷν
1634 609 1715 645 νο·

131 700 368 769 μίξαντα
423 697 525 761 τάς
583 695 798 767 ἑορτὰς,
857 692 1100 763 γίνεσθαι
1158 690 1435 761 πάρεργον
1481 682 1710 756 ἐχθρῶν.

125 790 310 860 Φεῦγε
369 790 661 860 συντυχίαν
692 786 987 857 γυναικῶν,
1042 784 1137 838 ὲάν
1183 782 1345 855 θέλῃς
1393 779 1713 849 σωφρονεῖν,

127 885 233 938 καὶ
286 882 362 954 μὴ
400 882 507 951 δῷς
545 880 855 952 παρρησίαν
890 880 1081 941 αὐταῖς
1121 871 1393 947 θαρρῆσαί
1435 870 1517 923 σοί
1560 885 1715 923 ποτε.

128 975 444 1030 Εύλάὁειαν
474 973 583 1044 γὰρ
610 975 668 1026 ἐν
706 973 899 1044 ἀρχαῖς
928 972 961 1041 ἢ
997 970 1212 1040 ἔχουσιν
1244 968 1277 1039 ἢ
1309 963 1712 1034 ὑποκρίνονται·

128 1068 371 1138 ὕστερον
398 1066 457 1120 δὲ
484 1067 660 1120 πάντα
686 1063 957 1135 τολμῶσιν
981 1062 1212 1124 ἀναιδῶς
1230 1077 1244 1093 ο
1287 1057 1479 1130 πρώτῃ
1522 1071 1717 1108 συντυ-

128 1160 232 1232 χίᾳ
254 1160 318 1211 τὺ
342 1158 565 1229 βλέμμα
594 1158 776 1229 ἔχουσι
806 1157 977 1222 κάτω,
1011 1153 1234 1209 λαλοῦσι
1264 1151 1476 1223 πράως,
1508 1149 1602 1202 καλ⁵
1629 1148 1724 1201 δα-

129 1251 372 1321 κρύουσι
405 1249 728 1321 συμπαθῶς,
760 1248 1188 1320 σχηματίζονται
1220 1244 1454 1315 σεμνῶς,
1486 1242 1580 1295 καὶ⁵
1606 1256 1726 1294 στε-

130 1344 365 1407 νάζουσι
391 1342 587 1413 πικρὰ,
620 1340 865 1413 ὲρωτῶσι
894 1338 1024 1411 περ)⁸
1064 1336 1307 1407 ἁγνείας,
1340 1335 1435 1388 καὶ
1465 1332 1724 1387 ἀκούουσι

132 1434 474 1498 σπουδαίως·
523 1432 777 1505 δεύτερον
830 1430 990 1498 εἶδες,
1027 1432 1123 1484 καὶ
1179 1427 1372 1501 μικρὸν
1431 1427 1726 1481 ἀνένευσαν

132 1529 275 1585 ἄνω·
326 1525 535 1597 τρίτον,
571 1525 665 1578 κα)⁵
694 1523 1055 1597 προσέχουσιν
1082 1519 1336 1582 ἀναιδῶς,
1383 1516 1725 1588 ὲμειδιάσας,

134 1621 402 1672 κάκεῖναι
448 1616 768 1688 κεχυμένως
816 1615 1099 1684 ὲγέλασαψ
1136 1610 1468 1682 κοσμοῦνται
1516 1607 1725 1668 λοιπὸν,

137 1712 238 1763 καὶ
273 1709 641 1764 ὲνδείκνυνταί
676 1726 759 1762 σοι
790 1705 997 1775 σαφῶς,
1051 1703 1271 1774 βλέμμα
1312 1697 1610 1771 μορφοῦσιν
1640 1697 1731 1749 εὐ-

1818 497 1957 560 telis,
2004 511 2112 549 non
2145 494 2210 548 ad
2240 491 2555 560 frequentes
2590 484 2774 555 pepuli
2815 486 3117 536 coavcntus
3172 490 3398 545 progre-

1816 586 1985 651 ditur,
2032 598 2134 638 nec
2189 582 2244 636 in
2301 578 2496 633 diebus
2571 574 2727 629 festis
2776 568 3087 626 circumibit
3147 565 3396 619 inhians:

1816 678 2014 733 melius
2054 683 2138 730 est
2186 672 2332 728 enim
2379 675 2813 723 commorantem
2846 660 2993 717 domi
3022 655 3256 714 orationi
3310 670 3405 707 va-

1819 786 1969 835 care,
2010 783 2197 839 quam,
2239 768 2367 821 dum
2437 764 2709 818 honorare
2748 772 2806 812 se
2852 755 2976 825 quis
3026 758 3178 821 putat
3235 747 3405 802 festas

1820 860 2215 923 solemnitates,
2244 857 2312 911 ad
2342 862 2653 924 susceptum
2688 864 2827 919 opus
2856 844 3206 900 inimicorum
3249 853 3406 893 acce-

1822 953 1971 1008 dere.
2024 949 2374 1004 Feminarum
2405 942 2873 1002 conversationem
2935 936 3078 1005 fuge,
3118 934 3164 989 si
3229 929 3437 999 conti-\

1823 1060 1960 1099 nens
1992 1057 2114 1097 esse
2139 1040 2293 1105 velis,
2327 1052 2504 1107 neque
2558 1035 2653 1090 des
2693 1032 2826 1102 ipsis
2871 1027 3123 1083 fiduciam
3157 1038 3279 1081 sese
3314 1020 3408 1075 tibi

1823 1135 2158 1191 conﬁdentes
2235 1146 2476 1200 unquam
2544 1121 2977 1182 demonstrandi.
3034 1116 3093 1172 ln
3146 1112 3412 1187 principio

1824 1242 2063 1297 namque
2092 1224 2470 1281 reverentiam,
2522 1226 2620 1273 aut
2648 1217 2870 1280 habent,
2907 1221 3003 1267 aut
3039 1209 3330 1273 simulant;
3360 1215 3415 1259 at

1826 1319 2019 1374 deinde
2045 1316 2244 1371 audent
2268 1314 2451 1368 omnia
2482 1310 2846 1380 impudenter.
2887 1302 3101 1359 Etenim
3146 1300 3200 1354 in
3234 1300 3411 1369 prima

1826 1408 2239 1465 conversatione
2284 1405 2493 1459 vultum
2546 1400 2709 1456 ctiam
2758 1397 3071 1457 demittunt,
3134 1398 3418 1445 mansuete

1830 1503 2147 1572 loquuntur;
2167 1497 2333 1571 460
2357 1505 2410 1550 et
2440 1509 2564 1550 cum
2596 1487 2977 1560 compassioue
3018 1484 3416 1554 lacrymantur,

1830 1594 2066 1665 graviter
2113 1591 2451 1658 honesteque
2496 1591 2836 1655 componunt
2865 1578 3132 1640 habitum,
3154 1583 3207 1629 et
3237 1585 3423 1627 amare

1834 1689 2135 1755 suspirant,
2206 1683 2545 1751 interrogant
2609 1678 2677 1731 de
2744 1673 3013 1736 castitate,
3061 1683 3125 1722 ac
3177 1665 3425 1721 studiose

139 1800 576 1871 αγγελιζόμεναι
623 1759 697 1853 τὸ⁷
1194 1759 1586 1854 ’ἀνατείνουση
1636 1788 1735 1841 καὶ
1766 1760 1774 1818 1

1953 1779 2070 1831 iunt
2104 1794 2119 1830 :
2154 1772 2397 1830 secundo
2444 1768 2653 1833 vidisti,
2688 1777 2742 1821 et
2775 1766 2888 1835 jam
2929 1759 3209 1832 paululum
3257 1764 3422 1826 caput

142 1893 582 1964 περιστρέφουσι
613 1891 880 1963 βλέφαρα,
901 1885 1169 1959 γυμνοῦσι
1202 1885 1294 1939 τὸν
1317 1882 1611 1955 τράχηλον,
1642 1880 1736 1934 καὶ

141 1983 259 2054 ὅλῳ
283 1982 363 2052 τῷ
399 1982 614 2053 σώματι
654 1980 1004 2055 θρύπτονται,
1030 1978 1221 2046 λόγους
1265 1974 1485 2029 λαλοῦσι
1525 1974 1739 2045 μαλάσ-

144 2090 348 2136 σοντας
382 2072 443 2125 τὸ
475 2072 669 2135 πάθος,
701 2070 796 2124 καὶ
849 2068 1070 2136 φθέγμα
1119 2062 1497 2132 ἐπιτηδεύουσι
1547 2061 1741 2130 θέλγη-

145 2180 317 2235 στρον
351 2164 542 2233 ἀκοῆς,
579 2162 686 2223 ἕως
718 2160 784 2213 ἂν
812 2157 902 2212 διὰ
942 2157 1160 2211 πάντων
1194 2154 1597 2223 πολιορκήσωσι
1640 2150 1742 2221 τὴν

142 2259 353 2326 ψυχήν.
380 2254 569 2307 Ταῦτα
593 2249 808 2320 γίνεταί
857 2266 941 2303 σοι
992 2248 1262 2315 ἄγκιστρα
1293 2242 1616 2306 δελεάζοντα
1661 2240 1744 2302 είς

146 2347 412 2409 θάνατον,
467 2343 563 2397 καὶ
611 2342 860 2413 θήρατρα
907 2335 1222 2391 πολύπλοκα
1261 2332 1491 2386 ἕλκοντα
1532 2331 1612 2392 εἰς
1641 2330 1744 2383 ἀπ-

145 2438 377 2501 ώλειαν,
413 2437 487 2507 μή
536 2452 595 2489 σε
638 2433 955 2504 πλανήσωσι
1004 2429 1184 2497 λόγοις
1220 2424 1480 2488 ἐπιεικῶς
1534 2440 1746 2494 κεχρη-

151 2534 348 2602 μέναι*
386 2529 762 2600 ὲγκέκρυπται
817 2524 928 2595 γάρ
986 2524 1177 2585 αύταῖς
1230 2519 1309 2583 ίὸς
1356 2519 1594 2589 πονηρὸς
1651 2516 1746 2588 θη-

154 2624 317 2693 ρίων.

1838 1884 2060 1927 sursum
2112 1865 2398 1921 reﬂectunt
2433 1882 2445 1916 :
2499 1860 2692 1925 tertio,
2730 1852 3097 1911 inverecunde
3134 1850 3296 1906 etiam
3341 1856 3428 1901 at-

1840 1961 2109 2018 tendunt:
2161 1957 2360 2012 leniter
2390 1952 2668 2010 suhrisisti
2704 1960 2798 2016 tu;
2834 1948 2941 2003 illa:
2992 1946 3206 2000 hiantes
3260 1936 3430 1995 cﬂuse

1844 2054 2062 2119 rident;
2095 2050 2220 2105 dein
2256 2054 2619 2107 exornantur,
2650 2052 2704 2097 et
2739 2041 2831 2095 tibi
2869 2054 2990 2096 sese
3015 2037 3293 2105 eleganter
3336 2048 3431 2086 os-

1844 2153 2079 2207 tentant,
2106 2142 2356 2197 obtutum
2404 2136 2717 2197 eﬂ’ormaut,
2757 2129 3148 2186 annuutiantes
3180 2124 3430 2179 aﬂ'ectum

1850 2235 2142 2308 supercilia
2178 2232 2420 2301 erigunt,
2452 2239 2505 2283 et
2560 2227 2943 2295 circumagunt
2975 2219 3287 2291 palpebras,
3335 2216 3433 2270 de-

1848 2329 2061 2384 nudant
2102 2325 2327 2389 collum,
2359 2331 2587 2390 totoque
2636 2332 2863 2387 corpore
2910 2311 3145 2385 joculari
3199 2309 3434 2380 quadam

1848 2412 2199 2473 Simulatione
2238 2422 2491 2477 utuntur,
2553 2422 2838 2466 sermones
2885 2406 3220 2475 eloquuntur
3269 2399 3439 2454 emol-

1846 2512 2041 2566 lientes
2084 2507 2363 2571 aﬂ‘ectum,
2399 2513 2455 2559 et.
2489 2501 2825 2558 concinnant
2865 2512 3052 2561 voces,
3090 2494 3154 2547 ad
3188 2491 3436 2546 auditum

1848 2601 2418 2666 mulcendum,'donec
2442 2598 2681 2654 animam
2704 2594 2932 2652 omnino
2963 2596 3294 2662 expugnent.
3314 2586 3443 2640 Haec

151 2717 260 2771 tibi
294 2715 441 2770 hami
472 2712 729 2772 evadunt.
764 2708 1099 2780 decipientes
1152 2706 1221 2761 ad
1257 2712 1508 2769 mortem,
1539 2702 1855 2774 pedicaaque
1910 2699 2238 2769 multiplices
2270 2695 2339 2750 ad
2410 2692 2693 2748 interitum
2762 2687 3077 2748 trahentes;
3148 2696 3217 2736 ne
3275 2689 3327 2733 te
3385 2678 3442 2732 in

150 2825 407 2869 errorem
446 2809 649 2864 ducant
697 2803 953 2874 alloquiis
990 2801 1222 2872 benigne
1270 2808 1504 2861 utentes,
1540 2798 1597 2851 in
1636 2796 1725 2852 his
1763 2794 1908 2850 enim
1943 2791 2241 2860 malignum
2276 2785 2579 2841 belluarum
2630 2788 2714 2834 est
2769 2776 3102 2833 occultatum
3145 2784 3441 2825 venenum.

765 2918 1020 2973 ΚΕΦΑΛ.
1070 2916 1147 2969 Ε’.

238 3043 455 3100 Μᾶλλον
493 3036 863 3113 προσέγγισον
926 3031 1064 3103 πυρὶ
1108 3028 1407 3099 καιομένῳ,
1453 3025 1487 3096 ἦ
1529 3023 1751 3093 γυναικὶ

156 3144 287 3214 νέᾳ,
318 3140 438 3201 νέος
473 3136 550 3190 ῶν
594 3135 691 3187 καὶ
737 3130 922 3193 αὐτός’
963 3128 1103 3198 πυρὶ.Δ
1142 3125 1241 3194 μὲν
1270 3121 1378 3193 γὰρ
1413 3114 1749 3190 προσελθὼν,

160 3206 279 3290 καῖ
300 3230 603 3303 ὀδυνηθεὶς,
638 3226 850 3297 ταχέως
885 3220 1280 3290 ἀποπηδήσεις,
1319 3208 1652 3283 γυναικείοις
1695 3206 1754 3259 δὲ

162 3330 386 3400 ῥήμασι
407 3300 729 3394 χαυνωθεὶς,
754 3319 854 3371 οὐκ
874 3311 1113 3385 εὐχερῶς
1138 3308 1535 3379 ἀναχωρήσεις.
1560 3300 1755 3355 Θάλλει

166 3390 377 3489 ito-sam
403 3390 617 3467 ἑστῶσα
647 3408 778 3478 παρ’
817 3404 992 3466 ὕδατι,
1033 3400 1130 3455 καὶ
1170 3396 1343 3459 πάθος
1371 3390 1666 3454 ἀκολασίας
1698 3391 1757 3441 ἐν

166 3482 438 3578 συντυχίᾳ
467 3499 765 3573 γυναικῶν.
804 3496 862 3550 '0
896 3492 1120 3565 πληρῶν
1157 3488 1423 3559 γαστέρα,
1459 3483 1553 3539 καὶ
1588 3482 1759 3549 ἐπαγ-

164 3572 499 3672 γε).λόμενος
531 3592 851 3665 σωφρονεῖν,
882 3585 1067 3657 ὅμοιός
1094 3584 1212 3636 ἐστι
1238 3579 1315 3650 τῷ
1342 3578 1577 3647 λέγοντι,
1604 3572 1759 3644 χαλι-

166 3662 306 3746 νοῦν
342 3662 528 3758 ,πυρὸς
580 3662 862 3754 ἐνέργειαν
906 3679 964 3730 ἐν
994 3673 1236 3745 καλάμη.
1270 3673 1367 3723 Ὃν
1416 3667 1618 3738 τρόπον
1651 3662 1761 3731 γὰρ

169 3781 357 3853 πυρὸς
400 3755 573 3851 ῥοπὴν
632 3775 689 3828 ὲν
735 3770 963 3840 καλάμῃ
1002 3765 1300 3837 τρέχουσαν
1346 3756 1609 3813 ἀδύνατον
1645 3755 1764 3806 ἐπι-

175 3845 359 3945 σχεῖν,
394 3845 567 3931 οὕτως
592 3864 771 3936 ὁρμὴν
792 3860 1090 3914 ἀκόλαστον
1120 3851 1461 3923 φλεγομένην
1503 3848 1561 3899 ὲν
1617 3845 1766 3913 κόρῳ

174 3965 395 4021 παῦσαι
445 3934 728 4016 ἀδύνατον.
786 3953 985 4014 Στύλος
1032 3944 1375 4017 ἐπερείδεται
1439 3939 1616 4010 βάσει,
1672 3934 1767 3988 καὶ

178 4056 449 4131 πορνείας
504 4051 677 4114 πάθος
732 4040 1147 4101 ὲπαναπαύεται
1215 4036 1382 4106 κόρῳ.
1444 4032 1537 4093 Εἰς
1609 4025 1767 4098 λιμέ-

176 4119 576 4213 ναιὲπείγεται
619 4136 993 4212 χειμαζομένη
1039 4129 1194 4194 ναῦς,
1229 4127 1325 4181 καὶ
1359 4122 1507 4195 ψυχὴ
1548 4119 1767 4189 σώφρο-

180 4260 279 4307 νος
341 4209 589 4307 ἐπιζητεῖ
621 4209 894 4304 έρημίανο
927 4224 1118 4295 φεύγει
1168 4222 1198 4290 ἡ
1248 4218 1347 4289 μὲν
1400 4215 1623 4284 κύματα
1677 4209 1773 4262 θα-

180 4294 399 4403 λάσσης
427 4294 755 4384 ἀπειλοῦντα
792 4294 1056 4381 κίνδυνον,
1084 4317 1118 4386 ἡ
1147 4314 1204 4367 δὲ
1236 4309 1451 4382 μορφὰς
1476 4302 1773 4379 ,γυναικῶν
1810 4318 1852 4373 ι)
1880 4310 1933 4353 et
1958 4294 2139 4350 anima

184 4391 485 4483 ὀδυνοῦσας
538 4414 780 4483 ὄλεθρον.
824 4406 1026 4479 Μορφὴ
1079 4394 1567 4467 κεκαλλωπισμένη
1600 4391 1779 4462 κύμα-

186 4534 288 4581 τος
328 4516 506 4586 χεῖρον
557 4506 786 4580 βυθίζει·
836 4500 930 4554 τοῦ
972 4499 1068 4569 μὲν
1097 4494 1206 4565 γὰρ
1248 4492 1365 4545 ἔστι
1408 4489 1502 4542 καὶ
1530 4483 1779 4555 διανήξα-

194 4579 532 4674 σθαιζπτόθῳ
560 4579 740 4668 ίζωῆς,
774 4592 956 4668 μορφὴ
1006 4590 1065 4644 δὲ
1119 4584 1378 4656 γυναικὸς
1427 4579 1779 4648 ἀπατήσασα,

194 4671 564 4767 καταφρονεῖν
585 4691 765 4745 πείθει
791 4689 885 4741 καὶ
917 4684 1087 4753 αὐτῆς
1123 4682 1222 4750 τῆς
1247 4678 1413 4747 ζωῆς.
1450 4672 1622 4733 Βάτος
1651 4671 1780 4740 ἐρη-

200 4760 675 4868 μικὴ-διαφεύγει
714 4782 887 4850 φλόγα
925 4774 1096 4845 πυρὸς
1120 4767 1395 4831 ἀϐλαϐῶς,
1426 4765 1522 4819 καὶ
1546 4760 1779 4832 σώφρων

197 4851 614 4955 κεχωρισμένος
660 4870 938 4944 γυναικῶν
982 4866 1084 4920 ούκ
1135 4858 1428 4930 ὲφλογίσθη
1486 4851 1783 4912 ἀκολασίας

200 4942 390 5033 mea}
445 4942 635 5041 ῶσπερ
675 4942 788 5035 γὰρ
854 4961 1045 5033 μνήμη
1111 4952 1281 5023 πυρὸς
1337 4950 1421 5041 οὐ,
1457 4946 1602 5000 καίει
1665 4942 1785 5041 διά-

204 5087 387 5135 νοιαν,
453 5034 618 5118 οὕτω⁷
661 5034 781 5114 οῦδὲ
845 5054 1017 5116 πάθος
1084 5046 1291 5118 ἰσχύει,
1367 5039 1443 5113 μὴ
1503 5034 1788 5108 παρούσης

207 5164 368 5231 ὓλης.

207 5261 441 5328 paratus
468 5287 483 5311 ,
534 5262 567 5299 n

213 5312 417 5403 lectum
471 5350 580 5390 non
615 5332 815 5395 exurit,
853 5327 935 5383 sic
975 5334 1154 5392 neque
1198 5315 1341 5371 valet
1392 5312 1602 5383 passio,

820 5436 1072 5495 ΚΕΦΔΛ.
1103 5434 1196 5500 εῖν.

306 5570 436 5624 Ἐάν
469 5567 699 5637 ἐλεήσῃς
733 5560 1014 5626 πολέμιον,
1039 5552 1195 5604 ἔσται
1222 5562 1305 5599 σοι
1334 5539 1550 5612 ἐχθρὸς,
1580 5537 1673 5593 καὶ
1701 5535 1797 5589 ὲάν

224 5665 387 5734 φείσῃ
417 5625 1119 5721 πάθοῦς,“έπαναστήσεταί
1153 5657 1255 5693 σοι.
1274 5635 1595 5689 Ἀκόλαστον
1625 5625 1801 5699 ὲρεθίο

228 5757 311 5822 ζει
342 5753 475 5824 πρὸς
504 5747 693 5822 ἡδονὴν
714 5745 836 5815 ὅτςιις
869 5735 1147 5810 γυναικδς,
1180 5731 1268 5783 τὸν
1301 5727 1355 5782 δὲ
1386 5722 1636 5794 σώφρονα
1665 5719 1802 5773 κινεῖ

2473 2891 2704 2950 CAPUT
2749 2889 2814 2944 V.

1930 3016 2331 3089 Appropinqua
2384 3009 2566 3079 potius
2620 3005 2729 3077 igni
2767 3002 3001 3067 ardenti,
3048 3014 3215 3070 quam
3241 2994 3446 3067 juniori

1861 3109 2099 3173 feminas,
2132 3121 2255 3161 cum
2290 3110 2345 3158 et
2370 3102 2485 3171 ipse
2509 3099 2587 3155 sis
2612 3097 2974 3161 adolescens;
3015 3107 3139 3147 nam
3182 3090 3245 3145 ad
3266 3090 3445 3160 ignem

1860 3202 2079 3272 quidem
2105 3196 2391 3259 accedens,
2463 3191 2815 3258 doloremque
2874 3185 3141 3248 sentiens,
3199 3181 3449 3238 celeriter

1862 3293 2093 3355 resilies,
2132 3285 2495 3343 muliebribus
2518 3295 2702 3349 autem
2753 3279 2937 3334 verbis
2968 3278 3247 3337 delinitus,
3305 3271 3451 3329 haud

1864 3386 1938 3439 ita
1972 3382 2131 3437 facile
2162 3379 2406 3435 recedes.
2453 3376 2640 3431 Floret
2672 3374 2836 3427 herba
2872 3386 3070 3442 propre
3101 3384 3296 3438 aquam
3316 3368 3450 3432 sita,

1864 3483 1917 3528 et
1945 3471 2127 3542 passio
2175 3463 2615 3537 intemperantiae
2652 3462 2708 3517 in
2746 3460 3025 3516 consortio
3064 3455 3316 3519 feminae;
3357 3452 3450 3521 qui

1866 3574 2109 3622 ventrem
2156 3560 2377 3630 implet,
2420 3556 2693 3625 simulque
2758 3558 3149 3620 temperantem
3177 3562 3237 3603 se
3266 3560 3454 3616 gerere

1867 3658 2173 3728 proﬁtetur,
2203 3648 2498 3722 persimilis
2521 3655 2607 3702 est
2633 3642 2919 3705 asserenti,
2949 3655 3006 3695 se
3043 3637 3259 3693 frenare
3305 3634 3450 3705 ignis

1870 3747 2121 3805 effectum
2161 3746 2215 3798 in
2243 3743 2481 3813 stipula;
2515 3756 2641 3795 nam
2671 3737 2811 3793 sicut
2851 3733 2991 3805 ignis
3047 3728 3454 3795 devergentiam

1874 3840 1925 3891 in
1958 3835 2154 3905 stipula
2189 3832 2548 3888 cursitantem
2590 3826 2736 3881 haud
2780 3823 2977 3879 sistere
3015 3832 3330 3888 possumus,
3374 3814 3455 3869 sic

1874 3931 2136 3999 impetum
2173 3926 2619 3993 intemperantem
2654 3919 2706 3973 in
2749 3915 3000 3972 satietate
3061 3909 3456 3965 inﬂammatum

1875 3996 2113 4073 retinere
2144 4024 2229 4071 est
2258 4010 2615 4083 impossibile.
2643 4006 2909 4062 Columna
2955 4000 3072 4055 basi
3107 3996 3381 4059 innititur,
3403 4002 3461 4047 et

1877 4109 2109 4165 luxuria:
2139 4107 2322 4175 passio
2345 4104 2401 4158 in
2431 4101 2726 4158 securitate
2754 4092 3114 4163 conquiescit.
3140 4088 3302 4144 Navis
3330 4098 3463 4141 tem-

1878 4213 2085 4276 pestate
2112 4199 2329 4261 aﬂlicta,
2363 4196 2428 4250 ad
2460 4202 2677 4265 portum
2711 4189 2911 4243 festino
2954 4183 3124 4256 gradu
3157 4178 3459 4244 contendit,

2188 4288 2348 4361 461
2403 4284 2585 4358 pudici
2659 4279 2893 4353 requirit
2937 4274 3330 4331 solitudinem:
3376 4269 3464 4323 fu-

1876 4392 1953 4462 git
1981 4388 2069 4442 illa
2096 4383 2316 4455 quidem
2351 4380 2521 4436 maris
2556 4378 2757 4440 undas,
2792 4372 3095 4445 periculum
3122 4366 3463 4423 comminan-

1878 4495 1997 4548 tcs;
2046 4480 2150 4534 ista
2173 4491 2304 4530 vero
2337 4472 2659 4528 feminarum
2690 4468 2897 4522 formas
2925 4464 3150 4518 exitium
3181 4474 3305 4515 cum
3356 4456 3463 4511 do-

1877 4575 1991 4631 lore
2034 4572 2328 4644 parientes.
2372 4566 2569 4621 Forma
2599 4569 2888 4622 exornata,
2920 4558 3230 4624 decoreque
3269 4549 3459 4605 excul-

1878 4678 1931 4721 ta
1960 4642 2112 4736 pejus
2157 4662 2354 4735 quovis
2378 4659 2543 4714 ﬂuctu
2573 4657 2629 4710 in
2665 4652 3001 4726 profundum
3038 4642 3305 4712 demergit
3332 4655 3465 4708 gur-

1880 4728 2046 4830 gitem
2074 4774 2090 4822 ;
2119 4728 2351 4810 et'hunc
2384 4749 2603 4819 quidem
2638 4742 2905 4811 contingit
2932 4745 2993 4792 ut
3028 4735 3173 4806 quis,
3225 4745 3336 4802 prae
3367 4728 3467 4783 de-

1892 4851 2095 4908 siderio
2126 4848 2271 4904 vitze.
2304 4842 2541 4898 natando
2571 4841 2952 4908 pertranseat;
3014 4826 3226 4899 species
3285 4830 3467 4876 autem

1895 4937 2141 4994 mulieris
2190 4931 2529 5002 decipienda,
2602 4929 2776 4996 ipsam
2837 4934 3057 4991 quoque
3116 4915 3281 4968 vitam
3340 4926 3472 4963 cun-

1896 5042 2141 5085 temnere
2227 5021 2542 5094 persuadet.
2621 5012 2913 5071 Solitarius
2968 5007 3141 5062 rubus
3192 5003 3470 5056 ﬂammam

1896 5121 2037 5192 ignis
2079 5118 2196 5174 sine
2262 5129 2400 5169 noxa
2435 5109 2640 5180 cﬂ'ugit,
2680 5115 2735 5162 et
2776 5103 3009 5176 pudicus
3050 5115 3079 5153 a
3136 5093 3355 5151 feminis
3385 5106 3475 5145 sea

574 5260 645 5299 on
695 5240 1069 5297 inﬂammatus
1133 5236 1217 5284 est
1258 5216 1692 5291 inteniperantire
1727 5213 2017 5283 passione;
2080 5202 2541 5280 quemadmodum
2592 5197 2740 5253 enim
2803 5189 3065 5249 memoria
3120 5185 3262 5257 ignis
3312 5179 3476 5237 intel-

1668 5321 1793 5363 cum
1832 5301 2059 5359 materia
2089 5315 2197 5355 non
2227 5294 2387 5351 adsit.

2490 5399 2718 5459 CAPUT
2767 5397 2857 5451 Vl.

1977 5526 2035 5581 Si
2061 5521 2369 5580 miserearis
2415 5514 2718 5579 bellatoris,
2784 5510 2889 5567 erit
2941 5508 3035 5562 ιιὺί
3085 5504 3281 5567 hostis,
3325 5502 3480 5570 sique

1909 5616 2149 5692 passioni
2229 5609 2557 5685 peperceris,
2617 5604 2908 5660 adversum
2977 5609 3031 5654 te
3079 5598 3341 5665 insurget.
3392 5591 3481 5645 ln-

1910 5680 2313 5783 lcmperantenr
2347 5705 2413 5759 ad
2448 5701 2785 5771 voluptatem
2821 5693 2997 5750 irritat
3028 5698 3281 5760 aspectus
3326 5680 3483 5759 femi-
