3788 6224
443 204 575 276 1151

429 415 473 468 si
507 417 693 485 passio
743 421 796 476 in
847 434 1356 496 conversationibus
1388 445 1681 504 mulierum
1739 458 2001 527 conquie-

430 514 566 570 scat,
624 525 693 564 ne
735 516 924 573 credas
955 520 1055 592 ipsi
1095 525 1382 586 aﬂ‘ectuum
1422 539 1742 596 vacuitatem
1775 549 2003 614 promit-

425 598 581 652 tenti.
607 599 770 658 Canis
801 623 1036 684 namque
1066 618 1292 674 caudam
1326 637 1506 682 movet
1537 598 1913 702 adblandiens,
1937 655 2002 696 eo

415 689 568 756 quod
611 696 794 764 populi
849 703 1194 765 umltitudine
1247 713 1317 767 sit
1366 715 1608 785 inl'erior,
1671 724 1818 782 foras
1873 746 2002 786 vero

422 783 723 847 procedens
755 793 1029 860 propriam
1058 797 1399 859 demonstrat
1435 783 1719 868 malitiam.
1768 815 1999 884 Quando

424 871 642 930 feminae
703 874 1006 941 recordatio
1052 894 1399 958 passionibus
1445 903 1646 968 percita
1702 922 1808 960 non
1878 912 1999 976 erit,

365 972 374 978 '
422 973 551 1020 tunc
581 980 729 1037 puta,
779 983 829 1027 te
883 975 948 1031 ad
999 981 1272 1046 pudicitia:
1339 991 1601 1048 terminos
1665 1001 1996 1064 pervenisse.

419 1055 653 1123 Quando
685 1080 824 1120 vero.
852 1067 1024 1137 ipsius
1053 1073 1256 1146 elligies
1289 1087 1339 1133 te
1369 1083 1432 1136 ad
1483 1090 1856 1154 spectationen
1909 1111 2002 1148 ex-

417 1149 570 1220 citet,
596 1153 824 1230 cjusque
847 1159 1034 1229 jaeula
1077 1171 1226 1224 tuam
1263 1176 1729 1241 comprehendant
1755 1185 1994 1242 animam

419 1247 549 1294 tunc
595 1259 842 1312 censeas,
899 1261 950 1306 te
993 1269 1116 1309 esse
1152 1267 1308 1314 extra
1362 1263 1639 1321 virtutem.
1678 1269 1874 1328 Verum
1903 1293 2000 1331 ne-

415 1345 522 1398 que
553 1332 632 1388 sic
658 1336 1034 1405 hujuscemodi
1071 1348 1496 1417 cogitationibus
1528 1358 1867 1428 immorer-is,
1898 1384 1998 1423 nec

413 1421 598 1480 diutus
638 1443 760 1482 cum
790 1429 966 1488 forma
1027 1440 1273 1498 mulieris
1301 1457 1481 1502 mente
1515 1452 1882 1526 colloquaris;
1916 1471 1999 1516 est

412 1514 558 1570 enim
616 1523 818 1576 reverti
852 1527 1011 1582 solita
1041 1533 1246 1600 passio,
1279 1548 1334 1591 et
1363 1556 1534 1612 prope
1575 1546 1741 1602 habet
1774 1555 1988 1620 pericu-

410 1602 544 1660 lmn.
597 1609 1063 1675 Quemadmodum
1097 1639 1331 1694 namque
1375 1633 1654 1690 moderata
1690 1642 1991 1702 ceuﬂatura

407 1693 570 1772 462
620 1701 759 1772 ignis

409 1795 652 1860 tempore
701 1800 1003 1868 manserit,
1039 1803 1199 1862 facile
1238 1826 1455 1882 quoque
1479 1817 1760 1888 disperdit,
1795 1826 1868 1882 ita
1891 1846 1990 1899 pu-

410 1875 588 1899 ,ιε...-Δ
639 1881 652 1899 ι

407 1875 592 1932 ιίἱοιιιη
638 1881 884 1942 habitum
946 1875 1271 1968 corrumpit—
1303 1902 1547 1962 insidens
1579 1910 1796 1970 diutino
1853 1875 1990 1975 tetih-

405 1982 538 2037 pore
579 1974 893 2046 imaginatio
920 1985 1160 2044 mulieris
1197 2009 1210 2046 :
1249 2009 1349 2050 nec
1378 1997 1585 2055 diutius
1642 2019 1768 2059 cum
1822 2025 1986 2081 appa-

406 2064 546 2114 renti
580 2065 730 2121 vultu
766 2078 1133 2143 converseris,
1179 2099 1248 2138 ne
1286 2085 1341 2140 in
1370 2096 1420 2142 te
1458 2089 1733 2150 ﬂammam
1789 2115 1985 2159 accen-

403 2150 496 2206 dat
523 2154 786 2227 libidinis,
819 2166 1123 2238 animaeque
1163 2183 1270 2231 tuae
1299 2182 1587 2239 comburat
1608 2201 1830 2259 aream;
1861 2198 1988 2266 quia

399 2244 543 2300 sicut
573 2249 807 2308 scintilla
860 2257 1162 2320 immorans
1229 2268 1284 2324 in
1340 2273 1510 2341 paleis

401 2339 780 2406 cupiditatem.

995 2445 1225 2502 CAPUT
1271 2451 1380 2508 VII.

993 2534 1070 2590 De
1110 2543 1360 2598 avaritia.

467 2615 728 2683 Avaritia,
774 2624 1037 2682 malorum
1069 2633 1313 2689 omnium
1376 2640 1535 2696 radix
1566 2656 1668 2710 est,
1703 2650 1982 2718 nutritque

397 2715 654 2776 tauquam
686 2714 953 2780 malignos
1004 2737 1187 2802 ramos
1248 2729 1488 2799 reliquas
1549 2739 1854 2806 passiones,
1886 2759 1980 2798 ne-

391 2810 498 2863 que
528 2801 789 2855 exsiccari
824 2801 982 2871 siuet,
1017 2827 1139 2881 quae
1170 2814 1470 2876 ﬂoruerunt
1521 2841 1586 2879 ex
1655 2829 1800 2897 ipsa.
1871 2833 1975 2899 Qui

392 2886 508 2940 vult
545 2890 828 2956 passiones
853 2899 1188 2969 exscindere,
1217 2907 1450 2964 radicem
1487 2917 1808 2987 exscindat;
1850 2939 1974 2978 nam

391 2991 753 3044 permanente
785 2990 1014 3045 avaritia
1069 2999 1112 3048 si
1163 3013 1349 3072 ramos
1395 3018 1662 3074 amputet,
1702 3013 1835 3066 nihil
1883 3017 1974 3084 ju-

389 3083 411 3118 \
427 3076 502 3134 at,
517 3073 764 3138 quamvis
788 3080 932 3134 enim
958 3083 1368 3157 abscindantur,
1389 3099 1569 3151 statim
1598 3101 1963 3160 reﬂorescent.

391 3155 706 3229 Ilmrachus,
747 3167 839 3235 qui
879 3172 1042 3226 multa
1075 3155 1641 3254 possidet,na\~'igimn
1677 3180 1970 3247 estniultis
1998 3190 2040 3246 C

389 3260 676 3317 gravatum
717 3260 999 3320 oneribus.
1041 3277 1094 3318 et
1128 3266 1182 3319 in
1225 3272 1492 3325 undarum
1523 3285 1844 3346 tempestate
1894 3281 1975 3337 la-

389 3341 493 3398 cile
526 3344 928 3418 submergitur;
958 3355 1101 3420 sicut
1128 3360 1273 3414 enim
1311 3367 1482 3430 navis,
1510 3368 1665 3437 cujus
1725 3376 1971 3430 exundat

389 3435 627 3500 sentina,
665 3453 695 3492 a
735 3443 978 3508 quolibet
1028 3452 1295 3515 perluitur
1340 3454 1526 3521 ﬂuctu,
1577 3435 1656 3514 sic
1680 3463 1773 3531 qui
1804 3466 1968 3520 multa

385 3528 650 3592 possidet,
691 3532 1151 3597 sollicitudinibus
1215 3546 1603 3618 submergitur.
1670 3528 1970 3616 Monachus

383 3616 596 3684 alisque
645 3625 1012 3693 possessione,
1063 3623 1241 3688 viato'r
1300 3647 1385 3693 est
1436 3644 1740 3712 expeditus,
1806 3647 1969 3720 inque

385 3710 532 3762 omni
562 3712 680 3767 loco
697 3715 1054 3775 diversorium
1087 3725 1310 3781 invenit.
1349 3729 1676 3803 Monachus,
1713 3741 1807 3809 qui
1831 3741 1966 3797 nihil

383 3801 661 3867 possidet,
713 3820 795 3863 est
840 3812 1021 3880 aquila
1080 3817 1145 3869 ad
1206 3820 1455 3877 sublimia
1504 3801 1812 3894 pervolans,
1869 3834 1964 3902 qui

382 3898 515 3946 tunc
544 3908 667 3950 sese
695 3899 876 3955 volatu
938 3905 1004 3959 ad
1040 3908 1360 3966 alimentum
1422 3916 1673 3986 demittit,
1739 3927 1958 3991 quando

381 3987 683 4042 necessitas
719 3996 978 4061 coegerit.
1013 3997 1112 4053 Hic
1162 4002 1287 4058 talis
1346 4009 1493 4061 omni
1556 4022 1638 4065 est
1698 4016 1964 4072 excelsior

380 4076 702 4143 tentatione,
736 4081 943 4140 deridet
989 4092 1300 4157 przesentia,
1357 4104 1410 4150 et
1457 4099 1708 4157 sublimis
1759 4107 1963 4160 attolli-

379 4170 490 4227 tur,
524 4171 728 4226 recedit
757 4190 786 4227 a
844 4181 1107 4246 terrenis,
1136 4195 1191 4238 et
1229 4202 1353 4241 eum
1395 4194 1669 4260 supernis,
1708 4212 1803 4252 seu
1847 4214 1960 4254 ete-

381 4256 608 4316 lestibus
659 4279 1040 4338 conversatur,
1100 4275 1269 4331 levem
1320 4256 1522 4351 quippe
1574 4295 1751 4354 gestat
1809 4289 1952 4344 alam

375 4348 541 4422 563
588 4357 846 4428 eurisque
914 4365 1143 4422 minime
1195 4385 1624 4441 praegravatam;
1677 4379 1957 4436 tribulatio

380 4448 713 4511 supervenit,
755 4453 921 4507 cessit
953 4454 1068 4524 ipse
1103 4458 1223 4514 loco
1255 4463 1465 4533 absque
1501 4484 1772 4524 nuerore:
1807 4487 1955 4528 mors

379 4535 728 4605 adventavit;
765 4551 819 4596 et
849 4560 1008 4614 zequo
1039 4551 1242 4606 secedit
1267 4555 1469 4620 animo,
1509 4559 1636 4627 quia
1679 4561 1810 4616 nulli
1845 4573 1955 4616 ter—

378 4641 509 4682 reno
542 4631 757 4686 vinculo
793 4636 1029 4692 animam
1059 4641 1326 4711 alligavit.
1342 4645 1443 4712 Qui
1477 4665 1602 4703 vero
1637 4654 1803 4708 multa
1837 4670 1966 4723 pos-

377 4717 533 4782 sidet,
582 4723 1054 4797 sollicitudinibus,
1087 4735 1242 4801 quasi
1278 4739 1635 4806 compedibus
1695 4745 1953 4802 astrictus

374 4819 480 4874 est,
523 4820 579 4867 et
616 4816 764 4871 velut
794 4822 948 4876 canis
993 4823 1302 4881 devincitur
1349 4839 1560 4899 catena,
1624 4837 1778 4904 sique
1818 4839 1955 4892 emi-

375 4916 532 4970 grare
559 4919 806 4975 cogatur,
840 4917 1250 4981 posscssionum
1285 4924 1776 5011 memorias,grave
1812 4946 1951 4986 onus

376 4991 732 5068 inutilemque
763 5002 1076 5064 circumfert
1102 5011 1420 5080 tristitiam;
1464 4992 1651 5074 dolore
1690 5025 1951 5093 puugitur

375 5085 539 5157 inque
566 5103 742 5148 mente
772 5099 1122 5157 vehementer
1154 5107 1405 5177 angitur:
1456 5125 1587 5180 opes
1626 5115 1851 5182 dimisit,
1897 5128 1952 5172 et
1988 5128 1996 5137 '

372 5176 672 5250 ﬂagellatur
703 5204 956 5247 maerore.
1010 5195 1176 5266 Sique
1209 5215 1357 5255 mors
1403 5208 1799 5274 supervenerit,
1848 5211 1950 5264 mi-

375 5271 680 5327 serabiliter
711 5277 936 5334 dimittit
983 5287 1289 5353 praesentia,
1340 5271 1519 5345 reddit
1573 5295 1834 5362 animam,
1895 5307 1950 5354 et

371 5359 593 5415 oculum
626 5379 734 5418 non
765 5371 959 5425 avertit
985 5386 1017 5425 a
1055 5378 1324 5445 negotiis;
1360 5383 1560 5439 invitus
1606 5389 1862 5451 trahitur,
1891 5401 1950 5445 ut

375 5447 660 5521 fugitivum
693 5461 1047 5530 mancipium,
1103 5468 1367 5525 dividitur
1401 5488 1429 5526 a
1489 5490 1741 5557 corpore,
1801 5489 1856 5536 et
1914 5499 1946 5538 a

372 5542 533 5595 rebus
568 5560 673 5598 non
706 5563 1034 5620 separatur;
1068 5561 1240 5630 magis
1273 5577 1398 5619 eum
1428 5548 1705 5625 detineute
1729 5574 1941 5644 passio-

372 5641 465 5694 ne,
499 5645 662 5700 quam
697 5637 937 5698 detinere
963 5645 1194 5717 soleant,
1229 5654 1320 5722 qui
1353 5657 1655 5714 attrahunt.

1915 258 1976 320 S.
2010 261 2176 326 NILI

430 334 534 379 ure,
585 323 842 391 pudicum
873 343 1002 385 vero
1024 336 1225 395 excitat
1254 343 1322 399 ad
1359 344 1529 403 Deum
1557 351 2010 430 glorilicandum;

2155 372 2259 442 τρὸς
2295 375 2606 447 δοξολογίαν
2649 382 2784 437 Θεοῦ
2811 402 2824 414 ·

801 1721 1087 1779 argentum
1137 1731 1422 1790 expurgat,
1471 1742 1592 1794 qua)
1619 1746 1750 1786 vero
1776 1735 1988 1794 diutino
2022 1725 2062 1779 Β
2089 1750 2311 1822 ἐγχρονί

2885 386 2978 440 ἐάν
3009 389 3264 463 ἠρεμήσῃ
3306 393 3366 446 τὸ
3407 394 3587 459 πάθος
3642 401 3693 450 ἐν

2114 466 2432 538 συντυχίαις
2475 475 2770 539 γυναικῶν,
2806 477 2881 548 μὴ
2907 481 3208 554 πιστεύσῃς
3238 484 3388 553 αὐτῷ
3423 487 3692 543 ἀπάθειαν

2107 555 2584 635 ἐπαγγελλομένῳ.
2623 568 2734 621 Καὶ
2772 570 2880 638 γὰρ
2929 572 3074 626 κύων
3120 575 3292 629 σαίνει
3336 577 3438 647 μὲν
3484 579 3691 635 ἀπολει-

2106 649 2262 718 φθεὶς
2292 653 2454 726 ὄχλῳ,
2487 656 2590 722 ἔξω
2613 661 2670 714 δὲ
2698 663 2996 732 προελθὼν,
3023 666 3122 736 τὴν
3149 669 3360 722 οἰκείαν
3390 672 3692 727 ἐπιδείκνυ-

2106 759 2199 798 ται
2230 749 2518 820 πονηρίαν.
2548 752 2716 806 ’Ὀταν
2748 757 3008 822 γυναικὸς
3055 761 3243 831 μνήμη
3291 763 3526 832 γένηται
3557 767 3689 819 ἀπα-

2106 833 2235 898 θῶς,
2265 838 2389 892 τότε
2423 841 2611 910 νόμιζε
2632 847 2740 901 τῶν
2767 849 2910 916 ὅρων
2933 850 3322 921 ἐπιϐεϐηκέναι
3351 857 3456 926 τῆς
3485 875 3690 928 σωφρο-

2107 924 2293 994 σύνης.
2322 930 2451 984 Ὅτε
2482 934 2538 987 δέ
2573 953 2630 988 σε
2667 938 2727 991 τὸ
2751 942 2973 995 εἴδωλον
3007 945 3177 1013 αὐτῆς
3211 946 3306 999 ἐπὶ
3348 924 3595 1020 θεωρίαν
3610 924 3689 1004 -διο

2099 1019 2330 1089 εγείρει,
2361 1026 2453 1076 καὶ
2481 1027 2550 1078 τά
2575 1029 2699 1100 βέλη
2733 1033 2904 1101 αὐτῆς
2937 1034 3036 1104 τὴν
3074 1037 3252 1108 ψυχήν
3287 1057 3381 1092 σου
3412 1044 3687 1112 περιλαμ-

2102 1109 2348 1178 ϐάνουσι,
2385 1117 2508 1171 τότε
2559 1121 2750 1192 νόμιζε
2794 1124 2899 1192 ἔξω
2944 1124 3081 1181 εἶναι
3115 1131 3214 1200 τῆς
3263 1133 3495 1203 ἀρετῆς.
3539 1133 3686 1186 Ἀλλὰ

2103 1203 2239 1271 μηδὲ
2293 1206 2471 1272 οὕτως
2523 1213 2848 1288 ὲγχρονίσῃς
2895 1222 3008 1284 τοῖς
3060 1223 3322 1286 τοιούτοις
3380 1224 3684 1295 λογισμοῖς,

2103 1292 2239 1362 μηδὲ
2273 1296 2367 1348 ἐπὶ
2399 1299 2533 1359 πολὺ
2575 1303 2719 1356 κατά
2759 1305 2998 1361 διάνοιαν
3043 1312 3466 1383 προσομιλήσῃς
3509 1319 3683 1386 μορφῇ

2099 1388 2378 1453 γυναικὸς,
2403 1391 2518 1446 ἔστι
2551 1395 2662 1466 γὰρ
2692 1399 3126 1469 φιλυπύστροφον
3151 1403 3213 1457 τὸ
3244 1404 3439 1469 πάθος,
3473 1409 3573 1460 καὶ
3603 1409 3682 1460 τὸν

2099 1476 2344 1534 κίνδυνον
2376 1483 2489 1555 ἔχει
2517 1488 2704 1556 ἐγγύς.
2737 1493 2949 1565 Ὥσπερ
2979 1497 3088 1565 γὰρ
3132 1499 3165 1566 ἡ
3220 1497 3547 1569 σύμμετρος
3585 1519 3680 1569 κω-

2097 1565 2216 1620 νεία
2250 1571 2505 1644 καθαίρει
2542 1579 2636 1632 τὸν
2669 1580 2930 1653 ἄργυρον,
2963 1587 2994 1655 ή
3030 1586 3086 1639 δὲ
3128 1587 3219 1640 ἐπὶ
3251 1586 3388 1640 πολὺ
3445 1589 3548 1640 καὶ
3582 1590 3682 1641 ἀπ-

2098 1657 2313 1715 όλλυσιν
2345 1666 2608 1738 εὐχερῶς,
2648 1671 2822 1738 οὕτως
2857 1676 2970 1742 ἕξιν
3010 1679 3354 1748 σωφρονικὴν
3375 1679 3680 1750 διαφθείρει

2315 1755 2482 1818 ζουσα
2537 1765 2808 1829 φαντασία
2867 1770 3158 1835 γυναικός·
3213 1771 3349 1840 μηδὲ
3398 1771 3502 1824 ἐπὶ
3556 1774 3679 1823 πολὺ

2091 1844 2506 1918 προσομιλήσῃς
2545 1851 2622 1920 τῷ
2659 1854 2883 1922 φανέντι
2921 1858 3217 1928 προσώπῳ,
3253 1859 3341 1912 ἵνα
3371 1860 3452 1929 μὴ
3509 1860 3679 1931 ἀνάᾇῦ

2087 1931 2147 1984 ἐν
2178 1934 2261 1988 σοὶ
2285 1937 2481 2008 ἡδονῆς
2512 1942 2707 2010 φλόγα,
2731 1947 2827 1999 καὶ
2855 1949 3116 2021 ἐμπρήσῃ
3145 1949 3330 2004 ἅλωνα
3355 1953 3460 2021 σῆς
3487 1953 3679 2021 (Pure:

2087 2021 2279 2096 ὥσπερ
2311 2029 2418 2101 γὰρ
2438 2034 2674 2107 σπινθὴρ
2705 2038 2763 2090 ὲν
2788 2038 3014 2109 ἀχύροις
3036 2040 3291 2111 χρονίσας
3315 2043 3534 2112 ἐγείρει
3561 2044 3680 2113 φλὸ-

2085 2132 2178 2185 γα,
2231 2118 2374 2174 οὕτω
2431 2128 2619 2198 μνήμη
2660 2134 2918 2198 γυναικὸς
2973 2135 3369 2204 παραμένουσα
3458 2137 3682 2203 ἐξάπτει

2699 2491 2952 2550 ΚΕΦΑΛ.
2990 2497 3064 2550 Ζ’.

2583 2583 2722 2648 Περὶ
2750 2588 3167 2655 φιλαργυρίας.

2155 2663 2493 2736 Φιλαργυρία
2550 2671 2766 2724 πάντων
2826 2677 2944 2728 ἐστὶ
3001 2677 3128 2746 ῥίζα
3165 2679 3274 2732 τῶν
3329 2683 3554 2750 κακῶν,
3593 2687 3680 2739 καὶ

2084 2756 2273 2826 τρέφει
2304 2758 2378 2819 ὡς
2408 2760 2634 2825 κλάδους
2661 2769 2929 2835 πονηροὺς
2967 2769 3036 2822 τὰ
3057 2771 3218 2827 λοιπά
3245 2774 3420 2843 πάθη,
3460 2779 3564 2830 καὶ
3586 2779 3678 2829 οὐκ

2083 2847 2283 2919 ἀφήσει
2325 2853 2654 2924 ξηρανθῆναι
2693 2859 2762 2912 τὰ
2793 2859 2853 2925 ἐξ
2883 2862 3056 2930 αὐτῆς
3086 2864 3426 2936 ἀνθήσαντα.
3468 2870 3530 2924 '0
3566 2871 3680 2940 βασι

2081 2940 2306 3010 λόμενος
2335 2945 2556 3000 κύπτειν
2583 2947 2754 3018 πάθη,
2792 2951 2892 3022 τὴν
2925 2951 3081 3022 ῥίζαν
3112 2956 3461 3011 ἐκκοπτέτω’
3498 2962 3676 3028 μενού-

2082 3049 2183 3100 σης
2215 3035 2322 3104 γὰρ
2351 3037 2712 3107 φιλαργυρίας
2744 3041 3050 3112 ὲπιτέμνων
3095 3046 3223 3109 τοὺς
3264 3047 3501 3112 κλάδους
3535 3051 3676 3103 οὐδὲν

2078 3121 2299 3191 ὠφελεῖ,
2360 3125 2467 3179 κᾶν
2521 3128 2632 3198 γὰρ
2682 3129 3018 3195 ὲκκοπῶσιν,
3062 3133 3226 3197 εὐθὺς
3273 3137 3670 3209 ὲπανθήσονσι.

2080 3217 2326 3280 Πολυκτή
2339 3236 2454 3286 μων
2488 3221 2742 3292 μοναχὸς,
2779 3225 3212 3294 πεφορτισμένον
3247 3226 3466 3292 πλοῖον,
3495 3232 3591 3282 καὶ
3621 3234 3672 3284 ἐν

2076 3306 2212 3378 ζάλῃ
2258 3310 2519 3378 κυμάτων
2573 3312 2813 3382 εὐχερῶς
2865 3315 3285 3387 καταδυόμενον·
3332 3319 3536 3391 ὥσπερ
3573 3322 3669 3395 γάρ

2076 3400 2407 3472 ὑπέραντλος
2437 3403 2566 3467 ναῦς
2614 3405 2703 3473 ὑφ’
2733 3405 2962 3460 ἑκάστου
2993 3407 3237 3478 κύματος
3286 3411 3664 3481 βασανίζεται,

2073 3489 2215 3543 οὕτω
2239 3492 2605 3564 πολυκτήμων
2631 3499 2752 3559 ταῖς
2782 3500 3032 3568 φροντίσι
3061 3500 3407 3572 ὑποϐρύχιος
3440 3507 3664 3573 γίνεται.

2084 3577 2249 3650 Ἀκτή
2259 3599 2372 3650 μων
2404 3584 2657 3653 μοναχὸς,
2681 3586 2960 3660 ὁδοιπόρος
2980 3589 3269 3662 εὐσταλὴς,
3296 3595 3402 3648 καὶ
3425 3598 3486 3648 ὲν
3513 3598 3665 3650 παντὶ

2069 3670 2218 3740 τόπῳ
2254 3674 2526 3745 εὑρίσκων
2557 3678 2868 3749 κατάλυμα.
2913 3683 3203 3753 Ἀκτήμων
3239 3689 3489 3759 μοναχὸς
3517 3691 3664 3753 ἀετὸς

2070 3763 2359 3833 ὑψιπέτης.
2407 3768 2527 3820 τότε
2579 3770 2984 3842 καθιπτάμενος
3030 3775 3122 3827 ἐπὶ
3168 3778 3410 3847 τροφὴν,
3460 3782 3590 3834 ὅταν
3631 3783 3658 3850 ἡ

2067 3855 2225 3926 χρεία
2277 3857 2458 3928 βιάσῃ.
2512 3860 2719 3923 Παντὸς
2778 3863 3089 3933 πειρασμοῦ
3140 3867 3167 3918 ὁ
3221 3870 3479 3932 τοιοῦτός
3523 3875 3662 3924 ἐστιν

2066 3943 2412 4017 ὑψηλότερος,
2455 3951 2733 4021 καταγελᾷ
2759 3953 2868 4004 τῶν
2902 3954 3202 4023 παρόντων,
3244 3959 3346 4010 καὶ
3391 3963 3662 4033 μετέωρος

2064 4032 2359 4104 ἐξαίρεται,
2391 4036 2664 4108 ἀναχωρεῖ
2705 4039 2812 4092 τῶν
2848 4042 3073 4109 γηΐνων,
3111 4045 3206 4095 καὶ
3252 4051 3666 4121 συμπεριπολεῖ

2061 4127 2174 4186 τοῖς
2205 4125 2335 4178 ἀνωο
2373 4129 2574 4198 πτερὸν
2607 4129 2714 4200 γὰρ
2744 4130 2860 4201 ἔχει
2887 4132 3110 4201 κοῦφον,
3141 4137 3404 4205 φροντίσι
3449 4141 3527 4212 μὴ
3568 4139 3657 4208 βα·

2067 4217 2382 4288 ρυνόμενον’
2409 4220 2588 4292 θλίψις
2615 4223 2839 4294 ἐπῆλθε.
2868 4226 2963 4280 καὶ
2993 4227 3218 4291 ἀλύπως
3237 4229 3334 4281 τὸν
3363 4233 3535 4286 τόπον
3567 4237 3660 4286 ἀπ-

2060 4310 2232 4363 έλιπε
2261 4311 2491 4376 θάνατος
2524 4315 2750 4388 ἐπέστη,
2771 4320 2864 4371 καὶ
2893 4319 3144 4390 εὐθύμως
3170 4322 3514 4394 ἀπέρχεται·
3545 4327 3658 4380 οὖδ-

2058 4402 2137 4454 ενὶ
2166 4401 2275 4474 γὰρ
2308 4404 2480 4473 γηΐνῳ
2513 4406 2695 4476 δεσμῷ
2744 4409 3048 4480 προσέδησε
3089 4413 3188 4482 τὴν
3237 4412 3454 4484 ψυχήν.
3518 4419 3578 4470 '0

2063 4492 2428 4565 πολυκτήμων
2482 4498 2784 4568 πεπέδηται
2857 4502 3171 4571 μερίμναις,
3235 4506 3334 4558 καὶ
3407 4509 3653 4576 καθάπερ

2061 4583 2208 4636 κύων
2238 4583 2426 4638 ἁλύσει
2456 4587 2829 4656 προσδέδεται,
2860 4590 2961 4643 κᾶν
2988 4595 3406 4664 μεταναστῆναι
3435 4599 3650 4667 enses.

2057 4675 2159 4738 τὰς
2191 4676 2416 4746 μνήμας
2436 4677 2546 4730 τῶν
2579 4680 2878 4750 κτημάτων
2909 4682 3194 4753 περιφέρει
3227 4684 3378 4755 βαρὺ
3414 4689 3648 4759 φορτίον,

2057 4767 2151 4820 καὶ
2193 4768 2466 4839 ἀχθηδόνα
2500 4770 2792 4841 ἀνωφελῆ,
2837 4777 3103 4827 κεντεῖται
3153 4775 3323 4848 λύπῃ,
3377 4781 3478 4834 καὶ
3526 4782 3649 4852 πρὸς

2053 4856 2153 4926 τὴν
2185 4857 2394 4912 ἔννοιαν
2421 4861 2673 4915 ὀδυνᾶται
2709 4864 2978 4934 σφοδρῶς,
3023 4867 3200 4936 ἀφῆκε
3246 4871 3319 4922 τά
3369 4875 3643 4941 κτήματα,

2055 4951 2150 5001 καὶ
2192 4952 2258 5021 τῇ
2315 4950 2461 5024 λύπῃ
2528 4954 2874 5020 μαστίζεται.
2926 4959 3046 5011 Κᾶν
3103 4959 3341 5024 θάνατος
3414 4966 3642 5027 ἐπέλθοι,

2057 5040 2306 5106 ἐλεεινῶς
2343 5044 2537 5115 ἀφίησι
2585 5047 2653 5099 τὰ
2681 5049 2946 5119 παρόντα,
2984 5050 3278 5104 ἀποδίδωσι
3310 5054 3417 5124 τὴν
3452 5059 3640 5126 ψυχὴν,

2058 5131 2152 5182 καὶ
2195 5131 2285 5184 τὸν
2334 5134 2610 5204 ὀφθαλμὸν
2655 5139 2754 5190 οὐκ
2797 5141 3058 5211 ἀφίστησι
3103 5144 3212 5198 τῶν
3270 5152 3639 5219 πραγμάτων·

2055 5223 2205 5276 ἄκων
2233 5224 2449 5280 ἕλκεται
2474 5227 2722 5300 καθάπερ
2750 5231 3081 5301 ἀνδράποδον
3105 5236 3472 5305 δραπετεῦον,
3501 5242 3644 5311 μερί-

2055 5313 2207 5377 ζεται
2245 5314 2336 5368 τοῦ
2380 5315 2648 5387 σώματος,
2685 5321 2779 5372 καὶ
2819 5323 2879 5374 οὐ
2915 5325 3196 5393 μερίζεται
3233 5327 3347 5380 τῶν
3377 5331 3638 5400 πραγμά-

2049 5422 2191 5459 των*
2243 5407 2443 5478 μᾶλλον
2481 5410 2590 5463 τῶν
2628 5411 2895 5467 ἑλκόντων
2936 5415 3095 5468 αὑτὸν
3128 5417 3222 5472 τοῦ
3259 5421 3477 5486 πάθους
3511 5439 3640 5476 κατι

2049 5499 2282 5570 ἔχοντος.
