3788 6224
140 328 292 395 1153

748 445 1000 501 ΚΕΦΑΛ.
1042 448 1125 501 Η¹.

218 557 476 613 Θάλασσα
504 557 605 611 οὐκ
632 558 995 629 ἐμπίπλαται,
1027 562 1287 633 ποταμῶν
1306 563 1569 635 δεχομένη
1600 563 1730 636 πλῆ·

140 652 264 719 θος,
297 651 392 706 καὶ
412 651 676 723 ἐπιθυμία
706 654 1044 727 φιλαργύρου
1080 657 1140 708 οὐ
1176 656 1477 728 πληροῦται
1510 658 1724 729 χρημάο

139 761 281 810 των,
334 744 684 799 ὲδιπλασίασε
741 746 810 798 τὰ
855 748 1137 818 χρήματα,
1190 748 1286 802 καὶ
1336 748 1511 803 ταῦτα
1566 748 1729 804 διπλᾶ

140 836 374 905 ποιῆσαι
412 838 686 908 ἐπιθυμεῖ,
738 839 833 892 καί¹
888 839 982 892 τοῦ
1040 840 1417 907 διπλασιάζειν
1470 841 1726 897 οὐδέποτε

138 927 405 994 παύεται,
435 928 540 992 ἕως
581 928 648 983 ἂν
686 930 913 994 θάνατος
936 931 1035 1003 τὴν
1063 933 1323 1002 ἀνήνυτον
1352 934 1555 1004 ταύτην
1587 935 1726 988 παύ-

141 1031 217 1089 σῃ
252 1018 512 1088 σπουδήν.
542 1019 770 1083 Συνετδς
805 1020 1036 1091 μοναχὺς
1065 1025 1129 1093 τῇ
1160 1024 1319 1095 χρείᾳ
1352 1025 1604 1094 προσέξει
1631 1026 1725 1081 τοῦ

141 1108 425 1178 σώματος,
460 1111 555 1163 καὶ
576 1110 675 1181 τὴν
700 1111 908 1166 ἔνδειαν
939 1113 1040 1181 τῆς
1062 1115 1301 1185 γαστρὸς
1332 1115 1481 1186 ἄρτῳ
1510 1116 1728 1188 πληρώ-

140 1214 253 1263 σει,
298 1201 395 1254 καὶ
438 1199 613 1264 ὕδατι,
653 1202 712 1255 οὐ
749 1204 1068 1256 κολακεύσει
1105 1204 1469 1269 πλουτοῦντας
1509 1206 1576 1259 δι’
1607 1208 1727 1278 ἡδο·

140 1290 243 1360 νὴν
267 1292 527 1362 γαστρὸς,
551 1293 671 1346 οὐδὲ
694 1293 949 1348 δουλώσει
976 1294 1101 1349 νοῦν
1128 1295 1411 1367 ἐλεύθερον
1440 1297 1726 1361 δεσπόταις

140 1380 385 1443 πολλοῖς·
419 1382 601 1436 ἱκαναὶ
634 1382 742 1454 γὰρ
773 1384 829 1436 αί
858 1385 1039 1454 χεῖρες
1062 1383 1404 1455 ὑπηρετῆσαι
1429 1384 1507 1455 τῷ
1541 1385 1725 1454 σώμα-

136 1489 217 1535 τι,
254 1472 349 1525 καὶ
375 1472 474 1542 τήν
512 1474 746 1545 φυσικὴν
776 1474 1023 1545 ἀνάγκην
1063 1475 1349 1546 πληρῶσαι
1383 1477 1471 1530 διὰ
1503 1477 1722 1540 παντός.

150 1566 323 1636 Ἀκτή
333 1583 452 1636 μων
481 1566 735 1637 μοναχὸς,
763 1566 1001 1638 ἀθλητὴς
1022 1567 1450 1638 ἀμεσολάϐητος,
1483 1569 1579 1621 καὶ
1607 1567 1723 1637 δρο·

140 1658 284 1726 μεὺς
326 1656 549 1726 κοῦφος,
595 1659 806 1728 ταχέως
850 1659 1066 1728 φθάνων
1107 1661 1199 1711 ἐπὶ¹
1230 1660 1291 1712 τὸ
1329 1660 1580 1730 βραϐεῖον
1625 1660 1724 1729 τῆς

136 1749 258 1801 ἄνω
292 1748 563 1820 κλήσεως.
610 1750 983 1821 Πολυκτήμων
1029 1750 1259 1822 μοναχὸς
1330 1752 1512 1821 χαίρει
1556 1764 1725 1820 προσ-

134 1841 284 1904 όδοις
326 1839 573 1906 πολλαῖς,
610 1843 639 1895 6
666 1842 725 1895 δὲ
754 1844 1020 1914 ἀκτήμων
1055 1844 1339 1913 στεφάνοις
1368 1842 1728 1914 κατορθωμά-

135 1950 275 1987 των.
315 1933 656 2005 Φιλάργυρος
713 1936 945 2006 μοναχὸς
994 1936 1287 2006 ἐργάζεται
1317 1935 1582 2007 σφοδρῶς,
1613 1937 1641 1988 6
1672 1936 1729 1989 δὲ

136 2024 414 2093 ἀκτήμων
474 2028 806 2098 προσευχαῖς
857 2026 1129 2096 σχολάζει,
1166 2025 1259 2080 καὶ
1310 2024 1723 2096 ἀναγνώσμασι.

134 2112 484 2182 Φιλάργυρος
534 2114 766 2185 μοναχδς
816 2115 1015 2187 πληροῖ
1056 2118 1256 2186 ταμεῖα
1303 2114 1528 2187 χρυσοῦ,
1583 2117 1613 2167 6
1668 2116 1726 2168 δέ

135 2205 409 2274 ἀκτήμων
445 2203 764 2277 θησαυρίζει
798 2208 857 2259 ἐν
885 2207 1123 2277 οὐρανῷ.
1162 2225 1181 2258 ι
1219 2202 1647 2275 Ἐπικατάρατος
1698 2209 1725 2259 ὁ

138 2293 318 2347 ποιῶν
352 2293 594 2357 εἴδωλον,
629 2296 727 2348 καὶ
767 2295 936 2359 τιθεὶς
970 2297 1027 2350 ἐν
1053 2296 1375 2368 ἀποκρύφῳ,
1407 2315 1427 2349 ι
1463 2296 1725 2359 ὡσαύτως

138 2387 239 2438 καὶ
279 2388 308 2438 ὁ
349 2385 487 2456 ἒχων
517 2388 886 2460 φιλαργυρίας
918 2388 1121 2452 πάθος·
1148 2390 1177 2441 6
1210 2388 1311 2459 μὲν
1344 2388 1451 2460 γὰρ
1486 2404 1725 2459 προσκυ-

137 2480 226 2531 νεῖ
265 2479 519 2550 κίὸδηλον
559 2481 856 2551 ἀνωφελὲς,
886 2483 917 2535 6
943 2482 1000 2535 δέ
1038 2482 1487 2553 ἀγαλματοφορεῖ
1521 2498 1724 2551 φαντα-

139 2572 267 2629 σίαν
297 2574 550 2630 πλούτου.

751 2926 1007 2980 ΚΕΦΑΛ.
1041 2923 1122 2979 Θ⁹.

739 3062 884 3130 Περί
917 3061 1120 3131 ὀργῆς.

1219 333 1316 392 DE
1340 332 1539 393 ΟΕΤο
1566 331 2005 392 SPIRITIBUS
2050 333 2408 394 MALITI/E.

1750 457 1798 513 Α

3266 336 3406 405 1154

2407 450 2639 507 CAPUT
2667 451 2801 509 Vll-l.

1901 557 2047 614 Mare
2080 576 2424 631 nequaquam
2461 563 2738 634 impletur,
2778 561 3066 618 ﬂuminum
3098 568 3406 637 suscipiens

1830 652 2254 719 multitudinem,
2299 664 2352 708 et
2389 656 2539 709 avari
2571 657 2841 726 cupiditas
2872 658 3121 727 pecuniis
3151 674 3260 713 non
3313 674 3409 714 ex-

1830 743 2026 813 pletur.
2058 744 2619 813 Duplicavitdivitias,
2659 763 2863 818 easque
2919 748 3260 818 reduplicare
3308 751 3406 805 dc-

1830 846 1946 885 nuo
1977 834 2336 901 concupiscit,
2366 850 2467 889 nec
2503 849 2534 889 a
2564 836 2657 889 t-ali
2690 850 2925 905 unquam
2959 848 3138 892 cessat
3167 838 3409 908 redupli-

1828 922 2062 987 catione,
2095 923 2267 978 donec
2302 939 2453 980 mors
2491 926 2651 980 inane
2699 941 2763 980 ac
2799 942 2997 981 vanum
3028 929 3131 982 hoc
3162 929 3409 983 desinere

1828 1011 1994 1067 faciat
2037 1012 2297 1067 studium.
2342 1015 2587 1069 Prudens
2660 1016 2960 1069 monachus
3008 1018 3255 1086 corporis
3313 1033 3405 1071 ne-

1827 1107 2070 1161 cessitati
2104 1107 2364 1169 attendet,
2396 1116 2450 1161 et
2476 1107 2832 1176 indigentiam
2866 1109 3070 1161 ventris
3120 1124 3257 1176 pane
3311 1124 3408 1163 ex-

1827 1198 1993 1268 plebit
2025 1206 2079 1253 et
2108 1214 2268 1269 aqua,
2302 1214 2406 1253 non
2450 1199 2769 1254 adulabitur
2793 1200 3155 1268 locupletibus
3181 1201 3251 1253 ob
3277 1215 3409 1254 νειμ

1827 1290 1928 1344 tris
1963 1291 2332 1360 voluptatem;
2367 1306 2543 1360 neque
2602 1291 2787 1344 multis
2878 1291 3113 1345 dominis
3172 1302 3406 1345 mentem

1825 1381 2050 1435 liberam
2081 1382 2260 1451 adiget
2289 1397 2531 1449 servam;
2572 1382 2901 1437 sullieientes
2946 1383 3093 1436 enim
3123 1391 3249 1436 sunt
3287 1399 3410 1436 ma-

1826 1490 1930 1529 nus
1959 1476 2025 1529 ad
2059 1475 2479 1529 ministrandum
2510 1475 2750 1543 corpori,
2781 1482 2836 1529 et
2865 1475 3171 1529 naturalem
3219 1490 3408 1532 neces-

1826 1567 2038 1621 sitatem
2076 1569 2336 1621 continuo
2394 1567 2888 1636 adimplendam“.
2944 1566 3262 1633 Monachus,
3312 1569 3407 1639 qui

1826 1658 1961 1712 nihil
1996 1659 2260 1728 possidet,
2303 1659 2450 1729 pugil
2477 1670 2580 1725 est,
2616 1660 2708 1729 qui
2756 1674 2854 1731 per
2904 1661 3144 1715 medium
3210 1676 3404 1732 apprc-

1828 1749 1992 1804 hendi
2024 1749 2189 1821 464
2232 1752 2440 1820 nequit,
2483 1751 2724 1821 levisque
2751 1762 2835 1808 est
2898 1764 3091 1808 cursor
3149 1754 3404 1809 celeriter

1827 1841 1892 1895 ad
1931 1842 2174 1896 bravium
2221 1857 2470 1912 supernae
2498 1845 2800 1899 vocationis
2824 1846 3165 1915 perveniens.
3218 1845 3405 1899 Mona-

1826 1933 1982 1998 chus,
2041 1934 2135 2004 qui
2166 1937 2332 1989 multa
2358 1936 2619 2005 possidet,
2656 1937 2843 1991 multis
2872 1938 3071 2008 gaudet
3120 1939 3402 2009 proventi-

1826 2023 1971 2090 bus;
2010 2026 2104 2096 qui
2130 2041 2259 2082 vero
2294 2028 2431 2081 nihil
2467 2028 2728 2097 possidet,
2762 2030 2985 2084 coronis
3020 2030 3158 2084 bene
3214 2039 3401 2099 gesto-

1824 2132 1946 2171 rum
1974 2116 2281 2173 facinorum
2312 2120 2642 2188 perlaztatur.
2673 2121 2886 2176 Avarus
2916 2122 3220 2176 monachus
3242 2122 3399 2176 valde

1825 2206 2061 2273 laborat,
2098 2208 2191 2263 sed
2221 2210 2315 2278 qui
2348 2225 2552 2280 pauper
2580 2221 2683 2278 est,
2731 2213 3075 2267 orationibus
3124 2224 3301 2275 vacat,
3345 2221 3400 2266 et

1824 2299 2169 2355 lectionibus.
2213 2300 2514 2357 Monachus
2544 2304 2788 2373 pecunia:
2821 2305 3033 2369 avidus,
3066 2320 3202 2359 auro
3230 2306 3401 2373 replet

1823 2390 2119 2458 penetralia
2149 2407 2163 2444 :
2213 2400 2269 2444 at
2306 2406 2510 2461 pauper
2557 2394 2891 2447 thesaurizat
2928 2394 2981 2447 in
3016 2395 3176 2448 cmlo.
3225 2412 3243 2444 ι
3282 2393 3399 2447 Ma-

1822 2480 2052 2536 ledictus
2077 2482 2170 2553 qui
2188 2482 2315 2538 facit
2342 2484 2565 2550 idolum,
2599 2493 2653 2539 et
2682 2486 2834 2555 ponit
2860 2486 2915 2540 in
2937 2486 3256 2541 abscondito
3274 2486 3339 2551 ",
3373 2506 3393 2538 ι

1822 2572 2072 2627 similiter
2103 2583 2157 2628 et
2199 2574 2294 2643 qui
2321 2574 2561 2630 avaritiae
2601 2575 2853 2645 passione
2883 2585 3128 2643 tenetur;
3162 2577 3251 2631 ille
3272 2578 3397 2646 qui-

1820 2662 1942 2717 dem
1973 2663 2163 2717 adorat
2195 2678 2302 2718 non
2346 2665 2483 2720 bene
2527 2675 2887 2736 expurgatum
2930 2666 3230 2737 inutileque
3277 2684 3394 2721 mc-

1824 2754 2032 2821 tallum,
2074 2756 2177 2811 iste
2202 2770 2330 2811 vero
2353 2756 2669 2811 divitiarum
2719 2757 3159 2845 imaginationem
3180 2800 3195 2825 ,
3239 2758 3397 2828 quasi

1822 2846 2203 2911 simulacrum,
2235 2845 2567 2901 circumfert.

2425 2956 2659 3015 CAPUT
2706 2957 2799 3013 IX.

2407 3048 2485 3103 De
2509 3049 2808 3104 iracundia.

223 3170 399 3243 Ὀργὴ
470 3170 646 3236 πάθος
690 3172 809 3225 ἐστὶ
864 3172 1151 3242 μανιῶδες,
1190 3174 1285 3227 καὶ
1335 3174 1463 3236 τοὺς
1502 3174 1710 3246 ἔχοντας

1893 3164 2178 3221 iracundia
2201 3166 2387 3236 passio
2414 3176 2497 3222 est
2529 3166 2844 3235 furibunda,
2871 3182 3106 3239 eosque,
3141 3169 3235 3239 qui
3274 3171 3394 3240 pol-

137 3262 346 3331 γνῶσιν
391 3262 668 3334 ἐξίστησιν
708 3263 969 3334 εὐχερῶς,
1018 3262 1200 3336 θηριοῖ
1234 3265 1334 3335 τὴν
1371 3264 1569 3336 ψυχὴν,
1622 3266 1718 3320 καὶ

134 3356 326 3408 πᾶσαν
364 3356 653 3426 συντυχίαν
698 3357 968 3411 ἐκκλίνειν
1012 3359 1175 3412 ποιεῖ.
1218 3357 1451 3427 ’Ἄνεμος
1492 3357 1719 3428 σφοδρὸς

131 3447 199 3499 οὐ
226 3446 439 3518 κινήσει
470 3447 702 3518 πύργον,
728 3449 824 3501 καὶ
840 3449 1019 3520 ψυχὴν
1046 3448 1316 3519 ἀόργητον
1345 3449 1405 3502 οὑ
1433 3450 1715 3520 συναρπά-

132 3540 225 3606 ζει
279 3540 469 3611 θυμός.
520 3541 702 3613 ’Ὑδωρ
747 3545 975 3597 κινεῖται
1020 3542 1125 3595 ὑπὸ
1173 3541 1294 3612 βίας
1342 3542 1579 3612 ἀνέμων,
1623 3542 1718 3596 καὶ

131 3628 399 3701 θυμώδης
429 3632 760 3703 ταράσσεται
783 3633 889 3687 ὑπὸ
914 3633 1193 3703 λογισμῶν
1216 3634 1512 3687 ἀσυνέτων.
1542 3635 1717 3689 Μονα-

130 3722 235 3792 χὸς
271 3722 484 3794 ὀργίλος
522 3718 628 3776 εἶδέ
667 3741 809 3789 τινα,
842 3724 935 3777 καὶ
971 3725 1098 3787 τοὺς
1125 3723 1341 3786 ὀδόντας
1384 3722 1712 3796 παρέθηξεν.

144 3811 415 3882 Ὁμίχλης
442 3813 695 3877 ἀνάδοσις
728 3814 955 3885 παχύνει
988 3814 1146 3884 ἀέρα,
1184 3814 1276 3867 καὶ
1301 3812 1474 3885 θυμοῦ
1500 3814 1714 3885 κίνησις

129 3902 380 3955 διάνοιαν
412 3904 652 3973 ὀργίλου.
682 3904 987 3957 Ἐσκότισεν
1012 3904 1164 3974 ἥλιον
1186 3903 1509 3975 ὑποδραμὼν
1532 3904 1711 3973 νέφος,

133 3995 238 4049 καὶ
280 3996 405 4049 νοῦν
447 3996 705 4068 λογισμὸς
742 3996 1128 4067 μνησικακίας.
1169 3996 1325 4049 Λέων
1370 3998 1426 4049 ἐν
1463 3996 1713 4068 ζωγρείῳ

130 4084 217 4138 ὢν
244 4087 383 4137 κινεῖ
412 4086 540 4149 τοὺς
576 4087 911 4157 στρόφιγγας
947 4086 1207 4156 συνεχῶς,
1246 4086 1338 4139 καὶ
1371 4084 1623 4155 θυμώδης
1654 4088 1711 4139 ἐν

131 4176 305 4248 κέλλῃ
346 4178 639 4247 λογισμοὺς
675 4179 861 4250 ὀργῆς.
909 4179 1129 4249 Τερπνὴ
1162 4179 1383 4248 θεωριά,
1420 4176 1712 4248 γαληνῶσα

131 4270 406 4333 θάλασσα,
441 4270 556 4323 ἀλλ’
584 4272 683 4324 οὐκ
716 4271 830 4324 ἐστι
855 4272 1193 4341 τερπνοτέρα
1231 4271 1514 4342 εἰρηνικῆς
1547 4288 1714 4323 κατα·

132 4362 405 4425 στάσεως·
434 4363 724 4435 γαληνώσῃ
755 4364 860 4435 γὰρ
893 4364 1137 4435 θαλάσσῃ
1172 4364 1553 4434 ἐγκολυμδῶσι
1589 4363 1708 4416 δελ-

131 4452 313 4519 φῖνες,
346 4454 594 4524 εἰρηνικῇ
642 4453 699 4506 δὲ
747 4454 1079 4507 καταστάσει
1136 4454 1419 4524 ἐννήχεται
1461 4453 1707 4523 νοήματα

131 4542 437 4612 θεοπρεπῆ.
470 4542 839 4613 Μακρόθυμος
875 4544 1127 4614 μοναχὸς,
1158 4542 1503 4614 ήσυχάζουσα
1534 4541 1704 4614 πηγὴ,

131 4630 233 4681 καὶ
255 4630 392 4681 πᾶσι
414 4631 729 4701 παρέχουσα
752 4634 1020 4701 προσηνὲς
1046 4631 1224 4695 ποτὸν,
1253 4632 1459 4685 διάνοια
1483 4632 1539 4684 δὲ
1567 4633 1709 4701 ὀργί-

129 4721 231 4772 λου
260 4720 349 4773 διά
380 4721 576 4785 παντὸς
605 4723 935 4793 τετάρακται
976 4724 1072 4775 καὶ
1108 4723 1207 4776 ούκ
1234 4722 1486 4775 ἐπιδώσει
1518 4722 1595 4792 τῷ
1627 4723 1705 4776 δι-

128 4810 309 4881 ψῶντι
349 4812 512 4886 ὕδωρ,
548 4814 651 4868 κᾶν
684 4814 943 4889 ἐπιδὼσῃ,
970 4815 1353 4886 τεθολωμένον,
1396 4816 1490 4869 καὶ
1532 4815 1706 4886 ἄχρη-

133 4919 287 4966 στον,
330 4906 424 4958 καὶ
482 4906 751 4978 ὀφθαλμοὶ
809 4906 1113 4978 θυμώδους,
1151 4908 1567 4980 τεταραγμένοι,
1612 4904 1705 4958 καὶ

132 4990 367 5061 ὕφαιμοι
414 4994 511 5048 καὶ
556 4996 657 5065 τῆς
712 4998 1130 5069 ταρασσομένης
1185 4998 1410 5070 καρδίας
1459 4996 1700 5067 ἄγγελοι.

134 5082 515 5153 Πρόσωπονδέ
556 5088 908 5159 μακροθύμου
951 5089 1085 5159 ὀρθά
1128 5089 1584 5159 κατεσταλμένον,
1610 5086 1705 5139 καὶ

131 5175 407 5246 ὀφθαλμοὶ.
429 5183 721 5250 προσηνεῖς
748 5181 899 5235 κάτω
931 5181 1243 5251 βλέποντες.

1820 3258 1932 3314 lent
1971 3258 2217 3323 scientia,
2246 3256 2404 3313 facile
2441 3268 2622 3314 mente
2652 3260 2875 3324 alienat,
2908 3260 3094 3315 eﬂ‘erat
3130 3263 3389 3327 animam,

1822 3363 2533 3420 omnemque-congressum
2564 3351 2841 3406 declinare
2872 3351 3021 3406 facit.
3072 3352 3278 3407 Ventus
3302 3370 3395 3407 ve-

1819 3439 2044 3495 hemens
2076 3456 2186 3494 non
2218 3441 2584 3495 commovebit
2610 3441 2828 3506 turrim,
2875 3451 2929 3496 et
2966 3444 3044 3496 ira
3106 3458 3213 3498 non
3269 3459 3395 3499 eor-

1816 3530 1978 3599 ripiet
2005 3529 2244 3584 animam
2280 3540 2643 3586 mansuetam.
2683 3534 2839 3601 Aqua
2889 3542 3136 3586 movetur
3177 3548 3208 3588 a
3260 3549 3394 3589 ven-

1815 3631 1996 3677 torum
2023 3622 2299 3689 violentia,
2332 3632 2385 3679 et
2415 3623 2710 3679 iracundus
2742 3624 2992 3679 turbatur
3032 3641 3062 3679 a
3106 3626 3392 3697 cogitatio-

1813 3715 1975 3770 nibus
2033 3714 2494 3781 imprudentibus.
2549 3716 2846 3772 Monachus
2901 3718 3215 3783 iracundus,
3259 3733 3393 3789 aper

1813 3810 1898 3858 est
1947 3802 2211 3859 silvestris
2264 3813 2319 3859 et
2375 3805 2692 3872 solitarius;
2731 3807 2864 3861 vidit
2933 3807 3205 3875 aliquem,
3260 3818 3391 3867 tunc

1813 3896 2001 3951 dentes
2032 3896 2272 3951 exacuit.
2321 3896 2538 3952 Nebulae
2567 3897 2783 3953 diffusio
2833 3900 3153 3955 crassiorem
3206 3915 3388 3957 aerem

1813 3985 2008 4048 reddit,
2064 3993 2120 4038 et
2194 3992 2376 4041 motus
2428 3986 2523 4041 ira:
2583 3996 2819 4041 mentem
2877 3988 3146 4043 iracundi.
3202 3988 3387 4045 Solem

1813 4073 2119 4129 obfuscavit
2138 4075 2358 4130 subiens
2386 4076 2598 4141 nebula,
2627 4087 2679 4131 et
2707 4088 2937 4132 ruentem
2965 4080 3219 4148 c0gitatio
3241 4080 3387 4150 inju-

1811 4168 2017 4220 riarum
2070 4182 2297 4220 memor.
2331 4165 2463 4229 Leo,
2508 4168 2603 4235 qui
2634 4177 2717 4223 est
2762 4172 2816 4222 in
2853 4170 3060 4223 vivario
3122 4171 3388 4227 continuo

1810 4267 1991 4312 movet
2035 4258 2284 4315 cardines
2332 4259 2626 4324 ostiorum,
2668 4268 2723 4313 et
2780 4261 3074 4316 iracundus
3120 4262 3173 4315 in
3225 4264 3383 4327 cella,

1810 4350 1903 4404 ira:
1949 4351 2324 4419 c0gitationes.
2370 4348 2522 4405 Visio
2566 4360 2647 4405 est
2684 4351 3041 4416 delectabilis,
3068 4365 3385 4409 marelran-

1808 4442 2115 4512 quillatnm,
2148 4442 2242 4497 sed
2278 4458 2385 4497 non
2430 4451 2513 4498 est
2541 4443 2908 4499 delectabilior
2942 4446 3170 4516 pacilico
3212 4448 3380 4501 animi

1812 4544 2002 4590 statu:
2060 4532 2350 4606 Delphines
2408 4537 2629 4592 ‘etenim
2682 4537 2844 4610 [‘65
2892 4554 3088 4594 sereno
3158 4548 3383 4595 enatant

1814 4625 1867 4679 in
1908 4626 2067 4689 mari,
2096 4635 2151 4680 et
2183 4627 2235 4679 in
2273 4626 2440 4680 animi
2475 4637 2669 4697 pacato
2709 4638 2853 4684 statu
2882 4630 3238 4702 cogitationes
3293 4630 3381 4685 in-

1812 4727 1999 4770 natant
2035 4715 2144 4771 Deo
2184 4728 2368 4786 graue.
2399 4716 2770 4789 Longanimus
2796 4723 3118 4785 monachus,
3155 4722 3277 4778 fons
3298 4732 3382 4778 est

1812 4810 2049 4879 quietus,
2081 4819 2135 4864 et
2164 4825 2385 4864 suavem
2425 4813 2683 4867 omnibus
2731 4814 2975 4883 prazbens
3014 4822 3234 4885 potum;
3295 4815 3380 4868 iu-

1812 4900 2057 4954 tellectus
2095 4909 2275 4954 autem
2321 4902 2567 4957 iracundi
2619 4904 2837 4959 assidue
2892 4906 3238 4973 perturbatus
3293 4915 3379 4961 est

1811 5005 1989 5059 neque
2013 4992 2253 5061 porriget
2292 4993 2499 5047 sitienti
2541 5009 2762 5064 aquam,
2798 4996 2911 5050 sive
2953 4996 3121 5061 dabit,
3189 4998 3377 5052 illitam

1812 5096 1993 5148 emno,
2052 5090 2107 5137 et
2133 5083 2378 5137 inutilem
2418 5085 2673 5154 proferet.
2708 5084 2862 5141 Oculi
2901 5088 3145 5143 iracundi
3176 5089 3377 5144 turbidi

1806 5182 1954 5240 sunt,
1994 5184 2048 5227 et
2085 5174 2432 5240 subcrueuti,
2470 5178 2762 5247 cordisque
2815 5179 3114 5248 perturbati
3158 5180 3372 5249 nuntii;

134 5267 307 5324 facies
376 5283 503 5323 vero
531 5270 829 5341 longanimi
855 5273 1154 5340 composita
1202 5280 1326 5338 cst;
1357 5271 1609 5343 oculique
1632 5264 1851 5337 benigni
1917 5272 2064 5319 recta
2102 5263 2394 5322 intuentes.

741 5384 990 5437 ΚΕΦΑΛ.
1042 5383 1097 5437 l'.

204 5494 463 5565 Πραΰτης
512 5495 702 5567 ἀνδρὸς
768 5495 1165 5566 μνημονεύεται
1210 5495 1362 5567 παρά
1414 5496 1555 5567 Θεῷ,
1611 5498 1704 5550 καὶ

70 5652 79 5659 ο
135 5585 403 5657 ἀόργητος
433 5585 580 5658 ψυχὴ
614 5587 741 5652 ναὸς
780 5587 989 5655 γίνεται
1024 5587 1117 5639 τοῦ
1165 5588 1320 5656 ἁγίου
1362 5588 1702 5658 Πνεύματος.

2420 5372 2649 5435 CAPUT
2693 5380 2757 5436 X.

1884 5493 2239 5552 Mansuetudo
2270 5496 2372 5551 viri
2406 5498 2549 5567 apud
2585 5497 2752 5553 Deum
2798 5508 2883 5555 est
2916 5503 2969 5554 in
3019 5502 3280 5556 memoria
3305 5502 3371 5567 “,

1810 5598 1863 5643 et
1917 5588 2095 5643 anima
2146 5589 2225 5644 ira
2275 5605 2466 5646 carens
2514 5592 2771 5662 templum
2812 5594 2870 5649 lit
2907 5591 3143 5664 Spiritus
3175 5594 3370 5651 sancti.

207 5700 250 5731 “
272 5702 390 5756 Act.
424 5717 498 5767 xi,
532 5701 619 5757 54.
696 5702 740 5734 ⁸⁵
764 5699 921 5755 Deut.
967 5716 1133 5755 um.
1172 5701 1253 5757 l5.
1333 5702 1378 5733 “
1402 5699 1547 5757 Psal.
1573 5718 1753 5768 cum,
1786 5702 1835 5755 l.
