3788 6224
401 313 542 379 1155

1861 321 1921 379 S.
1946 315 2127 386 INILI

3542 318 3673 386 1156

392 432 646 485 Christus
669 430 899 484 reclinat
935 441 1099 500 caput
1134 433 1186 485 in
1210 431 1509 502 longanimi
1542 434 1772 504 spiritu;
1806 444 1858 489 et
1893 436 1974 488 in-

2108 435 2264 490 ἱλίνει
2316 434 2557 506 κεφαλὴν
2602 436 2835 504 Χριστὸς
2884 437 2943 488 ὲν
2985 437 3330 508 μακροθύμῳ
3368 435 3672 505 πνεύματι,

396 525 645 578 tellectus
674 534 902 594 pacatus
938 537 1141 579 sanctae
1169 523 1455 580 Trinitatis
1486 536 1570 580 est
1599 526 1834 580 mansio.
1854 525 1980 579 Vul-

393 631 491 685 pes
514 616 762 670 habitant
788 616 844 668 in
875 616 1060 669 anima
1085 615 1301 681 ultrice,
1348 624 1403 671 et
1438 616 1627 671 bestiae
1655 616 1982 672 delitescunt

394 708 459 773 in,
493 708 653 762 corde
710 707 948 762 turbato.
988 705 1083 761 Vir
1119 708 1383 763 honestus
1414 716 1575 778 turpe
1615 708 1979 763 diversorium

393 799 599 868 emtgit,
634 808 688 852 et
710 798 853 853 Deus
882 814 976 852 cor
1021 798 1238 868 injuria:
1287 798 1674 854 reminiscens.
1708 800 1873 870 Lapis
1909 799 1976 852 il-

395 892 581 960 lapsus
627 906 825 961 aquam
876 890 1135 956 turbavit,
1158 899 1213 945 et
1235 905 1332 945 cor
1358 891 1601 945 hominis
1635 891 1813 946 malus
1864 905 1982 945 scr-

394 998 503 1034 mo.
528 980 902 1051 Cogitationes
957 980 1258 1035 iracundia:
1301 980 1368 1035 ab
1406 982 1591 1034 anima
1625 990 1717 1036 tua
1750 980 1978 1051 expelle,

397 1088 499 1127 nec
530 1073 608 1125 ira
647 1083 739 1126 tuo
770 1071 1076 1126 stabuletur
1108 1073 1159 1125 in
1198 1072 1385 1139 corde,
1419 1080 1473 1127 et
1508 1072 1561 1126 in
1592 1084 1837 1143 tempore
1856 1089 1981 1128 ora-

2084 529 2179 583 xal.
2244 526 2379 599 μονὴ
2420 527 2629 597 γίνεται
2676 530 2777 599 τῆς
2824 529 2983 598 ἁγίας
3010 530 3239 600 Τριάδος
3269 529 3674 600 εἰρηνευομένη

2080 620 2314 675 διάνοια.
2356 620 2665 684 Ἀλώπεκες
2692 622 3039 677 κατοικοῦσιν
3066 623 3124 674 ἐν
3143 623 3485 693 μνησικάκῳ
3510 621 3675 690 ψυχῇ.

2082 713 2178 765 καὶ
2239 712 2404 784 θηρία
2458 714 2870 784 ὲμφωλεύουσιν
2927 715 2985 766 ἐν
3022 715 3417 785 τεταραγμένῃ

2078 803 2280 872 Φεύγει
2340 804 2482 875 ἀνὴρ
2520 805 2717 873 σεμνὸς
2746 805 2973 876 αἰσχρὸν
3001 806 3377 873 καταγώγιον,
3410 804 3519 858 καὶ
3552 802 3681 881 Θεὸς

2085 897 2425 967 μνησίκακον
2486 898 2734 967 καρδίαν.
2764 898 2951 966 ’Υδωρ
3000 896 3267 969 ἐτάραξεν
3290 896 3573 968 ἐμπεσὼν
3600 896 3676 949 λί-

2082 987 2195 1051 θος,
2252 987 2346 1039 καὶ
2411 988 2639 1057 καρδίαν
2674 988 2869 1059 ἀνδρὸς
2893 987 3052 1057 λόγος
3079 988 3274 1051 κακός.
3329 987 3678 1057 Ἀπόστησον

2081 1077 2380 1148 λογισμοὺς
2408 1079 2577 1150 ὀργῆς
2609 1079 2717 1133 ἀπὸ
2744 1080 2844 1150 σῆς
2883 1080 3084 1150 ψυχῆς,
3109 1081 3206 1134 καὶ
3240 1080 3423 1150 θυμὸς
3464 1078 3546 1150 μὴ
3587 1077 3677 1130 αύ-

395 1165 559 1218 tionis
594 1164 816 1218 minime
843 1164 1156 1218 turbaberis
1195 1182 1209 1230 ;
1247 1164 1387 1241 sicut
1420 1180 1656 1234 namque
1673 1164 1857 1219 fumus
1886 1180 1982 1234 pa-

397 1258 601 1310 learum
633 1254 857 1309 olfendit
910 1256 1237 1324 perturbans
1268 1255 1479 1320 oculos,
1527 1257 1600 1310 ita
1632 1256 1687 1310 in
1722 1256 1983 1311 orationis

396 1360 635 1419 tempore
666 1360 901 1403 mentem
944 1349 1269 1419 injuriarum
1302 1351 1583 1405 memoria.
1607 1350 1984 1421 Cogitationes

2082 1170 2313 1234 λιζέσθω
2340 1172 2399 1224 ἐν
2424 1174 2490 1242 σῇ
2535 1172 2754 1243 καρδίᾳ,
2781 1171 2877 1225 καὶ
2911 1171 2971 1223 ού
3004 1173 3076 1242 μὴ
3100 1172 3390 1242 ταραχθῇς
3412 1173 3476 1223 ἐν
3502 1169 3679 1240 καιρῷ

2085 1268 2393 1335 προσευχῆς
2414 1282 2429 1295 ο
2465 1264 2524 1317 ὃν
2552 1265 2752 1337 τρόπον
2779 1265 2889 1333 γάρ
2918 1264 3137 1335 ἀχύρων
3163 1264 3380 1326 καπνὸς
3409 1264 3678 1333 ταράσσει

2081 1352 2414 1423 ὀφθαλμοὺς,
2454 1352 2595 1407 οὕτω
2640 1353 2976 1424 μνησικακία
3017 1353 3164 1418 νοῦν,
3205 1356 3264 1406 ὲν
3292 1352 3487 1423 καιρῷ
3514 1370 3681 1423 προσ·

398 1441 652 1495 iracundi
692 1442 890 1510 viperae
934 1441 1211 1510 genimina
1258 1449 1407 1503 sunt,
1468 1458 1694 1511 corque,
1745 1442 1890 1511 quod
1912 1456 1974 1495 ea

2110 1446 2266 1516 υχῆς.
2305 1448 2576 1517 Λογισμοὶ
2612 1445 2893 1516 θυμώδους
2938 1447 3149 1517 ἐχίδνης
3196 1448 3559 1517 γεννήματα,
3592 1448 3678 1498 καὶ

397 1531 651 1599 parturit,
702 1530 960 1584 exedunt.
1026 1529 1554 1593 Furibundioratio,
1613 1530 1974 1585 sullimentum

2108 1537 2428 1591 ιατεσθίουσι
2450 1539 2548 1609 τὴν
2572 1538 2839 1591 τεκοῦσαν
2887 1537 3135 1608 καρδίαν.
3168 1537 3478 1607 Θυμώδους
3512 1555 3676 1609 προσ-

392 1634 472 1677 est
504 1621 885 1676 detestandum
914 1639 928 1688 ;
956 1632 1009 1677 et
1038 1623 1375 1692 psalmorum
1411 1622 1721 1677 decantatio
1739 1622 1837 1675 viri
1858 1636 1974 1676 suc-

2113 1631 2217 1701 υχὴ
2247 1630 2633 1701 ὲϐδελυγμένον
2674 1630 2927 1701 θυμίαμα
2948 1647 2961 1660 ·
2998 1632 3094 1685 καὶ
3124 1631 3431 1701 ψαλμῳδία
3459 1630 3674 1701 ὀργᾶου

394 1715 544 1770 censi
580 1714 781 1779 animo,
811 1730 979 1769 sonus
1005 1724 1089 1769 est
1114 1714 1376 1770 insuavis.
1421 1714 1974 1783 Donuminjuriarum

2108 1720 2215 1795 ἱχος
2243 1723 2438 1795 ἀηδής.
2488 1724 2672 1794 Δῶρον
2712 1725 3054 1795 μνησικάκου
3087 1725 3481 1796 μυρμηκιῶσα
3502 1725 3674 1785 θυσία,

396 1808 674 1871 memoris,
700 1808 876 1861 hostia
897 1817 979 1861 est
1010 1807 1253 1862 verrucis
1273 1806 1548 1866 infestata.
1571 1816 1625 1859 et
1648 1820 1755 1859 non
1782 1820 1974 1874 appro-

2108 1818 2178 1869 ιαὶ
2198 1816 2257 1869 ού
2283 1816 2358 1885 μὴ
2381 1817 2718 1889 προσεγγίσῃ
2751 1816 3249 1888 περιρῤαντηρίους
3277 1816 3535 1886 βωμούς.
3573 1817 3677 1869 Ἐν-

396 1898 679 1968 pinquabit
732 1899 1033 1961 altaribus,
1094 1898 1187 1952 ubi
1234 1897 1479 1952 lustralis
1547 1912 1689 1966 aqua
1747 1896 1985 1951 circum—

394 1993 720 2061 aspergitur,
743 1991 907 2063 466
941 1992 1238 2046 iracundus
1257 1990 1470 2046 somnia
1487 1991 1631 2044 videt
1651 1992 1987 2060 perturbata,

394 2094 450 2137 ct
499 2084 754 2138 incursus
795 2084 1126 2154 imaginatur
1175 2083 1507 2137 bestiarum.
1540 2081 1989 2151 \‘irlonganimis

396 2192 731 2246 congressus
756 2185 1075 2231 sanctorum
1097 2176 1415 2246 angelorum
1436 2174 1631 2243 aspicit
1653 2175 1705 2227 in
1733 2174 1943 2229 visione
1968 2193 1982 2228 :

393 2276 449 2320 ιι
511 2268 593 2319 vir
681 2266 1004 2337 iniuriarum
1072 2267 1361 2321 immemor
1423 2266 1727 2335 spiritualcs
1772 2272 1988 2319 exercet

394 2375 713 2426 sermones,
790 2370 845 2415 et
923 2369 1087 2415 noctu
1164 2359 1551 2431 mysteriorum
1624 2357 1766 2424 capit
1833 2356 1985 2410 solu-

393 2453 597 2508 tiones.

1003 2631 1384 2701 CAPUT_XL

944 2808 947 2809 '
1002 2800 1080 2843 Ue
1116 2790 1366 2844 tristitia.

469 2948 771 3005 Monachus
820 2946 1061 3002 tristitiae
1117 2944 1334 3000 deditus
1369 2959 1474 2998 non
1534 2944 1686 2998 novit
1718 2945 1979 3014 spiritua~

396 3047 503 3101 lem
534 3045 890 3113 voluptatem.
926 3039 1177 3095 Tristitia
1210 3054 1340 3092 vero
1372 3048 1455 3093 est
1479 3039 1676 3093 animae
1703 3038 1977 3102 remissio,

397 3149 453 3193 et
505 3146 721 3193 constat
749 3151 779 3189 e
823 3132 1247 3204 cogitationibus
1295 3131 1611 3185 iracundiae.
1663 3130 1979 3201 Estquippc

397 3233 500 3292 ira,
556 3229 810 3282 vindictae
860 3225 1153 3295 cupiditas,
1205 3221 1492 3276 frustratio
1548 3237 1679 3277 veto
1730 3223 1983 3277 vindicta:

398 3323 698 3386 sumendae,
731 3318 1007 3375 tristitiam
1044 3323 1303 3386 generat;
1343 3330 1508 3383 porro
1552 3314 1771 3368 tristitia
1807 3322 1890 3367 est
1919 3329 1981 3367 os

401 3417 594 3480 leonis,
628 3414 897 3483 facileque
927 3413 1160 3467 devorat
1203 3410 1623 3475 contristatum;
1657 3408 1873 3464 tristitia
1900 3418 1984 3463 est

397 3511 600 3565 vermis
626 3508 831 3564 cordis.
875 3516 929 3561 et
955 3506 1257 3575 parientem
1304 3513 1532 3556 matrem
1555 3502 1757 3556 exedit.
1791 3500 1979 3562 Mater,

398 3618 522 3671 quae
551 3602 693 3671 parit
730 3600 922 3662 tilium,
958 3598 1200 3653 dolorem
1242 3596 1441 3657 habet;
1473 3596 1518 3649 si
1543 3596 1778 3664 peperit,
1812 3609 1844 3647 a
1883 3594 1982 3648 do-

402 3693 515 3746 lore
546 3691 827 3745 liberatur.
853 3688 1099 3743 Tristitia
1123 3699 1271 3748 vero,
1315 3683 1443 3737 dum
1489 3692 1800 3754 generatur,
1841 3683 1982 3736 mul-

403 3797 517 3839 tum
548 3784 747 3839 excitat
770 3782 1038 3847 dolorem,
1080 3786 1310 3848 postque
1346 3776 1623 3831 cruciatus
1655 3790 1982 3845 permanens

402 3892 511 3931 non
568 3891 735 3945 parvo
766 3882 984 3942 torquet
1028 3871 1237 3925 dolore.
1297 3869 1597 3924 Monachus
1628 3868 1859 3922 tristitia:
1883 3866 1980 3921 ad-

400 3968 583 4020 dictus
624 3966 865 4019 laatitiam
919 3977 1027 4017 non
1063 3962 1215 4016 novit
1263 3960 1623 4030 spiritualem,
1660 3974 1724 4012 et.
1756 3973 1981 4028 prorsus

402 4060 585 4120 modo,
610 4073 719 4126 quo
753 4072 850 4111 nec
886 4055 1062 4109 mellis
1093 4063 1339 4123 gustum,
1377 4052 1471 4120 qui
1500 4050 1806 4105 vehementi
1826 4049 1981 4104 labo-

402 4162 487 4204 rat
534 4148 693 4215 febri,
715 4147 997 4218 persentit.
1036 4144 1336 4198 Monachus
1374 4142 1624 4197 tristatus
1659 4156 1768 4195 non
1801 4155 1983 4194 move-

403 4242 482 4294 bit
544 4249 777 4294 mentem
821 4239 887 4293 ad
939 4236 1477 4306 contemplationem,
1531 4249 1632 4289 nec
1672 4232 1980 4289 orationem

404 4334 634 4390 eﬂundit
688 4348 903 4402 puram.
963 4329 1209 4385 Tristitia
1271 4330 1474 4399 quippe
1525 4326 1869 4381 obstaculum
1900 4332 1984 4379 est

405 4425 586 4481 omnis
617 4424 767 4478 boni.
820 4422 1115 4477 Vinculum
1160 4422 1380 4493 pedum,
1410 4436 1606 4476 cursus
1639 4426 1724 4473 est
1751 4415 1979 4487 impedi-

407 4530 670 4583 mentum,
702 4528 756 4572 et
782 4518 1025 4579 tristitia,
1066 4513 1432 4570 meditationis
1478 4509 1842 4566 obstaculum.
1873 4508 1980 4563 Ca-

405 4616 604 4684 ptivus,
629 4628 658 4667 a
690 4610 936 4665 barbaris
969 4611 1164 4679 ligatur
1195 4605 1389 4661 ferreis
1437 4602 1665 4668 catenis,
1689 4610 1744 4655 et
1767 4601 1983 4655 tristitia

402 4706 614 4774 captiva
642 4717 669 4754 a
700 4698 1043 4771 passiouibus
1069 4699 1301 4751 abducta
1335 4693 1588 4747 vincitur.
1608 4691 1846 4747 Tristitia
1865 4691 1985 4745 nul-

408 4797 512 4849 lam
548 4795 652 4847 vim
685 4792 865 4855 habet,
885 4805 1008 4845 cum
1029 4789 1147 4842 aliae
1170 4803 1274 4843 non
1299 4785 1459 4858 467
1488 4783 1981 4854 adsintpassiones,

406 4889 547 4941 sicut
575 4901 748 4955 neque
781 4883 1082 4943 vinculum,
1108 4894 1234 4935 cum
1274 4876 1565 4946 absintqui
1586 4876 1847 4930 vinciant.
1877 4874 1982 4940 Qui

408 4981 610 5050 ligatus
637 4989 721 5032 est
753 4993 783 5030 a
819 4974 1063 5040 tristitia,
1100 4981 1389 5041 superatus
1423 4978 1507 5024 est
1538 4983 1568 5022 a
1605 4967 1979 5038 passionibus.

409 5073 621 5141 taleque
649 5067 965 5123 circumfert
1013 5065 1310 5127 vinculum,
1355 5077 1467 5118 sua:
1494 5060 1663 5115 cladis
1690 5073 1982 5130 argumen-

407 5172 545 5217 tum.
596 5159 839 5214 Tristitia
897 5172 1133 5229 namque
1195 5154 1569 5219 constituitur,
1619 5169 1685 5206 ex
1722 5166 1789 5206 eo
1835 5150 1981 5220 quod

408 5253 613 5308 carnali
646 5253 770 5321 quis
814 5250 1111 5305 frustratus
1171 5248 1336 5301 fuerit
1370 5245 1687 5315 cupiditate,
1713 5242 1981 5313 cupiditas

407 5356 585 5401 autem
639 5346 788 5400 omni
836 5344 1125 5414 conjuncta
1165 5349 1255 5396 est:
1295 5338 1559 5408 passioni.
1591 5336 1693 5402 Qui
1726 5335 1855 5389 vicit
1882 5350 1981 5390 cu-

406 5438 709 5507 piditatem,
760 5437 1042 5507 passiones
1084 5432 1302 5496 devicit,
1348 5430 1443 5500 qui
1492 5439 1671 5483 autem
1698 5428 1977 5498 passiones

406 5529 592 5590 evicit,
636 5544 744 5582 non
790 5527 1137 5596 superabitur
1165 5540 1196 5578 a
1223 5523 1467 5578 tristitia.
1499 5520 1833 5590 Temperans
1864 5534 1971 5573 non

411 5602 822 5672 contristabitur
869 5632 1032 5687 super
1085 5614 1299 5671 defectu
1333 5628 1606 5679 escarum,
1634 5624 1808 5682 neque
1834 5625 1968 5667 con-

2090 1905 2255 1959 ύπνια
2292 1907 2675 1976 τεταραγμένα
2726 1908 2830 1978 ὁρᾷ
2871 1906 3146 1978 θυμώδης,
3185 1907 3285 1960 καὶ
3319 1906 3538 1977 θηρίων
3568 1909 3677 1960 cz:-

2086 1997 2294 2067 δρομὰς
2315 1999 2650 2067 φαντάζεται
2668 1998 2905 2069 ὀργίλος.
2930 1997 3307 2069 Μακρόθυμος
3341 1996 3493 2068 ἀνὴρ
3514 1997 3676 2049 ὀπτα-

2089 2090 2212 2155 σίας
2239 2093 2362 2162 ὁρᾷ,
2405 2091 2699 2161 συντυχίας
2747 2090 2915 2158 άγίων
2954 2089 3226 2157 ἀγγέλων,
3271 2090 3379 2142 καλ⁵
3443 2090 3673 2159 ἀμνησί-

2088 2199 2259 2245 κακος
2314 2185 2584 2252 γυμνάζει
2616 2183 2808 2250 λόγους
2843 2182 3273 2252 πνευματικοὺς,
3314 2182 3421 2235 καὶ
3444 2184 3504 2236 ἐν
3529 2182 3677 2236 νυκτὶ

2086 2272 2305 2343 δέχεται
2346 2275 2669 2346 μυστηρίων
2700 2274 2903 2337 λύσεις.

2686 2635 2938 2690 ΚΕΦΑΛ.
2987 2638 3090 2693 lA'.

2600 2820 2605 2825 ·
2676 2796 2818 2864 Περὶ
2843 2797 3066 2863 λύπης.

2157 2956 2269 3009 Οὐκ
2319 2951 2429 3009 οἶδε
2473 2957 2853 3028 πνευματικὴν
2875 2959 3070 3030 ἡδονὴν
3107 2959 3469 3030 λυπούμενος
3522 2952 3675 3034 pim-

2084 3040 2177 3111 χὸς
2200 3058 2213 3072 α
2239 3040 2383 3111 λύπη
2416 3042 2473 3096 δέ
2505 3045 2622 3097 ἐστι
2669 3046 2942 3117 κατήφεια
2977 3047 3176 3118 ψυχῆς,
3218 3051 3319 3103 καὶ
3355 3053 3675 3108 συνίσταται

2085 3131 2195 3185 ἀπὸ
2229 3132 2505 3201 λογισμῶν
2558 3135 2749 3207 ὀργῆς.
2796 3137 3037 3210 Ἀμύνης
3084 3142 3191 3212 γὰρ
3239 3141 3436 3213 ὄρεξίς
3483 3146 3675 3198 ὲατινό

2086 3222 2278 3293 θυμὸς,
2333 3225 2610 3297 ἀποτυχία
2638 3227 2696 3281 δὲ
2744 3229 2960 3301 ἀμύνης
2993 3231 3250 3302 ἐγέννησε
3276 3233 3475 3305 λύπην
3495 3253 3510 3265 ⁸
3543 3238 3671 3305 λύπη

2086 3315 2266 3385 στόμα
2300 3318 2420 3370 ἐστὶ
2466 3319 2701 3385 λέοντος,
2744 3324 2838 3376 καὶ
2877 3323 2968 3377 τὸν
2998 3324 3346 3395 λυπούμενον
3381 3332 3671 3384 καταπίνει

2084 3406 2347 3478 εὐχερῶς.
2380 3409 2605 3479 Σκώληξ
2644 3412 2763 3464 ἐστὶ
2795 3413 3025 3483 καρδίας
3058 3414 3225 3487 λύπη,
3257 3420 3366 3472 καὶ
3396 3422 3670 3475 κατεσθίει

2084 3498 2183 3566 τὴν
2235 3498 2505 3553 τεκοῦσαν
2564 3503 2801 3573 μητέρα.
2846 3504 3129 3559 Ὀδυνᾶται
3188 3509 3381 3581 μήτηρ
3414 3512 3669 3567 τίκτουαα

2084 3590 2317 3655 παιδίον,
2356 3591 2452 3645 ἐὰν
2474 3593 2627 3667 τέκῃ,
2654 3594 2754 3663 τῆς
2800 3596 2993 3667 ὀδύνης
3028 3598 3406 3670 ἀπήλλακται,
3440 3603 3594 3674 λύπη
3621 3606 3669 3658 δὲ

2082 3683 2422 3755 γεννωμένη,
2446 3686 2613 3739 πολὺν
2636 3690 2777 3740 κινεί
2795 3687 2884 3741 τὸν
2911 3690 3091 3756 πόνον,
3122 3692 3216 3745 καὶ
3242 3694 3392 3762 μετὰ
3428 3695 3537 3759 τὰς
3560 3698 3671 3749 ὼδξο

2082 3791 2180 3839 νας
2241 3779 2657 3848 παραμένουσα,
2707 3780 2767 3833 οὐ
2826 3783 3043 3853 μικρῶς
3090 3784 3375 3840 όδυνᾶται.
3424 3790 3550 3843 Οὐκ
3571 3786 3667 3843 οἶδε

2084 3868 2260 3938 χαράν
2303 3874 2683 3942 πνευματικὴν
2734 3872 3078 3943 λυπούμενος
3108 3878 3376 3947 μοναχδς,
3432 3881 3518 3944 ὡς
3560 3883 3669 3935 οὐδὲ

2084 3960 2300 4030 μέλιτος
2338 3961 2530 4030 γεῦσιν
2579 3963 2608 4015 ὁ
2646 3965 2936 4035 πυρέσσων
2985 3966 3250 4039 σφοδρῶς.
3308 3972 3669 4045 Λυπούμενος

2085 4051 2317 4121 μοναχὶις
2374 4054 2435 4107 οὐ
2467 4055 2680 4125 κινήσει
2706 4056 2796 4109 τὸν
2819 4055 2944 4111 νοῦν
2964 4058 3045 4121 εἰς
3065 4058 3325 4130 θεωρίαν,
3350 4064 3484 4118 οὐδὲ
3510 4083 3668 4137 προσ-

2080 4144 2249 4214 ευχὴν
2285 4144 2535 4215 καθαράν
2572 4146 2924 4219 άναπὲμπεν
2970 4151 3173 4215 παντὸς
3218 4152 3333 4221 γὰρ
3367 4156 3548 4211 καλοῦ
3590 4160 3670 4226 ἐμ-

2084 4236 2268 4289 πόδιόν
2297 4237 2413 4290 ἐστι
2443 4236 2610 4307 λύπη.
2642 4241 2851 4311 Δεσμδς
2876 4242 3052 4296 ποδῶν
3094 4244 3363 4314 ἐμπόδιόν
3398 4249 3529 4303 ἐστι
3554 4250 3666 4321 δρό-

2084 4343 2211 4396 μου,
2241 4326 2336 4379 καὶ
2368 4324 2512 4398 λύπη
2574 4328 2834 4399 ἐμπόδιον
2869 4330 3118 4402 θεωρίας.
3171 4334 3550 4405 Δίχμάλωτος
3571 4338 3666 4393 ἀπὸ

2085 4417 2376 4490 βαρϐάρων
2405 4417 2617 4473 δέδεται
2652 4421 2910 4493 σιδήρων,
2942 4422 3037 4477 καὶ
3055 4424 3417 4495 αἰχμάλωτος
3435 4430 3551 4483 ἀπὸ
3574 4446 3666 4483 πα·

2012 4547 2057 4602 D
2084 4509 2192 4564 θῶν
2227 4510 2435 4564 δέδεται
2463 4510 2629 4582 λύπη.
2650 4513 2765 4566 Οὐκ
2791 4514 2966 4585 ἰσχύει
2990 4515 3132 4587 λύπη
3152 4516 3229 4588 μὴ
3250 4520 3556 4588 παρόντων
3570 4522 3664 4576 τῶν

2084 4602 2259 4658 ἄλλων
2293 4602 2503 4665 παθῶν,
2523 4604 2596 4666 ὠς
2624 4602 2749 4657 οὕτε
2771 4604 2989 4675 δεσμὸς,
3023 4607 3097 4678 μὴ
3129 4608 3430 4680 παρόντων
3453 4614 3567 4667 τῶν
3590 4615 3662 4669 δι-

2083 4692 2385 4763 σμούντων.
2427 4694 2485 4748 ’0
2516 4693 2799 4765 δεδεμένος
2828 4697 2974 4770 λύπῃ
3003 4697 3281 4770 νενίκηται
3309 4702 3426 4756 ὑπὸ
3460 4704 3657 4764 παθῶν.

2081 4786 2176 4838 καὶ
2216 4786 2307 4839 τὸν
2340 4785 2540 4856 δεσμὸν
2592 4788 2913 4859 ἐπιφέρεται
2954 4789 3056 4860 τῆς
3086 4792 3254 4861 ἥττης
3290 4792 3392 4846 τὸν
3425 4794 3657 4865 ἔλεγχον.

2081 4876 2240 4946 Λύπη
2286 4876 2394 4946 γὰρ
2436 4877 2753 4931 συνίσταται
2787 4881 2879 4933 ἐπὶ
2902 4880 3175 4953 άποτυχίᾳ
3201 4883 3454 4954 ὀρέξεως
3486 4903 3659 4956 σαρκι·

2080 4969 2184 5039 κῆς
2208 4986 2221 5000 °
2253 4969 2432 5040 ὄρεξις
2454 4969 2510 5022 δὲ
2534 4971 2696 5024 παντὶ
2714 4972 2876 5026 πάθει
2906 4974 3280 5038 συνέζευκται.
3348 4977 3409 5029 'U
3441 4982 3659 5048 νικήσας

2085 5061 2286 5132 ὄρεξιν,
2343 5061 2565 5132 ἐνίκησε
2600 5062 2771 5133 πάθη,
2817 5067 2845 5117 ὁ
2882 5064 2940 5117 δὲ
2969 5067 3200 5137 νικήσας
3241 5067 3425 5139 πάθη,
3450 5071 3517 5123 ού
3539 5087 3658 5140 κρα-

2081 5152 2381 5223 τηθήσεται
2435 5153 2540 5206 ὑπὸ
2594 5153 2791 5224 λύπης.
2838 5157 3141 5229 Ἑγκρατής
3175 5158 3238 5212 οὐ
3286 5159 3550 5215 λυπεῖται
3578 5164 3658 5214 ἐπὶ

2082 5243 2352 5313 ἁποτυχίᾳ
2388 5242 2714 5314 βρωμάτων,
2742 5244 2863 5299 οὔτε
2887 5249 3118 5319 σώφρων
3142 5248 3475 5321 διαμαρτὼν
3502 5253 3656 5323 ἀτρο-

2086 5335 2251 5403 σύνης
2285 5335 2611 5400 ἀκολάστου,
2641 5336 2763 5389 οὐδὲ
2788 5338 3077 5409 ἁόργητος,
3103 5340 3403 5394 ἀποπεσὼν
3426 5343 3655 5413 ἀμύνης.

2083 5425 2206 5478 οὐδὲ
2270 5426 2671 5497 ταπεινόφρων,
2740 5431 3026 5501 στερηθεὶς
3072 5434 3431 5509 ἀνθρωπίνης
3480 5437 3654 5507 τιμῆς.

2080 5517 2203 5572 οὐδὲ
2230 5518 2626 5590 άφιλάργυρος,
2652 5521 2827 5595 ζημίᾳ
2854 5527 3187 5598 περιπεσὼν,
3234 5530 3530 5597 ἐξέκλιναν
3557 5532 3656 5599 γάρ

2076 5610 2177 5681 τὴν
2207 5608 2411 5663 τούτων
2452 5608 2629 5683 ὄρεξιν
2671 5612 2933 5682 δυνατῶςο
2969 5619 3156 5691 ὥσπερ
3192 5622 3306 5695 γὰρ
3354 5625 3383 5677 ό
3421 5623 3655 5692 τεθωρα-
