3788 6224
116 324 248 388 1157

1141 318 1238 377 DE
1279 316 1467 377 OCTO
1501 314 1936 375 SPlRlTIBUS
1972 309 2329 371 MALITIE.

3221 302 3357 368 1158

95 442 352 511 κισμένος
375 438 434 492 ού
463 436 679 506 δέχεται
706 432 1069 505 βέλος,ο’ύτως
1110 434 1138 485 ὁ
1158 430 1370 503 ἀπαθὴς
1398 432 1458 484 οὐ
1490 429 1679 500 τιτρώ-

1843 444 1988 490 iens,
2035 429 2180 498 quod
2236 426 2563 496 impudicam
2609 432 2841 493 nequeat
2879 425 3091 492 assequi
3128 422 3359 478 delecta-

94 549 286 586 σκεται
314 530 422 583 ἀπὸ
453 529 655 597 λύπης.

1788 523 2014 583 tionem,
2064 536 2240 589 neque
2290 527 2629 582 mansuetus,
2681 516 2825 586 quod
2870 517 2937 570 ab
2983 516 3187 570 ultione
3209 516 3359 571 exci-

91 627 254 688 derit,
280 638 460 692 neque
503 620 751 682 humilis,
788 616 930 686 quod
976 616 1217 669 humano
1266 614 1430 668 fuerit
1490 612 1718 668 orbatus
1755 612 1987 691 honore,
2030 626 2206 679 neque
2270 610 2363 679 qui
2395 610 2554 677 longe
2581 607 2650 660 ab
2684 607 2942 661 aviditate
2968 618 3053 661 est
3091 608 3359 677 pecunia.

92 720 136 773 si
165 720 221 771 in
250 715 638 770 detrimentum
671 709 893 778 aliquod
950 706 1228 769 inciderit,
1282 704 1516 759 multum
1591 703 1739 757 enim
1791 702 2065 756 evitarunt
2113 701 2304 754 barum
2348 713 2530 753 rerum
2598 699 2976 766 cupiditatem,
3032 702 3160 769 quia
3219 702 3365 758 sicut

94 811 322 864 thorace
376 807 604 862 indutus
650 815 1001 871 nequaquam
1021 798 1268 871 jaculum
1304 797 1564 863 admittit,
1604 796 1687 852 sic
1723 794 1817 867 qui
1854 795 2171 865 passionum
2218 803 2304 848 est
2355 807 2586 862 expers,
2639 808 2748 846 non
2807 793 3124 849 vulneratur
3173 810 3203 849 a
3271 796 3366 850 tri-

93 886 267 961 stitia.

692 1064 948 1120 ΚΕΦΑΛ.
994 1063 1099 1117 IB'.

159 1179 371 1250 Θυρεὸς
416 1176 745 1248 στρατιώτῃ,
789 1176 884 1229 καὶ
930 1175 1085 1228 πόλει
1118 1174 1298 1245 τεῖχός
1326 1176 1475 1227 ἐστιν
1506 1172 1682 1242 ἀσφά-

92 1272 213 1324 λεια
236 1287 251 1302 ο
288 1268 532 1323 ἀπάθεια
557 1266 615 1320 δέ
651 1265 871 1336 μοναχῷ
900 1265 1288 1335 ἀσφαλεστέρα
1308 1264 1638 1335 ἀμφοτέρων
1661 1279 1674 1293 °

93 1363 291 1432 θυρεδν
322 1362 420 1431 μὲν
452 1359 561 1430 γὰρ
590 1358 734 1410 διέδυ
763 1356 917 1427 βέλος
958 1356 1124 1428 ῥοίζῳ
1147 1358 1450 1428 φερόμενον
1482 1354 1682 1408 πολλά-

92 1474 204 1519 κις,
242 1456 335 1508 καὶ
360 1455 537 1523 τεῖχος
571 1452 884 1521 κατέσκαψε
915 1451 1121 1523 πλῆθος
1142 1449 1509 1521 πολεμιστῶν,
1535 1451 1686 1530 ἅπας

2382 1021 2624 1107 CAPUT.
2649 1048 2764 1102 xu.

1858 1168 2012 1223 Militi
2044 1167 2313 1222 securitas
2347 1174 2431 1221 est
2456 1166 2698 1236 clypeus,
2722 1172 2777 1219 et
2814 1162 2933 1217 urbi
2966 1179 3159 1218 murus
3200 1180 3215 1217 :
3251 1178 3367 1218 mo-

1784 1262 1965 1317 nacho
2020 1274 2150 1316 vero
2209 1259 2527 1330 passionum
2579 1257 2847 1318 vacuitas,
2882 1255 3149 1309 ambobus
3176 1264 3258 1310 est
3284 1268 3370 1309 se-

1785 1356 2007 1418 curior;
2037 1363 2091 1407 et
2123 1354 2269 1409 enim
2303 1367 2445 1421 sape
2471 1350 2690 1421 quidem
2729 1348 2921 1418 sagitta
2954 1347 3132 1402 valido
3153 1347 3365 1401 vibrata

1788 1446 2016 1502 brachio
2046 1453 2290 1516 permeat
2318 1444 2590 1514 clypeum,
2620 1448 2675 1496 et
2722 1441 3046 1495 bellatorum
3079 1440 3370 1493 multitudo

93 1548 247 1610 θείας
297 1545 355 1598 δὲ
408 1546 469 1596 οὐ
523 1543 845 1614 κατισχύσει
892 1543 1057 1614 λύπη.
1100 1543 1160 1596 Ὀ
1203 1542 1424 1613 κρατῶν
1468 1541 1681 1605 παθῶν,

1853 1555 2011 1595 urum
2046 1538 2254 1600 effodit,
2293 1536 2512 1590 tristitia
2536 1549 2664 1587 vero
2690 1548 2798 1586 non
2836 1531 3151 1601 pravalebit
3181 1534 3367 1587 vacui-

93 1642 372 1712 ἐκράτησε
423 1637 624 1706 λύπης,
680 1637 993 1708 ἡττώμενος
1036 1637 1092 1690 δὲ
1124 1636 1338 1707 ἡδονῆς,
1364 1636 1461 1689 οὐκ
1486 1634 1686 1702 ἐκφεύ-

93 1731 244 1797 ξεται
273 1730 400 1790 τοὺς
429 1726 635 1797 ταύτης
663 1726 918 1797 δεσμούς.
965 1727 1026 1779 Ὀ
1050 1724 1391 1795 λυπούμενος
1424 1724 1684 1793 συνεχῶς,

93 1825 190 1876 καὶ
224 1818 698 1893 προσποιούμενος
727 1818 1019 1882 ἀπάθειαν,
1053 1818 1240 1887 ὅμοιός
1268 1820 1385 1869 ἐστι
1419 1816 1682 1879 νοσοῦντι,

96 1916 195 1968 καὶ
219 1914 412 1983 ὑγείαν
445 1912 883 1983 ὑποκρινομένῳ·
908 1910 983 1975 ὡς
1014 1912 1123 1981 γάρ
1149 1913 1176 1964 ὁ
1228 1911 1400 1963 νοσῶν
1428 1908 1687 1980 δηλοῦται

95 2009 207 2062 ἀπὸ
238 2008 336 2061 τοῦ
366 2006 681 2078 χρώματος,
712 2005 885 2068 οὕτως
914 2006 943 2058 ὁ
978 2004 1234 2075 ἐμπαθὴς
1264 2004 1546 2075 ἐλέγχεται
1579 2002 1688 2056 ἀπὸ

93 2101 300 2173 λύπης.
344 2102 403 2153 ὐ
443 2099 677 2169 ἀγαπῶν
698 2099 789 2153 τὸν
814 2102 1041 2168 κόσμον,
1082 2097 1455 2169 λυπηθήσεται
1491 2096 1684 2160 πολλὰ,

95 2194 464 2266 καταφρονῶν
508 2194 564 2247 δὲ
602 2193 712 2246 τῶν
771 2192 830 2244 ἐν
882 2189 1051 2261 αύτῷ,
1112 2190 1549 2260 εὐφρανθήσεται
1600 2187 1689 2242 διὰ

95 2289 332 2351 παντός.
350 2287 693 2356 Φιλάργυρος
729 2282 1027 2354 ζημιωθεὶς
1055 2280 1430 2352 λυπηθήσεται
1453 2279 1684 2351 πικρῶς,

93 2382 123 2431 ὁ
157 2378 218 2431 δὲ
256 2376 615 2445 καταεξρονῶν
656 2377 978 2445 χρημάτων,
1017 2369 1223 2434 ἄλυπος
1263 2369 1434 2421 ἔσται.
1470 2368 1685 2422 Φιλόδο-

97 2470 187 2534 ξος
215 2467 615 2539 λυπηθήσεται,
645 2462 981 2533 ἐπελθούσης
1013 2463 1260 2532 ἀτιμίας,
1292 2464 1320 2514 ὁ
1343 2462 1399 2514 δὲ
1435 2462 1688 2515 ταπεινόν

96 2579 260 2631 φρων
298 2558 505 2629 ταύτην
562 2559 636 2622 ὡς
677 2557 975 2628 σύντροφον
1027 2554 1259 2622 δέξεται.
1306 2555 1687 2626 Χωνευτήριον

98 2657 381 2725 ἐκάθηρεν
416 2652 679 2724 ἀργύριον
716 2651 996 2720 ἀδόκιμον,
1036 2649 1127 2702 καὶ
1164 2647 1312 2718 λύπη
1351 2647 1497 2702 κατά
1554 2645 1688 2702 Θεὸν

98 2750 342 2819 καρδίαν
362 2751 420 2800 ἐν
446 2747 745 2819 ἁμαρτίαις
775 2761 787 2773 ·
831 2742 1096 2814 χώνευσις
1136 2742 1369 2813 συνεχὴς
1411 2742 1557 2812 μειοῖ
1593 2741 1690 2812 μό-

97 2843 311 2905 λιϐδον,
348 2842 441 2895 καὶ
469 2840 614 2905 λύπη
649 2838 889 2907 κοσμικὴ
922 2836 1135 2889 ἐλαττοῖ
1157 2835 1415 2888 διάνοιαν.
1464 2832 1691 2904 Ὀφθαλ-

1795 1634 1888 1691 tati
1914 1633 2252 1704 passionum.
2296 1628 2398 1694 Qui
2431 1627 2743 1682 dominatur
2781 1624 3151 1694 passionibus.
3191 1622 3370 1678 domi-

1795 1736 1954 1778 natus
1996 1731 2080 1777 est
2115 1719 2371 1782 tristitia,
2406 1716 2652 1771 devictus
2702 1723 2883 1767 autem
2917 1729 2949 1767 a
2985 1713 3283 1781 voluptate,
3315 1714 3373 1766 il-

1794 1817 1901 1869 lius
1924 1828 2032 1867 non
2068 1811 2288 1880 effugiet
2325 1808 2541 1863 vincula
2569 1806 2698 1877 :qui
2735 1805 2979 1859 tristatur
3006 1803 3243 1866 assidue,
3278 1818 3363 1858 se-

1793 1923 1900 1977 que
1929 1906 2161 1960 liberum
2190 1918 2221 1957 a
2253 1902 2603 1972 passionibus
2627 1898 2847 1953 fictione
2886 1898 3190 1967 profitetur,
3219 1897 3373 1950 simi-

1793 2000 1861 2055 lis
1900 2007 1985 2054 est
2011 1995 2316 2069 aegrotanti,
2339 1993 2434 2064 qui
2469 1992 2691 2047 simulat
2712 1992 2998 2046 sanitatem
3024 2008 3038 2056 ;
3063 1989 3205 2044 sicut
3225 1989 3372 2043 enim

1792 2096 1885 2164 qui
1915 2094 2107 2147 morbo
2159 2092 2390 2153 laborat,
2440 2104 2470 2143 a
2508 2087 2691 2142 colore
2738 2083 3138 2148 manifestatur,
3176 2082 3248 2136 ita
3277 2082 3372 2151 qui

1793 2184 2143 2256 passioniltus
2209 2182 2417 2243 subest,
2481 2178 2788 2249 arguiture
2839 2175 3081 2230 tristitia.
3116 2174 3220 2240 Qui
3248 2174 3374 2229 dili-

1793 2281 1870 2350 git
1912 2276 2175 2332 mundum
2209 2275 2363 2329 valde
2414 2272 2587 2327 tristis
2628 2270 2898 2333 marebit,
2944 2269 3037 2324 sed
3069 2268 3163 2337 qui
3192 2267 3376 2337 despi-

1794 2370 1869 2424 cit
1894 2384 1979 2432 ea,
2005 2383 2128 2437 qua
2159 2366 2210 2418 in
2250 2364 2367 2432 ipso
2407 2372 2555 2424 sunt,
2588 2374 2803 2428 semper
2832 2358 3106 2427 gaudebit.
3140 2359 3373 2416 Avarus,

1795 2465 1840 2521 si
1883 2465 2090 2517 damno
2122 2456 2288 2510 fuerit
2330 2453 2580 2515 affectus,
2620 2464 2805 2505 amare
2845 2447 3290 2510 contristabitur,
3321 2457 3378 2501 at

1793 2551 1886 2622 qui
1923 2549 2225 2606 contemnit
2269 2543 2554 2615 pecunias,
2610 2541 2819 2609 absque
2845 2538 3064 2593 tristitia
3094 2536 3261 2609 468
3292 2537 3375 2590 vi-

1793 2654 1901 2699 vet.
1945 2642 2046 2709 Qui
2073 2641 2265 2695 avidus
2296 2646 2379 2692 est
2427 2635 2634 2705 gloria,
2681 2629 3097 2701 superveniente
3128 2628 3376 2691 infamia,

1795 2736 1996 2792 incidet
2019 2735 2072 2787 in
2098 2731 2412 2794 tristitiam;
2437 2742 2625 2781 verum
2640 2724 2733 2793 qui
2754 2722 3031 2777 humiliter
3051 2721 3212 2790 sapit,
3232 2736 3374 2784 eam,

1794 2827 1963 2884 veluti
2017 2824 2259 2879 sodalem
2317 2818 2571 2889 excipiet.
2624 2815 2842 2869 Fornax
2895 2812 3215 2868 conﬂatoria
3266 2827 3375 2865 non

104 2934 231 3004 μῶν
261 2932 557 3001 ἐνέργειαν
610 2904 852 3000 ἀμαυροί
878 2904 1112 2997 γνόφος,
1140 2926 1234 2979 καὶ
1270 2924 1395 2978 νοῦν
1422 2924 1692 2997 θεωρητι-

1843 2919 2085 2975 robatum
2148 2921 2416 2984 expurgat
2479 2916 2787 2977 argentum,
2841 2914 2897 2959 et
2929 2904 3151 2958 tristitia
3178 2917 3374 2956 secun-

100 2992 206 3077 κον
227 2992 494 3092 ἀμϐλύ-νει
702 3037 715 3050 ο
742 2992 1123 3089 βυθὸν-ὕδατος
1175 3016 1233 3067 ού
1255 2992 1693 3086 διαϐαίνει-ἡλια-

1843 3027 1928 3067 um
1978 3008 2175 3071 Deum,
2232 3020 2349 3069 cor,
2385 3001 2531 3072 quod
2562 3010 2645 3053 est
2695 2998 2747 3050 in
2793 2995 3034 3066 peccatis
3071 3011 3084 3046 :
3116 2992 3378 3046 continua

98 3116 204 3168 κὸν
240 3114 464 3182 φέγγος,
503 3111 597 3164 κα)⁵
628 3110 856 3181 καρδίαν
905 3108 1216 3160 καταλυπον
1257 3107 1315 3158 οὐ
1364 3104 1693 3173 καταυγάζει

1843 3104 2098 3159 )nllatura
2160 3098 2441 3169 plumbum
2492 3092 2788 3152 imminuit,
2833 3100 2887 3142 et
2920 3086 3107 3141 mundi
3157 3084 3377 3138 tristitia

100 3208 320 3278 θεωρία
345 3205 521 3274 φωτός
550 3220 562 3233 ·
603 3202 700 3274 ἡδὺ
740 3204 908 3256 πᾶσιν
934 3200 1245 3272 ἀνθρώποις
1270 3198 1506 3269 ἀνατολὴ
1527 3197 1697 3266 ἡλίου,

1797 3195 2053 3252 diminuit
2080 3191 2437 3247 intellectum.
2472 3187 2655 3238 Aciem
2681 3181 2967 3235 oculorum
3005 3175 3377 3245 perspicacem

98 3266 525 3372 δυσαρεστείται
556 3266 740 3351 δὲ’καὶ
793 3295 968 3365 τούτῳ
1041 3266 1360 3362 λυπουμένη
1407 3266 1693 3362 ψυχή.Λῖ-

1843 3289 1973 3357 tligo
2005 3284 2276 3343 obfuscat,
2317 3290 2371 3333 et
2424 3284 2662 3330 mentem
2717 3270 2987 3326 addictam
3040 3266 3379 3335 contempla-

104 3396 311 3466 σθησιν
364 3391 608 3461 γεύσεως
650 3390 967 3459 ἀφαιρεῖται
1010 3386 1246 3456 ίκτερος,
1281 3385 1375 3437 καὶ
1405 3383 1583 3452 ψυχῆς
1613 3383 1699 3436 αῐ-

1804 3380 1937 3434 tioni
1959 3378 2170 3433 hebetat
2208 3371 2449 3430 tristitia.
2480 3369 2648 3438 Aqua
2672 3363 3096 3436 profunditatem
3124 3374 3230 3413 non
3259 3373 3382 3427 per-

104 3450 309 3558 σθησιν
343 3450 662 3553 ἀφαιρεῖται
896 3481 955 3532 '0
984 3479 1039 3532 δὲ
1062 3450 1429 3549 καταφρονῶν.
1581 3475 1693 3546 ἡδο-

1843 3475 1955 3527 adlt
1985 3469 2116 3523 solis
2147 3464 2345 3535 fulgor,
2380 3468 2435 3515 et
2470 3474 2565 3512 cor
2588 3455 2841 3510 aﬂ'ectum
2876 3450 3095 3506 triStitia
3131 3458 3381 3503 contem-

101 3540 221 3633 νῶν
272 3575 369 3629 τοῦ
396 3540 406 3553 .
439 3540 648 3646 κύσμου
727 3540 840 3626 οὐκ.
865 3540 1233 3644 ὀχληθήσεται
1254 3540 1267 3549 ’
1290 3567 1396 3623 ὑπὸ
1428 3540 1693 3639 λογισμῶι

1846 3564 1975 3618 latio
1997 3558 2219 3615 luminis
2240 3572 2347 3611 non
2385 3554 2659 3608 illustrat:
2691 3547 2824 3602 solis
2854 3552 3031 3607 ortus,
3062 3542 3221 3597 dulce
3249 3540 3379 3610 quid

102 3674 315 3742 λύπης.

1811 3635 2130 3714 hominibus
2156 3658 2272 3717 est;
2298 3658 2348 3702 at
2381 3647 2589 3711 anima,
2619 3654 2742 3712 qua
2766 3637 2988 3694 tristitia
3018 3635 3293 3705 afﬂigitur,
3327 3635 3381 3685 in

104 3784 182 3822 eu
214 3781 438 3838 quoque
472 3762 578 3819 sibi
644 3760 918 3830 displicet.
983 3756 1212 3813 Morbus
1250 3761 1514 3825 arquatus
1553 3768 1778 3810 sensum
1817 3752 1996 3809 aufert
2027 3758 2241 3820 gustus,
2276 3754 2329 3800 ct
2351 3742 2572 3797 tristitia
2613 3737 2751 3794 tollit
2790 3735 2987 3790 anima
3042 3745 3285 3787 sensum.
3316 3729 3386 3781 At

103 3836 457 3933 qui—mundi
511 3856 820 3926 voluptates
860 3850 1183 3914 contemnit,
1214 3863 1245 3903 a
1276 3846 1698 3918 cogitationibus
1737 3847 1969 3904 tristitia
1997 3857 2107 3899 non
2131 3836 2459 3895 turbabitur.

710 4007 958 4064 ΚΕΦΑΛ.
1007 4004 1109 4058 lI".

684 4146 826 4214 Περὶ
853 4142 1127 4213 ἀκηδίας.

207 4269 431 4342 Ἀκηδία
460 4267 607 4321 ἐστὶν
631 4262 820 4319 ἀτονία
849 4259 1051 4332 ψυχῆς,
1083 4257 1272 4311 ἀτονία
1297 4257 1354 4311 δὲ
1387 4256 1567 4327 ψυχῆς
1602 4254 1705 4307 οὐκ

111 4367 324 4436 ἔχουσα
356 4361 416 4414 τὸ
447 4356 591 4413 κατά
643 4353 827 4426 φύσιν,
861 4352 981 4405 οὐδὲ
1011 4351 1149 4422 πρὸς
1184 4348 1525 4420 πειρασμοὺς
1555 4346 1714 4399 ἵστα-

109 4475 217 4511 ται
245 4452 529 4524 γενναίως.
563 4448 745 4518 Ὅπερ
774 4446 884 4516 γάρ
920 4446 1038 4497 ἐστι
1062 4442 1239 4514 τροφὴ
1266 4438 1576 4493 εύεκτοῦντι
1601 4436 1710 4490 σώ-

120 4544 471 4622 ματι,τοῦτὸ
503 4545 620 4595 ἐστι
662 4537 971 4611 πειρασμὸς
1012 4534 1240 4605 γενναία
1301 4533 1468 4604 ψυχῇ.
1511 4530 1712 4601 Βορέας

116 4619 331 4709 ἄνεμος
373 4636 564 4708 τρέφει
593 4632 943 4702 γεννήματα,
979 4626 1074 4679 καὶ
1101 4623 1400 4694 πειρασμο)⁵
1435 4619 1713 4691 βεϐαιοῦσι

118 4728 431 4803 καρτερίαν
458 4726 660 4797 ψυχῆς.
693 4722 912 4793 Νεφέλη
935 4718 1162 4788 ἄνυδρος
1182 4712 1439 4768 διώκεται
1461 4711 1565 4764 ὑπὸ
1588 4710 1715 4764 ἀνέο

127 4839 264 4893 μου,
312 4819 408 4872 καὶ
462 4817 589 4879 νοῦς
643 4812 926 4884 ὑπομονὴν
963 4808 1038 4880 μὴ
1066 4807 1229 4877 ἔχων,
1267 4804 1373 4857 ὑπὸ
1407 4801 1716 4871 πνεύματος

124 4891 389 4982 ἀκηόίας.
446 4907 645 4979 Δρὸσος
711 4902 902 4973 ἐαρινὴ
953 4900 1107 4963 αὒξει
1155 4896 1368 4967 καρπὸν
1397 4893 1592 4965 ἀγροῦ,
1624 4891 1719 4946 καὶ⁸

126 4979 296 5071 λόγος
324 4995 697 5067 πνευματικὸς
727 4992 854 5063 ύψοῖ
896 4988 1236 5044 κατάστασιν
1262 4983 1464 5054 ψυχῆς.
1509 4979 1720 5051 Ῥεῦμα

130 5094 373 5164 ἀκηδίας
407 5089 689 5157 ἐξελαύνει
746 5084 982 5157 μοναχὸν
1033 5083 1098 5134 ἐκ
1143 5079 1242 5150 τῆς
1285 5076 1463 5138 οίκίας
1485 5073 1722 5137 αὐτοῦ,ὁ

130 5192 193 5244 δὲ
230 5163 370 5258 έχων
394 5182 673 5254 ὑπομονὴν
703 5174 969 5249 ἡσυχάζει
995 5170 1307 5232 διαπαντός.
1326 5163 1723 5221 ’Δσθενούντων

136 5249 460 5349 ἐπισκέψεις
499 5249 862 5346 προθὰλλεται
908 5272 937 5322 ὁ
973 5260 1329 5335 ἀκηδιαστὴς,
1389 5257 1728 5329 πληροφορεῖ
1826 5249 1920 5319 (ιυὶ
1946 5260 2038 5300 ver

133 5376 196 5429 δὲ
227 5373 320 5425 τὸν
351 5348 482 5424 ἴδιον
516 5367 739 5421 σκοπόν.
783 5358 1143 5432 Ἀκηδιαστὴς
1167 5354 1423 5426 μοναχὸς,
1458 5351 1593 5422 πρὸς
1615 5348 1729 5401 δια-

138 5467 334 5521 κονίαν
370 5464 519 5530 ὀξὺς,
550 5460 647 5513 καὶ
670 5456 891 5526 ἐντολὴν
922 5451 1199 5520 λογίζεται
1229 5447 1329 5517 τὴν
1362 5441 1558 5499 ἑαυτοῦ
1588 5440 1728 5509 πλη·
1830 5440 1919 5484 tex

1510 5533 1595 5604 τὴ,
1636 5496 1733 5584 καὶ
1835 5496 2124 5577 satisfacit.
2161 5511 2463 5567 Monachus
2514 5508 2667 5577 piger
2707 5502 2772 5557 ad
2807 5496 3171 5554 ministerium
3208 5505 3293 5547 est
3315 5507 3408 5543 ve-

2916 5590 2926 5601 .
2986 5589 3026 5604 .7
3194 5580 3375 5604 ,ηε-,η

136 5558 403 5631 ροφορίαν
434 5572 449 5586 ⁸
499 5552 666 5623 φυτὸν
705 5549 933 5620 ἀδρανὲς
972 5544 1181 5600 ἔκλινεν
1220 5534 1363 5609 αὖρα
1401 5536 1507 5589 λεπ

139 5624 421 5723 ξραντασία
479 5646 793 5717 ἀποδημίας
825 5641 1077 5696 εἵλκυσεν
1110 5631 1466 5704 ἀκηδιαστήν.
1507 5624 1736 5693 Δένδρον

147 5742 331 5807 καλῶς
358 5739 607 5811 πεπηγὸς
634 5739 734 5793 οὐκ
776 5734 954 5789 ἔσεισε
985 5731 1075 5802 βία
1097 5724 1444 5797 πνευμάτων,
1479 5718 1574 5773 καὶ
1591 5717 1731 5785 ἀκη-

2403 3989 2633 4049 CAPUT
2663 3986 2803 4043 XIII.

2240 4109 2312 4165 De
2354 4107 2562 4169 acedia,
2600 4120 2689 4159 seu
2735 4098 2963 4154 desidia.

1882 4232 2080 4290 Acedia
2130 4237 2216 4286 est
2262 4225 2459 4281 anima
2501 4222 2728 4290 languor
2755 4256 2770 4281 ,
2826 4215 3023 4269 anima
3058 4224 3184 4265 vero
3237 4207 3389 4262 infir-

1744 4336 1789 4395 D
1820 4332 1998 4394 mitas,
2033 4340 2157 4381 eum
2190 4336 2299 4376 non
2339 4319 2554 4380 habeat,
2590 4312 2737 4384 quod
2774 4318 2857 4365 est
2898 4306 3199 4364 secundum
3233 4310 3393 4357 natu-

1813 4440 1952 4487 ram,
2002 4434 2103 4474 nec
2155 4417 2420 4470 adversus
2454 4406 2784 4463 tentationes
2831 4412 3093 4471 generose
3124 4393 3391 4466 persistit.

1812 4614 2081 4664 mentum,
2126 4601 2229 4655 hoc
2262 4597 2404 4651 idem
2460 4589 2690 4646 tentatio
2723 4587 2777 4642 in
2820 4584 3001 4639 anima
3034 4578 3194 4634 efﬁcit
3234 4591 3398 4646 gene-

1813 4714 1961 4754 rosa.
2000 4694 2200 4749 Boreas
2228 4697 2420 4743 ventus
2449 4683 2620 4740 nutrit
2654 4678 2921 4751 gertnina,
2961 4681 3016 4727 et
3048 4668 3395 4728 tentationes,

1817 4792 2015 4848 anima
2070 4781 2436 4842 constantiam
2505 4776 2744 4829 linnaut.
2794 4767 2977 4823 Nubes
3016 4777 3158 4833 aqua
3202 4774 3399 4813 carens

1818 4899 1849 4937 a
1870 4891 2030 4935 vento
2053 4873 2384 4945 dispellitur,
2406 4878 2460 4923 et
2486 4880 2665 4929 mens,
2695 4859 3010 4933 patientiam
3037 4871 3142 4909 nou
3170 4852 3396 4912 habens,

1821 4990 1851 5028 a
1884 4972 2081 5041 spiritu
2111 4941 2354 5022 desidia.
2394 4960 2505 5014 Bos
2548 4970 2749 5011 vernus
2793 4958 2955 5020 auget
2990 4947 3225 5000 fructum
3258 4941 3398 5010 agri,

1821 5073 1875 5120 et
1895 5032 2078 5118 sermo
2110 5054 2412 5129 spiritualis
2438 5059 2640 5107 statum
2662 5045 2859 5099 anima
2882 5042 2934 5095 in
2970 5038 3203 5093 sublime
3228 5032 3404 5088 extol-

1824 5158 1903 5212 lit.
1939 5156 2163 5209 Fluctus
2181 5148 2404 5205 desidia
2429 5140 2758 5198 monachum
2790 5132 3011 5204 expellit
3038 5144 3069 5184 e
3094 5130 3258 5182 domo
3281 5138 3402 5189 sua,

2040 5259 2075 5300 ο
2110 5242 2304 5298 tolerat
2346 5236 2615 5303 habetque
2638 5228 2977 5301 patientiam,
2999 5222 3239 5291 quietam
3258 5230 3405 5270 sem-

1829 5311 1925 5409 per
1982 5330 2234 5401 transigit
2286 5327 2474 5381 vitam.
2513 5320 2854 5375 luflrmorum
2886 5311 3222 5368 visitationes
3267 5320 3408 5376 pra-

1927 5429 1966 5480 it
1989 5423 2155 5497 469
2183 5419 2485 5490 negligens,
2513 5411 2737 5485 proprio
2773 5421 2901 5461 vero
2944 5404 3122 5476 genio,
3154 5407 3208 5455 et
3244 5412 3408 5468 scopo

1835 5614 1947 5677 lox,
2011 5616 2278 5680 putatque
2322 5606 2649 5673 praceptum
2679 5608 2802 5650 esse
2844 5590 2929 5645 sui
2986 5587 3159 5658 ipsius
3189 5580 3411 5640 satisfa-

1791 5712 1799 5720 '
1838 5676 2094 5763 ctione—tn.
2121 5699 2268 5754 Aura
2294 5694 2474 5753 tenuis
2496 5691 2767 5747 infirmam
2796 5692 3043 5757 quassat,
3080 5676 3411 5746 innectitque
