3788 6224
420 315 556 380 1159

418 430 680 500 plantam,
721 438 775 482 et
810 429 1263 498 peregrinationis
1294 430 1607 501 imaginatio
1666 431 1830 487 trahit
1850 434 1993 487 desi-

415 523 561 575 dem.
601 518 746 573 Bene
782 519 998 589 alteque
1041 519 1273 574 deﬁxam
1302 522 1548 575 arborem
1570 531 1852 576 ventorum
1884 538 1993 577 non

416 610 661 665 concutit
690 610 972 676 violentia,
1000 619 1053 665 et
1074 611 1281 665 desidia
1302 613 1529 666 firmiter
1558 614 1851 686 merentem
1878 615 1997 668 ani-

414 718 561 757 mam
584 718 689 757 non
720 702 966 756 inflectit.
992 702 1265 758 Circuitor
1288 704 1590 759 monachus
1626 705 1839 758 aridum
1886 706 1986 759 vir-

416 796 627 865 gultutn
654 804 737 850 est
767 797 1116 863 solitudinis;
1154 800 1435 867 paululum
1480 800 1847 869 conquiescit,
1872 816 1998 855 rur-

416 904 623 958 susque
686 888 860 943 fertur
904 891 1131 945 invitus.
1179 890 1367 945 Planta
1425 894 1687 948 translata
1758 893 1997 948 fructum

415 994 525 1033 non
559 980 735 1046 affert,
793 992 847 1035 et
898 984 1202 1037 monachus
1244 983 1715 1040 circumforaneus
1759 983 1999 1040 fructum

416 1086 525 1126 non
557 1074 707 1127 dabit
738 1075 978 1129 virtutis.
1018 1074 1236 1128 Infirmo
1281 1090 1346 1129 ac
1378 1075 1542 1130 debili
1577 1092 1682 1131 non
1710 1092 1873 1131 unum
1913 1096 2001 1133 sa-

1902 328 1968 381 δ.
2029 322 2190 383 ΝΙΜ

3561 314 3685 375 1160

2098 441 2188 493 δία
2215 442 2316 494 οὐκ
2369 441 2618 510 ἔκαμψεν
2662 436 3063 511 ἐρηρεισμένην
3100 433 3303 505 ψυχήν.
3363 427 3684 495 Κυκλευτὴς

2104 536 2361 606 μοναχὸς,
2418 532 2696 603 φρύγανον
2752 529 3015 602 ἐρημίας,
3065 526 3246 593 ὀλίγον
3277 522 3563 595 ἡσύχασε,
3606 524 3687 572 καὶ

2100 627 2263 679 πάλιν
2323 625 2547 695 φέρεται
2602 623 2676 693 μὴ
2730 621 3076 690 βουλόμενος.
3144 615 3320 668 Φυτδν
3379 612 3685 681 pascar/3-

2105 735 2267 789 μενον
2308 718 2367 768 οὐ
2419 716 2787 786 καρποφορεῖ,
2829 713 2924 765 καὶ
2981 708 3219 778 μοναχὸς
3258 704 3589 771 κυκλευτὴς
3635 704 3685 754 οὐ

2105 808 2323 877 ποιήσει
2387 804 2598 874 καρπὸν
2661 801 2887 870 ἀρετῆς.
2936 800 2995 853 '0
3028 796 3273 852 ἀσθενῶν
3309 796 3419 847 οὐκ
3444 793 3689 862 ἀρκεῖται

2104 900 2280 968 τροφῇ
2309 898 2425 967 μιᾷ,
2450 895 2544 946 καὶ
2571 891 2903 963 ἀκηδιαστὴς
2933 888 3161 960 μοναχὺς
3192 890 3250 940 ἐν
3270 885 3433 955 ἔργῳ
3466 883 3569 934 ἐνί.
3588 880 3690 932 Φιλ-

2106 990 2279 1060 ηδόνῳ
2325 991 2425 1041 οὐκ
2457 988 2681 1059 ἀρκέσει
2718 985 2817 1054 μία
2858 982 3017 1053 γυνὴ,
3058 981 3153 1033 καὶ
3183 978 3507 1049 ἀκηδιαστῇ
3543 990 3690 1043 μονα-

2111 1082 2190 1153 χῷ
2224 1082 2323 1134 οὐκ
2354 1080 2580 1151 ἀρκέσει
2614 1078 2713 1147 μία
2736 1076 2927 1128 κέλλα.

420 1163 623 1219 tisfacit
684 1165 1028 1229 alimentum,
1060 1174 1114 1219 et
1184 1181 1283 1236 pro
1335 1168 1612 1223 desidioso
1653 1174 1923 1228 monacho
1963 1191 2069 1231 non
2111 1189 2195 1229 sat
2220 1184 2304 1230 est
2342 1188 2510 1228 unum
2532 1185 2691 1240 Opus.
2723 1167 3028 1237 Voluptatis
3055 1165 3254 1236 cupido
3288 1178 3407 1217 una
3444 1176 3561 1216 non
3588 1156 3690 1214 suf-

425 1256 539 1312 ficit
574 1256 794 1323 femina,
830 1266 884 1312 et
913 1259 1183 1313 monacho
1230 1260 1402 1314 desidi
1441 1277 1545 1316 non
1590 1265 1724 1320 satis
1751 1268 1856 1321 erit
1894 1284 2000 1324 una
2038 1270 2192 1326 cella.

1010 1416 1239 1471 CAPUT
1267 1418 1405 1473 XIV.

490 1526 698 1582 Oculus
744 1527 929 1597 segnis
969 1529 1191 1584 assidue
1228 1530 1488 1587 fenestris
1528 1533 1737 1591 intente
1789 1539 2002 1607 aspicit,

418 1621 776 1690 ejusdemque
830 1620 1141 1677 intellectus
1177 1624 1463 1679 visitantcs
1516 1625 1882 1697 imaginatur:
1921 1632 2007 1699 ja.

2705 1432 2958 1484 ΚΕΦΑΛ.
3006 1431 3104 1484 ΙΔ’.

2180 1546 2487 1618 Ὀφθαλμδς
2510 1546 2841 1617 ἀκηδιαστοῦ
2863 1547 2983 1606 ταῖς
3000 1543 3216 1613 θυρίσιν
3236 1539 3552 1605 ἐνατενίζει
3608 1555 3690 1590 συ-

2097 1640 2257 1711 χνῶς,
2311 1642 2404 1693 καὶ⁵
2446 1643 2479 1712 ἡ
2515 1641 2725 1693 διάνοια
2780 1638 2946 1691 αὐτοῦ
2999 1638 3127 1699 τοὺς
3182 1633 3690 1703 ἐπισκεπτομένους

420 1726 529 1765 nua
581 1710 872 1764 stridorem
922 1712 1111 1777 edidit,
1163 1715 1368 1770 exsiliit
1405 1717 1516 1783 ille,
1550 1734 1739 1775 vocem
1802 1725 1996 1790 audiit,

2176 1732 2480 1795 ,ντάζεται·
2537 1731 2753 1800 ἒτρισεν
2799 1731 2833 1799 ἡ
2877 1727 3039 1798 θύρα,
3090 1727 3358 1786 κάκεῖνος
3415 1722 3688 1793 ὲξήλλατο,

416 1802 636 1871 jamque
660 1816 755 1869 per
790 1801 1081 1856 fenestram
1133 1804 1425 1861 inclinatus
1460 1811 1719 1880 respexit,
1754 1827 1851 1866 nec
1878 1816 2002 1870 inde

418 1893 670 1956 discedit,
697 1906 983 1961 usquequo
1027 1894 1243 1961 sedens,
1286 1897 1654 1967 Obstupescat.
1698 1901 1886 1969 Deses,
1923 1905 1999 1959 le-

418 1983 596 2055 gendo
620 1998 762 2051 saepe
783 1986 1007 2048 oscitat,
1037 1996 1090 2039 et
1107 1986 1175 2039 ad
1195 2002 1450 2042 somnum
1483 1990 1641 2046 facile
1663 1993 1997 2061 devolvitur,

418 2074 690 2131 confricat
720 2077 950 2140 vultum.
997 2077 1369 2149 distenditque
1404 2098 1627 2150 manus,
1659 2094 1714 2139 et
1746 2095 2001 2142 avertens

419 2169 609 2225 oculos
641 2184 672 2224 a
704 2170 863 2236 libro,
896 2172 949 2224 in
997 2173 1212 2241 pariete
1244 2174 1392 2242 ipsos
1421 2176 1641 2245 deligit:
1682 2179 1882 2233 iterum
1917 2196 2002 2237 re-

420 2276 614 2316 versus
642 2278 935 2332 parumper
960 2263 1108 2332 legit,
1129 2265 1510 2336 replicansque
1527 2268 1815 2324 verborum
1842 2271 1998 2336 fines,

419 2352 633 2407 laborat
684 2354 940 2417 inaniter,
996 2354 1125 2408 folia
1155 2367 1460 2425 enumerat,
1512 2368 1567 2414 et
1613 2364 2000 2430 quaterniones

420 2446 742 2508 calculator,
804 2446 1135 2515 scripturam
1198 2455 1251 2501 et
1294 2461 1544 2503 ornatum
1597 2453 1891 2521 vituperat,
1937 2470 2001 2509 ac

419 2538 639 2592 demum
696 2538 1034 2607 complicans
1082 2539 1341 2607 supponit
1388 2543 1553 2610 capiti
1585 2542 1806 2609 librum,
1842 2546 2000 2600 edor-

421 2630 628 2698 mitque
662 2644 916 2683 somnum
940 2645 1047 2682 non
1076 2631 1232 2684 valde
1261 2631 1616 2699 profundum,
1649 2635 1820 2692 fames
1854 2638 1999 2691 enim

418 2720 680 2788 deinceps
703 2720 877 2789 ipsius
908 2721 1115 2775 excitat
1158 2723 1419 2789 animam,
1448 2739 1512 2779 ac
1542 2724 1706 2796 470
1749 2731 2000 2798 proprias

419 2814 561 2880 gerit
616 2826 801 2865 curas.
862 2811 1057 2879 Segnis
1105 2813 1433 2878 monachus,
1483 2816 1635 2885 piger
1664 2826 1748 2870 est
1786 2818 1853 2871 ad
1878 2835 2000 2872 ora-

421 2903 647 2965 tionem,
675 2911 729 2955 et
764 2901 925 2954 verba
960 2902 1224 2955 orationis
1250 2918 1355 2955 non
1388 2904 1675 2974 eloquetur
1720 2923 1996 2977 unquam:

419 2992 879 3063 quemadmodum
912 2991 1079 3054 enim,
1118 2994 1212 3061 qui
1262 3004 1506 3064 mgrotat,
1541 3012 1705 3066 grave
1740 3012 1848 3051 non
1874 3016 2001 3069 por-

422 3092 500 3138 tat
541 3098 702 3147 onus,
744 3083 817 3137 ita
856 3092 912 3136 et
967 3082 1302 3148 desidiosus,
1358 3099 1500 3152 opus
1526 3088 1617 3139 Dei
1659 3102 2004 3158 nequaquam

422 3176 588 3231 faciet
628 3184 921 3231 accurate:
957 3192 1103 3242 nam,
1151 3176 1467 3230 destituitur
1515 3178 1735 3247 quidem
1764 3180 1853 3233 ille
1877 3182 2005 3234 viri-

421 3269 525 3323 bus
548 3269 816 3338 corporis,
850 3269 952 3324 iste
1004 3283 1132 3322 vero
1163 3270 1364 3321 anima:
1409 3271 1590 3324 nervis
1625 3286 1689 3325 ac
1727 3272 2005 3327 laboribus

420 3370 508 3415 est
539 3361 863 3416 dissolutus.
896 3360 1171 3414 Desidiam
1191 3371 1350 3414 sanat
1384 3362 1642 3430 patientia
1671 3363 2004 3434 ;omniaque

427 3467 553 3506 cum
584 3453 754 3505 multa
790 3462 844 3506 et
884 3452 1106 3507 assidua
1135 3450 1317 3506 facere
1366 3453 1685 3518 attentione,
1721 3464 1779 3509 et
1809 3455 1902 3509 Dei
1935 3456 2005 3510 ti-

424 3559 596 3597 more.
630 3542 686 3597 ln
729 3545 877 3598 omni
913 3559 1077 3613 opere
1108 3545 1327 3598 modum
1356 3545 1549 3599 ordina
1579 3546 1673 3601 tibi
1711 3547 1834 3615 ipsi,
1869 3564 2003 3605 neve

425 3636 576 3706 prius
615 3636 866 3697 desistas,
901 3652 1068 3705 quam
1124 3637 1256 3691 illud
1284 3637 1602 3706 perfeceris,
1634 3655 1698 3693 ac
1726 3641 1886 3694 simul
1923 3641 2004 3696 in-

424 3727 748 3796 telligenter,
798 3727 1167 3797 omnibusque
1220 3728 1425 3782 viribus
1459 3744 1576 3795 ora,
1617 3740 1856 3800 tuncque
1888 3745 1919 3783 a
1953 3741 2004 3787 te

425 3820 654 3888 spiritus
679 3818 929 3887 aufugiet
961 3819 1211 3889 pigritiae.

1010 4109 1242 4164 CAPUT
1277 4110 1390 4164 XV.

977 4223 1047 4277 De
1080 4240 1214 4277 vana
1240 4225 1435 4293 gloria.

493 4357 647 4413 Vana
704 4356 877 4427 gloria
926 4366 1007 4411 est
1063 4358 1248 4427 passio
1308 4358 1670 4428 irrationalis,
1731 4359 1999 4434 facileque

424 4451 575 4505 omni
603 4451 822 4504 virtutis
850 4451 999 4519 operi
1046 4451 1378 4519 implicatur.
1424 4452 1590 4508 Linea
1640 4455 1692 4507 in
1727 4472 1869 4525 aqua
1921 4459 2002 4511 ef-

426 4543 658 4596 formata
709 4542 1087 4605 confunditur,
1119 4552 1171 4596 et
1198 4543 1251 4595 in
1278 4544 1460 4597 anima
1506 4561 1657 4599 vanae
1680 4547 1863 4617 gloriae
1901 4565 1999 4603 cu-

424 4634 548 4704 pida
583 4634 738 4687 labor
769 4632 1006 4686 virtutis.
1043 4631 1236 4687 Manus
1267 4634 1323 4687 fit
1363 4636 1593 4691 candida
1626 4639 1679 4692 in
1711 4640 1833 4694 sinu
1873 4642 2000 4696 abs-

424 4725 668 4788 condita,
701 4734 755 4777 et
783 4726 927 4777 actio
953 4726 1223 4778 occultata
1246 4724 1365 4780 luce
1390 4727 1594 4783 clarius
1633 4730 1873 4801 effulget.
1908 4713 2003 4788 Ar-

424 4814 610 4869 liorem
635 4815 835 4869 hedera
877 4814 1367 4883 circumplectitur,
1415 4825 1468 4870 et
1517 4820 1739 4887 quando
1779 4836 1999 4876 sursum

422 4908 733 4977 pervenerit
765 4906 1008 4961 radicem
1062 4909 1327 4973 exsiccat,
1361 4916 1414 4960 et
1459 4924 1600 4963 vana
1628 4912 1796 4980 gloria
1828 4913 2000 4967 virtu-

427 4998 573 5053 tibus
621 4998 960 5064 adnascitur,
994 5014 1200 5068 easque
1253 5014 1363 5053 non
1402 5000 1623 5065 deserit,
1653 5004 1827 5059 donec
1861 5006 2002 5059 virus

424 5089 704 5143 exciderit.
746 5088 944 5143 Botrus
1007 5089 1060 5142 in
1120 5089 1349 5153 humum
1397 5099 1661 5146 attractus
1705 5093 1866 5148 facile
1898 5111 2003 5163 pu-

426 5183 589 5249 trefit,
622 5190 676 5236 et
707 5182 881 5237 virtus
908 5181 1119 5250 deperit
1159 5197 1310 5234 vanae
1350 5180 1536 5251 gloriae
1566 5183 1856 5239 inhaerens.
1889 5183 2004 5238 Mo-

428 5275 660 5340 nachus,
696 5275 791 5345 qui
821 5289 962 5328 vana
1017 5273 1188 5342 gloria
1239 5276 1571 5343 percellitur,
1604 5277 1891 5345 operarius
1920 5287 2006 5331 est

431 5368 638 5438 absque
691 5367 962 5434 mercede,
1021 5367 1260 5421 laborem
1320 5368 1506 5433 subiit,
1545 5376 1599 5421 et
1642 5368 1847 5421 nullam
1915 5384 2005 5423 ac-

428 5461 575 5529 cepit
617 5461 946 5517 mercedem.
986 5458 1259 5515 Crumena
1316 5459 1590 5530 perforata
1639 5476 1748 5515 non
1781 5477 2006 5516 conser-

431 5559 543 5614 vat,
571 5552 717 5621 quod
756 5551 1087 5617 immittitur,
1125 5561 1180 5606 et
1220 5566 1355 5605 vana
1378 5552 1551 5622 gloria
1570 5553 1831 5609 virtutum
1857 5568 2003 5607 mer-

432 5642 595 5697 cedes
617 5644 776 5719 47],
818 5644 1097 5712 disperdit.
1134 5642 1482 5699 Continentia
1509 5661 1660 5701 vana:
1683 5646 1868 5715 gloria:
1906 5662 2003 5700 cu-

436 5733 574 5805 pidi,
604 5734 789 5791 fumus
817 5743 902 5790 est
932 5734 1152 5802 camini,
1187 5735 1351 5804 inque
1380 5752 1576 5809 aerem
1636 5748 1867 5807 utraque
1890 5739 2002 5794 dis-

2110 1825 2292 1895 φωνῆς
2352 1825 2573 1894 ἤκουσε,
2611 1824 2706 1876 καὶ
2757 1822 2849 1876 διά
2892 1822 2990 1890 τῆς
3020 1820 3238 1890 θυρίδος
3258 1816 3590 1889 παρέκυψε,
3612 1816 3691 1866 καὶ

2108 1918 2210 1969 οὐκ
2238 1918 2535 1986 ἀφίσταται
2577 1914 2806 1979 ἐκεῖθεν,
2837 1914 2941 1976 ἓως
2963 1907 3025 1966 οὐ
3058 1912 3333 1983 ναρκήσει
3362 1909 3690 1979 καθήμενος.

2122 2008 2543 2077 Ἀναγινὼσκων
2566 2008 2901 2079 ἀκηδιαστὴς
2921 2008 3201 2078 χασμᾶται
3217 2004 3427 2068 πολλὰ,
3455 2001 3694 2071 καὶπρὸς

2109 2102 2279 2156 ὕπνον
2306 2104 2676 2173 καταφέρεται
2723 2102 2985 2172 εὐχερῶς,
3016 2100 3193 2171 τρίϐει
3244 2100 3353 2162 τάς
3400 2099 3583 2167 ὄψεις,
3614 2094 3694 2146 καὶ

2108 2198 2363 2251 διατείνει
2393 2197 2492 2261 τάς
2511 2199 2721 2267 χεῖρας,
2745 2198 2838 2249 καὶ
2864 2196 2956 2248 τοῦ
2991 2194 3197 2264 βιϐλίου
3227 2194 3365 2256 τοὺς·
3385 2192 3694 2260 ὀφθαλμοὺς

2107 2290 2444 2360 ἀποστήσας,
2478 2289 2778 2353 ἐνατενίζει
2823 2287 2901 2358 τῷ
2943 2288 3127 2357 τοίχῳ,
3159 2286 3329 2340 πάλιν
3362 2284 3696 2353 ἐπιστρέψας

2108 2379 2321 2447 ἀνέγνω
2353 2379 2569 2449 μικρὸν,
2607 2380 2701 2432 καὶ
2722 2378 3087 2431 ἀναπτύσσων
3116 2376 3187 2429 τὰ
3213 2376 3349 2444 τέλη
3386 2376 3505 2428 τῶν
3536 2374 3698 2437 λόγων

2110 2468 2559 2541 περιεργάζεται,
2596 2470 2822 2539 ἀριθμεῖ
2848 2468 2918 2522 τὰ
2940 2468 3136 2538 φύλλα,
3172 2469 3270 2521 καὶ
3299 2468 3409 2529 τὰς
3438 2466 3696 2535 τετράδας

2108 2562 2449 2634 ἐπιψηφίζει,
2505 2562 2664 2633 ψέγει
2709 2564 2770 2616 τὸ
2817 2563 3051 2633 γράμμα
3127 2561 3224 2615 καὶ
3255 2561 3364 2631 τὴν
3403 2561 3697 2629 κόσμησιν,

2108 2655 2337 2724 ὕστερον
2383 2656 2439 2707 δὲ
2494 2654 2701 2719 πτύξας
2739 2656 2983 2725 ὑπέθηκε
3018 2657 3083 2725 τῇ
3122 2654 3342 2725 κεφαλῇ
3372 2655 3439 2705 τὸ
3476 2653 3697 2722 βιϐλίον,

2108 2746 2202 2798 καὶ
2233 2745 2487 2799 καθεύδει
2524 2745 2690 2799 ὕπνον
2720 2748 2780 2799 οὐ
2808 2747 2951 2799 πάνυ
2983 2746 3172 2814 βαθὺν,
3200 2748 3235 2816 ή
3259 2746 3380 2815 γάρ
3408 2750 3580 2798 πεῖνα
3602 2746 3700 2796 λοι-

2109 2836 2209 2888 πὸν
2230 2836 2489 2906 διεγείρει
2520 2835 2686 2889 αὐτοῦ
2711 2836 2810 2908 τὴν
2836 2836 3035 2907 ψυχὴν,
3066 2836 3276 2899 καὶτὰς
3305 2837 3524 2906 ἑαυτῆς
3546 2852 3696 2904 φρεν-

2107 2927 2279 2992 τίσεις
2331 2931 2496 2982 ποιεῖ.
2557 2930 2920 3000 Ἀκηδιαστὴς
2991 2930 3244 3000 μοναχὺς,
3306 2929 3563 2999 ὀκνηρὸς
3630 2931 3697 2985 εἰς

2110 3021 2440 3092 προσευχὴν,
2466 3023 2559 3076 καὶ
2605 3024 2669 3075 οὐ
2713 3023 2787 3093 μὴ
2818 3023 3045 3091 λαλήσει
3077 3024 3207 3076 ποτέ
3251 3024 3499 3093 ῥήματα
3539 3039 3693 3093 προτ-

2034 3093 2076 3151 c
2110 3115 2277 3185 ευχῆς
2299 3130 2312 3144 ·
2332 3115 2522 3185 ὥσπερ
2555 3115 2704 3186 γάρὸ
2724 3115 2897 3167 νοσῶν
2923 3116 2983 3167 οὐ
3005 3115 3263 3185 βαστάζει
3285 3116 3528 3184 φορτίον
3546 3114 3691 3183 βαρ),

2106 3206 2247 3260 οὓτω
2282 3208 2377 3261 xal.
2400 3207 2734 3278 ἀκηδιαστὴς
2759 3208 2821 3260 οὐ
2860 3207 2936 3277 μὴ
2967 3208 3184 3275 ποιήσει
3220 3206 3391 3275 ἔργον
3425 3206 3693 3259 95052212:-

2110 3298 2287 3367 μελῶς
2308 3314 2320 3325 ·
2353 3297 2661 3368 καθῄρηται
2704 3299 2802 3367 μὲν
2836 3298 2945 3366 γάρ
2988 3299 3016 3349 ὁ
3058 3297 3157 3366 μὲν
3198 3298 3301 3366 τὴν
3334 3297 3583 3366 δύναμιν
3613 3296 3690 3347 τοῦ

2107 3390 2384 3459 σώματος,
2423 3391 2453 3442 ὁ
2487 3388 2545 3441 δέ
2607 3390 2737 3453 τοὺς
2773 3391 2961 3452 τόνους
3004 3388 3286 3443 ἐκλέλυται
3343 3389 3456 3459 τῆς
3505 3391 3687 3460 ψυχῆς.

2117 3481 2371 3554 Ἀκηδίαν
2398 3481 2689 3553 θεραπεύει
2720 3483 3010 3552 καρτερία,
3043 3483 3139 3535 καὶ
3183 3483 3246 3536 τὸ
3288 3485 3488 3537 πάντα
3536 3486 3689 3537 ποιεῖν

2109 3576 2247 3645 μετά
2282 3575 2484 3646 πολλῆς
2532 3576 2890 3647 προσεδρείας
2958 3577 3054 3629 καὶ
3102 3576 3268 3645 φόὸου
3321 3577 3494 3632 Θεοῦ.
3536 3578 3689 3642 Τάξον

2108 3665 2307 3734 μέτρον
2337 3666 2547 3737 σεαυτῷ
2568 3668 2627 3719 ἐν
2655 3667 2818 3719 παντὶ
2842 3670 3014 3738 έργῳ,
3038 3668 3133 3719 καὶ
3162 3668 3239 3738 μὴ
3263 3670 3553 3741 πρότερον
3574 3671 3690 3722 ἀπο-

2107 3760 2259 3825 στῇς,
2321 3759 2452 3828 πρὶν
2499 3758 2726 3830 τελέσῃς
2772 3760 2927 3826 αὐτὸ,
2967 3760 3062 3812 καὶ
3094 3760 3417 3830 προσεύχου
3471 3763 3689 3823 συνετῶς

2105 3848 2203 3900 καὶ
2256 3849 2513 3915 εὐτόνως,
2561 3850 2658 3903 καὶ
2718 3848 2940 3920 πνεῦμα
2988 3850 3217 3920 ἀκηδίας
3275 3851 3553 3918 φεύξεται
3598 3852 3693 3905 ἀπὸ

2104 3957 2219 3993 σου.

2690 4102 2941 4155 ΚΕΦΑΛ.
2990 4102 3089 4156 IE'.

2631 4217 2768 4284 Περὶ
2816 4216 3184 4280 κενοδοξίας.

2172 4353 2464 4420 Κενοδοξία
2515 4353 2686 4417 πάθος
2742 4354 2888 4407 ἐστὶν
2934 4352 3149 4419 ἄλογον,
3182 4354 3283 4403 καὶ
3326 4352 3504 4404 παντὶ
3549 4352 3685 4421 ἔργῳ

2036 4480 2078 4537 D
2105 4445 2306 4514 ἀρετῆς
2340 4442 2583 4505 εὐκόλως
2614 4442 3011 4514 συμπλέκεται.
3060 4440 3415 4511 Συγκέχυται
3464 4442 3687 4512 γραμμὴ

2106 4537 2442 4606 χαραχθεῖσα
2480 4536 2604 4589 καθ’
2638 4535 2851 4597 ὕδατος,
2882 4534 2980 4588 καὶ
3014 4534 3217 4605 ἀρετῆς
3247 4535 3423 4597 πόνος
3449 4536 3512 4587 ὲν
3550 4551 3685 4587 κενο-

2105 4628 2239 4698 δόξῳ
2267 4629 2436 4698 ψυχῇ.
2479 4628 2661 4696 Λευκὴ
2688 4627 2881 4695 γέγονε
2908 4628 3029 4698 χεὶρ
3056 4625 3460 4696 καλυπτομένη
3494 4628 3683 4693 κόλπῳ,

2106 4722 2199 4773 καὶ
2222 4738 2254 4771 κ
2264 4720 2572 4791 ρυπτομένη
2594 4719 2791 4789 πρᾶξις
2826 4718 3295 4787 φωτὸςέκλάμπει
3314 4720 3679 4788 φαιδρότερον.

2106 4812 2313 4883 Σμίλαξ
2374 4811 2761 4883 περιπλέκεται
2804 4810 3029 4883 δένδρῳ,
3076 4810 3166 4862 καὶ
3192 4811 3326 4862 ὅταν
3370 4812 3561 4883 φθάσῃ
3589 4812 3683 4864 ἅνω

2107 4905 2352 4975 ξηραίνει
2377 4906 2473 4975 τὴν
2501 4904 2680 4976 ῥίζαν,
2711 4903 2989 4967 κενοδοξία
3013 4903 3070 4956 δὲ
3095 4905 3218 4964 ταῖς
3242 4902 3484 4971 ἀρεταῖς
3520 4918 3682 4971 παρα·

2107 4998 2322 5063 φύεται,
2364 5000 2458 5051 καὶ
2498 4999 2597 5049 οὐκ
2644 4998 2961 5063 ἀφίσταται,
3013 4996 3117 5059 ἕως
3142 4994 3210 5048 ἂν
3234 4996 3458 5067 ἐκκόψῃ
3478 4996 3576 5065 τὴν
3604 4992 3682 5045 δὺς

2107 5109 2289 5162 ναμιν.
2315 5090 2520 5161 Βότρυς
2541 5089 2937 5163 ἐπισυρόμενος
2967 5091 3035 5158 τῇ
3062 5090 3131 5158 γῇ
3156 5087 3399 5157 σήπεται
3425 5088 3679 5158 εὐχερῶς.

2109 5185 2201 5236 καὶ
2224 5182 2393 5253 ἀρετὴ
2423 5181 2718 5234 ἀπόλλυται
2748 5178 3027 5249 κενοδοξία
3055 5178 3486 5249 ἐπερειδομένη,
3518 5180 3683 5231 Μονα-

2109 5277 2198 5345 χὸς
2232 5274 2529 5341 κενόδοξος,
2554 5274 2793 5343 ἐργάτης
2821 5271 3056 5342 ἄμισθος
3088 5288 3101 5302 ·
3130 5270 3223 5322 τὸν
3251 5272 3422 5323 πόνον
3460 5271 3681 5335 ὑπέστη,

2108 5365 2318 5419 καὶτὸν
2353 5363 2546 5437 μισθὸν
2581 5365 2679 5416 οὐκ
2712 5362 2892 5416 ἔλαϐε.
2927 5362 3218 5415 Βαλᾶντιον
3256 5364 3605 5433 τετρημένον
3632 5363 3681 5413 ei

2108 5458 2361 5526 φυλάττει
2387 5454 2449 5509 τὸ
2481 5454 2699 5526 βληθὲν,
2745 5452 2840 5506 καὶ
2865 5451 3141 5515 κενοδοξία
3165 5450 3438 5504 ἀπόλλυσι
3469 5451 3684 5520 μισθοὶς

2106 5551 2338 5621 ἀρετῶν.
2376 5547 2669 5614 Κενοδόξου
2694 5546 3013 5617 ἐγκράτεια,
3055 5544 3263 5605 καπνὸς
3307 5544 3573 5612 καμίνου,
3605 5541 3684 5592 καὶ

2106 5644 2187 5706 εἰς
2208 5642 2344 5711 ἀέρα
2382 5640 2768 5711 διαλυθήσεται
2813 5639 3123 5708 ἀμφότερα.
3156 5638 3394 5702 Ἀνεμος
3434 5634 3681 5705 ἀφανίζει

2107 5737 2254 5806 ἴχνος
2277 5734 2490 5805 ἀνδρὸς,
2514 5734 2609 5787 καὶ
2631 5731 3007 5804 ἐλεημοσύνην
3041 5728 3344 5793 κενόδοξος.
3368 5728 3539 5783 Λίθου
3564 5724 3683 5799 βολὴ
