3788 6224
112 293 241 357 ιιδι

1136 290 1237 351 DE
1274 288 1462 349 OCTO
1499 288 1933 350 SPIRITIBUS
1972 291 2326 351 MALlTl/E.

3212 272 3362 357 1192'

103 410 165 462 οὑ
199 407 393 475 φθάνει
429 406 506 467 εἰς
527 402 776 472 οὑρανδν,
802 402 897 454 καὶ
921 401 1201 471 προσευχὴ
1218 400 1683 471 ἁνθρωπαρέσκου

1798 400 2085 457 solventur.
2150 400 2357 456 Ventus
2423 400 2566 455 delet
2619 402 2906 471 vestigium
2942 403 3063 467 viri,
3112 414 3165 458 et
3210 422 3348 463 vana

103 499 206 552 οὑκ
244 496 578 566 ἀναϐήσεται
612 492 748 564 πρὸς
787 492 943 545 Θεόν.

696 787 947 842 ΚΕΦΑΛ.
995 785 1114 854 Icr.

176 907 471 973 Κενοδοξία
486 905 662 977 πέτρα
680 902 827 956 ἐστὶν
839 899 1040 971 ὕφαλος
1059 916 1072 928 ο
1102 897 1198 951 ἐὰν
1225 894 1557 967 προσρήξῃς,
1591 893 1683 946 τὸν

107 1005 313 1075 φόρτον
335 998 645 1059 ἀπώλεσας.
663 993 914 1067 Κρύπτει
932 992 1206 1064 θησαυρὸν
1243 990 1383 1061 ἀνὴρ
1397 992 1681 1057 φρόνιμος,

107 1099 207 1149 καὶ
242 1094 446 1165 ἀρετῆς
494 1091 692 1153 πόνους
724 1085 956 1159 μοναχδς
988 1084 1228 1146 συνετός.
1276 1083 1366 1135 Ἐν
1398 1079 1685 1142 πλατείαις

107 1184 517 1259 προσεύχεσθαι
548 1178 907 1253 συμϐουλεύει
954 1176 1252 1242 κενοδοξία,
1288 1174 1317 1226 6
1345 1174 1401 1227 δὲ
1430 1171 1685 1242 πολεμῶν

107 1280 288 1351 ταύτῃ
335 1274 697 1348 προσεύχεται
726 1273 806 1336 είς
846 1271 1073 1341 ταμεῖον
1118 1264 1304 1321 αὑτοῦ.
1356 1263 1684 1336 Δημοσιεύει

110 1373 346 1429 πλοῦτον
374 1368 541 1424 αὑτοῦ
568 1367 702 1439 ἀνὴρ
720 1366 932 1435 ἄφρων,
965 1364 1106 1416 κινεῖ
1124 1361 1182 1413 δὲ
1211 1358 1438 1421 πολλοὺς
1462 1358 1542 1420 εἰς
1565 1359 1686 1409 ἐπι-

108 1466 311 1537 ϐουλὴν
367 1463 492 1517 καθ’
521 1460 738 1515 ἑαυτοῦ.
787 1459 859 1512 Σὺ
900 1457 958 1511 δὲ
1006 1455 1218 1527 κρύπτε
1264 1453 1329 1505 τὰ
1366 1452 1435 1505 σά
1459 1490 1473 1513 ,
1504 1453 1561 1504 ἐν
1584 1447 1687 1519 ὀδῷ

107 1560 224 1631 γὰρ
252 1557 545 1628 τυγχάνεις
570 1553 808 1628 λῃστῶν,
839 1549 946 1613 ἔως
972 1548 1125 1619 ἥξεις
1150 1548 1228 1609 εἰς
1258 1546 1411 1599 πόλιν
1435 1545 1682 1614 εἰρήνης,

108 1656 210 1708 καὶ
274 1648 536 1720 ἀσφαλῶς
585 1645 767 1718 χρήσῃ
807 1644 921 1705 τοῖς
980 1642 1114 1704 σοῖς.
1156 1637 1351 1709 ’Λρετὴ
1407 1632 1685 1698 κενοδόξου

1789 488 1961 557 gloria
2009 489 2266 557 percitus,
2298 490 2722 561 eleemosynam.
2759 489 2944 546 Jactus
2989 492 3183 561 lapidis
3231 511 3343 550 non

1784 585 2044 655 pertingit
2105 585 2326 652 coelum,
2377 593 2433 641 et
2482 587 2658 641 oratio
2707 587 2847 656 ejus,
2882 588 2977 657 qui
3035 590 3351 647 hominibus

1785 676 1997 743 placere
2025 677 2225 744 studet,
2251 693 2359 732 non
2400 678 2654 732 ascendet
2680 678 2746 732 ad
2779 678 2971 734 Deum.

2359 788 2587 845 CAPUT
2629 790 2766 845 XVI.

1862 902 2007 957 Vana
2041 903 2212 974 gloria
2242 904 2500 972 scopulus
2539 912 2622 957 est
2650 905 2753 958 sub
2801 922 2941 974 aqua
2972 906 3173 972 latens;
3207 910 3249 963 si
3284 909 3355 962 al-

1790 994 1997 1057 liseris,
2024 1010 2163 1050 onus
2189 995 2495 1064 perdidisti.
2532 994 2630 1049 Vir
2653 999 2894 1066 prudens
2925 998 3210 1053 abscondit
3237 999 3355 1053 tlte-

1786 1100 2033 1148 saurum,
2064 1094 2118 1139 et
2154 1086 2458 1140 monachus
2491 1085 2729 1155 sapiens,
2767 1086 2982 1142 labores
3023 1088 3262 1143 virtutis.
3295 1090 3355 1142 ιιι

1785 1173 1976 1244 plateis
2009 1190 2167 1230 orare
2193 1190 2328 1229 vana
2358 1176 2527 1246 gloria
2573 1177 2849 1244 consulit;
2883 1187 2939 1232 at
2981 1178 3076 1248 qui
3103 1195 3220 1234 eam
3255 1195 3354 1249 0p-

1785 1275 2007 1337 pugnat,
2060 1273 2179 1320 orat
2228 1266 2283 1320 in
2319 1280 2419 1320 suo
2449 1266 2734 1336 penetrali.
2767 1265 2863 1321 Vir
2909 1268 3175 1339 insipiens
3225 1289 3356 1328 suas

1785 1358 2028 1427 publicat
2056 1356 2290 1418 divitias.
2321 1359 2630 1429 multosque
2701 1371 2981 1429 provocat,
3013 1371 3073 1416 ut
3097 1364 3359 1423 adversus

1788 1464 1847 1503 se
1876 1450 2051 1518 ipsum
2081 1458 2276 1519 parent
2313 1449 2562 1505 insidias.
2597 1448 2678 1505 Tu
2713 1466 2843 1506 vero
2878 1463 2968 1507 tua
3003 1456 3258 1522 occulta;
3300 1458 3356 1513 in

1790 1540 1997 1595 itinere
2018 1556 2258 1611 namque
2293 1541 2569 1595 latronum
2617 1558 2697 1608 es,
2726 1543 2900 1599 donec
2948 1545 3001 1599 in
3038 1548 3228 1602 urbem
3262 1566 3359 1619 pa-

1789 1632 1870 1687 cis
1903 1633 2238 1701 perveneris,
2284 1642 2525 1704 tuncque
2572 1634 2682 1690 tuis
2728 1635 2894 1692 rebus
2933 1652 3126 1694 secure
3162 1641 3356 1695 uteris.

110 1740 584 1814 συντετριμμένον
617 1738 832 1805 ἱερεῖον,
862 1734 957 1787 κα)⁵
978 1731 1039 1784 οὐ
1072 1730 1148 1801 μὴ
1184 1727 1446 1799 ἀνενεχθῇ
1475 1730 1556 1791 είς
1594 1725 1683 1778 θυ-

1798 1723 1980 1779 Virtus
2024 1725 2165 1793 ejus,
2193 1726 2284 1795 qui
2320 1740 2460 1779 vana
2500 1726 2711 1781 laborat
2746 1726 2933 1797 gloria,
2968 1730 3230 1785 obtritum
3278 1743 3363 1789 est

111 1836 436 1906 σιαστήριον
481 1829 638 1883 Θεοῦ.
682 1825 909 1897 Ἀκηδία
953 1821 1136 1876 ἐκλύει
1175 1821 1328 1875 τόνον
1357 1820 1556 1890 ψυχῆς,
1592 1834 1683 1872 κε·-

1798 1814 2143 1881 sacriticium,
2177 1830 2354 1885 neque
2389 1815 2454 1869 ad
2481 1814 2577 1871 Dei
2607 1816 2864 1873 oﬂ‘eretur
2894 1820 3083 1874 altare.
3118 1822 3359 1891 Desidia,

109 1928 326 1992 νοδοξία
346 1924 403 1978 δὲ
427 1923 613 1994 νευροῖ
631 1920 755 1974 νοῦν
779 1914 1219 1973 ἀποπεπτωκότα
1233 1911 1391 1975 Θεοῦ,
1408 1913 1500 1965 τὸν
1525 1910 1688 1965 ἀσθε-

110 2018 313 2075 νοῦντα
371 2015 628 2083 εποίησεν
676 2009 1010 2084 ὲρρώμενον,
1078 2007 1174 2060 καὶ
1217 2006 1310 2060 τὸν
1336 2006 1569 2077 γέροντα
1594 2003 1690 2058 τοῦ

109 2111 239 2166 νέου
265 2105 658 2176 δυνατώτερον,
709 2102 870 2173 μόνον
896 2099 993 2154 ἐὰν
1021 2097 1240 2169 παρῶσι
1277 2096 1559 2168 μάρτυρες
1582 2094 1691 2149 τῶν

110 2202 422 2276 γινομένων
461 2197 647 2253 πολλοί
672 2213 688 2229 ο
720 2195 897 2267 κούφη
944 2192 1166 2264 νηστεία
1228 2192 1372 2254 τότε,
1407 2191 1502 2244 καὶ
1523 2189 1695 2260 ἀγρυ-

111 2300 272 2358 πνία,
303 2294 402 2348 καὶ
446 2290 745 2365 προσευχὴ,
782 2289 812 2342 6
851 2287 960 2359 γὰρ
989 2286 1208 2348 ἔπαινος
1236 2284 1346 2337 τῶν
1376 2281 1584 2336 πολλῶν
1611 2281 1692 2335 δι-

115 2389 333 2458 εγείρει
377 2386 477 2455 τὴν
525 2378 857 2454 προθυμίαν.
908 2375 1002 2446 Μὴ
1037 2374 1294 2448 πωλήσῃς
1335 2373 1461 2435 τοὺς
1498 2370 1693 2434 πόνους

106 2479 296 2545 δόξαις
362 2474 767 2545 ἀνθρωπίναις,
828 2468 966 2540 μηδὲ
1011 2467 1112 2539 τὴν
1183 2465 1486 2535 μέλλουσαν
1537 2462 1695 2528 δόξαν

110 2572 338 2645 προδῷς
364 2570 431 2623 δι’
458 2565 758 2636 εὐφημίαν,
786 2561 923 2626 Δόξα
969 2559 1078 2630 γὰρ
1109 2557 1427 2628 ἀνθρωπίνη
1462 2556 1543 2620 είς
1566 2555 1696 2626 χοῦν

112 2663 482 2732 εἀτασκηνοϊ,
545 2660 639 2715 καὶ
688 2656 849 2720 κλέος
899 2654 1071 2723 αὑτῆς
1123 2650 1408 2703 σϐέννυται
1450 2648 1545 2701 ἐπὶ
1568 2650 1693 2719 γῆς,

109 2757 323 2831 ἀρετῆς
351 2754 411 2808 δὲ
435 2750 562 2819 δόξα
593 2748 743 2820 μένει
773 2748 855 2810 εἰς
890 2744 982 2798 τὸν
1008 2743 1181 2797 αἰῶνα

716 2968 973 3025 ΚΕΦΑΔ.
1012 2966 1111 3021 IZ'.

600 3085 744 3155 Περὶ
791 3078 1229 3153 ὑπερηφανίας·

1794 1906 1963 1972 vires,
1990 1921 2053 1961 ac
2081 1907 2251 1961 robur
2280 1907 2476 1963 anima:
2501 1910 2752 1976 eXSolvit,
2773 1920 2826 1965 et
2852 1926 2992 1967 vana
3018 1914 3186 1984 gloria
3206 1932 3361 1971 men-

1791 2008 1922 2061 tem,
1980 2014 2103 2068 qua:
2150 2013 2180 2054 a
2231 1998 2342 2055 Deo
2378 2001 2604 2067 excidit,
2657 2003 2955 2073 eademque
3010 2016 3358 2077 aegrotantem

1794 2090 1971 2146 reddit
1995 2105 2212 2157 sanum,
2241 2102 2297 2146 et
2330 2107 2516 2147 senem
2545 2092 2748 2163 juvene
2774 2096 3163 2164 robustiorem,
3199 2102 3362 2155 modo

1793 2184 1977 2237 adsint
2002 2183 2157 2238 multi
2190 2192 2356 2239 testes
2384 2200 2595 2252 earum,
2628 2202 2748 2257 quae
2784 2188 2941 2253 ﬁunt,
2971 2205 3185 2256 rerum;
3236 2202 3365 2247 tunc

1794 2285 1975 2330 autem
2008 2291 2209 2331 vanum
2244 2277 2349 2331 erit
2394 2276 2691 2347 jejunium,
2726 2288 2781 2334 et
2815 2280 3018 2349 vigilia,
3053 2294 3105 2336 et
3145 2285 3363 2353 oratio;

1794 2368 1914 2423 laus
1934 2366 2132 2438 quippe
2161 2368 2459 2424 multorum
2488 2380 2793 2442 promptam
2821 2374 2988 2429 animi
3021 2376 3223 2430 excitat
3249 2376 3367 2431 ala-

1795 2461 2065 2514 critatem.
2111 2457 2190 2515 Ne
2228 2460 2488 2518 humanis
2536 2464 2947 2521 celebritatibus
2973 2467 3238 2523 divendas
3285 2468 3369 2522 la-

1795 2551 1978 2618 bores,
2014 2568 2191 2623 neque
2223 2553 2465 2609 futuram
2517 2556 2718 2625 prodas
2753 2557 3004 2626 gloriam,
3039 2571 3258 2630 propter
3290 2563 3368 2615 vi-

1796 2643 1903 2698 lem
1936 2644 2111 2700 laudis
2135 2647 2587 2702 acclamationem
2616 2667 2629 2701 :
2665 2650 2868 2703 etenim
2918 2652 3155 2706 humana
3200 2654 3368 2722 gloria

1798 2735 2231 2805 humiquiescit,
2266 2740 2551 2810 ipsiusque
2579 2741 2701 2795 laus
2727 2742 2779 2794 in
2814 2750 2959 2797 terra
2981 2745 3370 2816 exstinguitur,

1800 2829 2019 2885 virtutis
2046 2838 2229 2886 autem
2259 2832 2432 2902 gloria
2475 2842 2660 2888 manet
2689 2834 2743 2887 in
2778 2836 3060 2890 sreculum.

2272 2965 2436 3039 472
2474 2965 2702 3022 CAPUT
2746 2966 2912 3022 xvn.

2396 3082 2470 3136 De
2498 3083 2765 3151 superbia.

202 3201 593 3274 ’Υπερηφανία
612 3199 761 3253 ἐστὶν
785 3199 899 3269 οῐδη
908 3216 983 3269 μα
1000 3196 1179 3266 ψυχῆς
1201 3194 1396 3265 ἰχῶρος
1416 3190 1683 3262 πεπληρω

1887 3193 2152 3265 Superbia
2206 3206 2385 3252 tumor
2406 3206 2490 3253 est
2524 3199 2721 3252 anima:
2750 3198 2903 3254 sanie
2934 3198 3157 3269 plenus;
3192 3202 3237 3255 si
3269 3216 3378 3255 ma-

120 3298 314 3369 μὲνον’
352 3295 449 3350 ἐὰν
479 3292 755 3363 πεπανθῇ,
786 3293 1110 3361 ῥαγήσεται,
1142 3289 1238 3344 καὶ
1269 3283 1698 3359 ποιήσειάηδίαν

116 3388 707 3463 πολλήν.,Ἀστραπῆς
734 3385 1027 3455 ἔκλαμψις,
1048 3380 1183 3454 ἦχον
1209 3379 1514 3453 προμηνύει
1547 3378 1700 3449 βρον-

116 3486 253 3554 τῆς,
278 3486 374 3538 καὶ
402 3479 784 3553 ὑπερηφανίαν
812 3475 1223 3546 εὐαγγελίζεται
1248 3473 1521 3543 παρουσία
1540 3488 1699 3524 κενο-

116 3575 329 3639 δοξίας.
361 3574 454 3635 Εἰς
483 3570 616 3641 ὕψος
650 3568 794 3639 μέγα
832 3565 1112 3620 ἀναϐαίνει
1149 3563 1500 3632 ὑπερηφάνου
1527 3559 1696 3630 ψυχὴ,

117 3666 386 3719 κακεῖθεν
441 3662 603 3717 αὑτὸν
650 3662 730 3723 είς
780 3656 941 3728 βυθὸν
983 3654 1336 3710 καταϐάλλει.
1380 3653 1696 3723 ’Υπερηφα-

116 3757 248 3811 νίαν
280 3756 429 3808 νοσεῖ
458 3756 487 3807 ὁ
522 3752 840 3821 ἀποστήσας
870 3749 1061 3803 ἑαυτὸν
1083 3748 1242 3813 Θεοῦ,
1280 3749 1375 3800 καὶ
1403 3746 1507 3817 ἰδίᾳ
1539 3745 1699 3798 δυνά-

121 3865 222 3919 μει
246 3847 571 3916 ἐπιγράφων
616 3843 687 3895 τὰ
731 3840 1154 3913 κατορθώματα.
1192 3840 1405 3909 Ὥσπερ
1428 3838 1484 3890 δὲ
1514 3839 1543 3890 6
1576 3839 1699 3890 ὲπι-

118 3938 229 3998 ϐάς
257 3936 472 4007 ἀράχνῃ
514 3930 788 3987 διαπεσὼν
838 3929 1155 4000 κατηνέχθη
1201 3928 1375 3991 κάτω,
1422 3925 1566 3980 οὓτω
1610 3926 1701 3979 πί-

118 4047 254 4083 πτει
276 4031 304 4080 ὁ
328 4026 550 4098 θαρρῶν
575 4028 643 4096 τῇ
677 4024 784 4095 ίδία
808 4023 1057 4092 δυνάμει.
1080 4020 1307 4091 Καρπὸς
1332 4019 1499 4082 πολὺς
1525 4031 1699 4071 κατα-

117 4121 375 4189 κάμπτει
408 4117 620 4180 κλῶνας
651 4115 892 4186 δένδρου,
928 4114 1024 4166 καὶ
1053 4112 1254 4182 ἀρετῆς
1280 4109 1484 4179 πλῆθος
1509 4124 1701 4162 ταπει-

116 4211 213 4263 νοῖ
266 4209 525 4278 φρόνημα
573 4207 787 4277 ἀνδρός.
854 4203 1081 4274 Καρπὸς
1130 4199 1384 4271 σεσηπὼς
1427 4199 1701 4269 ἄχρηστος

118 4299 382 4369 γεωργῷ,
411 4299 506 4351 καὶ
528 4297 699 4368 ἀρετὴ
741 4296 1092 4366 ὑπερηφάνου
1118 4294 1181 4346 οὑ
1213 4290 1537 4362 χρησιμεύει
1559 4288 1697 4358 Θεῷ.

118 4393 321 4462 Χάραξ
356 4388 614 4459 βαστάζει
650 4389 833 4442 κλῶνα
850 4386 1225 4456 κατάκαρπον,
1250 4384 1343 4436 καὶ
1378 4381 1542 4451 φὸὁος
1563 4380 1699 4433 Θεοῦ

120 4484 382 4554 ἐνάρετον
414 4481 616 4551 ψυχήν.
644 4481 858 4549 Ὥσπερ
905 4478 1068 4548 βάρος
1114 4474 1331 4545 καρποῦ
1367 4474 1699 4543 καταράσσει

121 4573 334 4636 κλῶνα,
364 4571 505 4625 οὕτω
552 4571 903 4640 ὑπερηφανία
948 4568 1202 4640 ἐνάρετον
1252 4565 1700 4633 καταϐάλλειψυο

120 4665 256 4737 χήν.
297 4662 387 4735 Μὴ
408 4662 511 4733 δῷς
540 4662 887 4733 ὑπερηφανίᾳ
911 4661 1009 4731 σὴν
1036 4659 1233 4729 ψυχὴν,
1264 4659 1358 4711 καὶ
1382 4657 1444 4709 οὑ
1478 4656 1553 4726 μὴ
1585 4656 1699 4728 ἴδῃς

121 4756 431 4826 φαντασίας
459 4756 711 4825 φρικτάς.
742 4755 906 4823 Ψυχὴ
937 4753 1045 4821 γὰρ
1084 4752 1434 4823 ὑπερηφάνου
1465 4752 1698 4817 ἐγκατα-

119 4848 458 4917 λιμπάνεται
514 4846 619 4900 ὑπὸ
673 4845 832 4907 Θεοῦ,
896 4845 990 4897 καὶ
1040 4845 1251 4912 γίνεται
1283 4846 1552 4915 δαιμόνων
1579 4845 1698 4896 ἐπί-

120 4954 341 5012 χαρμα.
388 4937 622 5007 Νύκτωρ
679 4937 1010 5005 φαντάζεται
1064 4936 1267 5006 θηρίων
1316 4937 1699 5006 ἐπερχομένων

122 5030 356 5099 πλῆθος,
389 5030 482 5081 καὶ
517 5028 637 5098 μεθ’
669 5028 883 5099 ἡμέρας
914 5028 1247 5097 ταράσσεται
1285 5027 1389 5080 ὑπὸ
1421 5026 1700 5097 λογισμῶν

120 5121 367 5184 δειλίας’
399 5119 678 5173 καθεύδων
721 5118 997 5185 ἐξάλλεται
1056 5119 1309 5188 συνεχῶς,
1333 5122 1426 5172 καὶ
1464 5119 1699 5190 ἐγρηγό-

127 5230 245 5285 ρως
275 5213 650 5283 καταπτήσσει
701 5213 863 5266 σκίαν
892 5212 1101 5282 ὀρνέου.
1120 5212 1275 5282 Φωνὴ
1303 5212 1524 5279 φύλλου,
1548 5212 1703 5265 ἐπτό-

120 5324 265 5377 ησεν
307 5306 677 5375 ὑπερήφανον,
721 5306 815 5357 καὶ
862 5303 1054 5367 ὓδατος
1083 5298 1216 5374 ἦχος
1242 5306 1577 5359 κατέκλασεν
1603 5305 1702 5359 αὑ-

119 5398 223 5452 τοῦ
254 5397 352 5467 τὴν
376 5397 574 5467 ψυχήν.
617 5396 675 5449 Ὀ
704 5397 812 5466 γάρ
853 5396 961 5468 πρὸ
997 5396 1195 5467 μικροῦ
1219 5398 1411 5450 ἑαυτὸν
1445 5398 1699 5451 ἀντιτάσ-

122 5488 421 5559 σων·Θεῷ,
462 5488 555 5541 καὶ
612 5488 711 5558 τὴν
769 5488 981 5541 ἐκείνου
1037 5488 1289 5559 βοήθειαν
1340 5488 1695 5561 ἀρνούμενος,

122 5579 357 5650 ὕστερος
418 5579 852 5650 ἑκδειματοῦται,
929 5580 1037 5632 ὑπὸ
1095 5580 1498 5649 φαντασμάτων
1551 5582 1705 5634 εὑτε-

122 5689 238 5726 λων
245 5711 258 5725 .

445 5807 715 5868 Parnm“
748 5808 862 5868 Gn.
893 5809 1148 5870 LXXIX.

1802 3288 2051 3354 turucrit,
2081 3298 2349 3359 erumpet,
2399 3291 2742 3360 multumque
2810 3291 3076 3345 redolebit
3121 3294 3373 3348 fetorem.

1800 3381 2055 3451 Fulguris
2106 3382 2363 3450 splendor
2404 3397 2601 3436 sonum
2652 3384 2986 3452 praenuntiat
3035 3385 3290 3450 tonitrus,
3321 3395 3378 3442 et

1802 3474 2086 3540 presentia
2116 3489 2270 3528 vanze
2322 3474 2513 3543 gloriae
2564 3475 2857 3529 annuntiat
2886 3476 3225 3543 superbiam.
3267 3477 3376 3531 Su-

1802 3564 1953 3633 perbi
1984 3566 2163 3619 anima
2195 3566 2261 3619 ad
2295 3580 2548 3635 magnam
2595 3565 2843 3621 ascendit
2883 3567 3255 3633 altitudinem,
3293 3569 3377 3622 in-

1801 3658 1976 3726 deque
2004 3657 2182 3726 ipsum
2210 3657 2399 3727 dejicit
2430 3658 2484 3711 in
2519 3657 2872 3727 profundum.
2920 3659 3185 3728 Superbia
3225 3661 3378 3714 labo-

1801 3756 1906 3815 rat,
1938 3749 2031 3818 qui
2062 3749 2303 3819 seipsum
2335 3766 2365 3803 a
2402 3748 2513 3804 Deo
2544 3749 2824 3816 dissociat,
2862 3751 3208 3821 propriisque
3241 3752 3377 3804 viri-

1802 3840 1905 3894 bus
1930 3839 2174 3895 facinora
2207 3853 2351 3895 recte
2374 3851 2584 3911 patrata
2621 3841 2865 3896 ascribit.
2902 3842 3377 3908 Quemadmodum

1802 3940 2007 3995 autem,
2053 3932 2144 4001 qui
2198 3947 2363 4003 super
2410 3947 2669 3985 araneam
2705 3932 3018 3997 inscendit,
3071 3932 3374 3997 decidens,

1801 4023 1977 4077 fertur
2009 4023 2292 4087 deorsum,
2338 4024 2412 4078 ita
2460 4024 2722 4087 concidit,
2755 4025 2848 4094 qui
2880 4026 3114 4094 propriae
3154 4028 3379 4080 conlidit

1801 4117 2011 4172 virtuti.
2041 4116 2310 4187 Copiosus
2334 4115 2545 4170 fructus
2576 4116 2791 4171 arboris
2818 4116 3046 4172 inﬂectit
3073 4133 3284 4184 ramos,
3323 4128 3378 4171 et

1801 4208 2064 4262 virtutum
2105 4207 2260 4275 copia
2296 4221 2517 4261 sensum
2554 4207 2809 4261 humiliat
2832 4209 2959 4262 viri.
3009 4207 3246 4263 Fructus
3274 4226 3379 4277 pu-

1802 4300 1978 4354 tridus
2025 4300 2240 4354 inutilis
2271 4309 2355 4353 est
2404 4300 2676 4369 agricola),
2709 4307 2765 4354 et
2798 4299 2971 4355 virtus
3016 4302 3237 4370 superbi
3269 4301 3380 4357 Deo

1803 4408 1911 4446 non
1941 4401 2027 4447 est
2071 4402 2312 4461 accepta.
2364 4390 2550 4453 Palus,
2586 4406 2683 4446 seu
2734 4393 3139 4461 pedamentum,
3162 4409 3380 4448 ramum

1732 4525 1777 4579 Β
1807 4492 2079 4539 sustentat
2105 4493 2364 4537 onustum
2412 4481 2706 4548 fructibus,
2735 4493 2789 4538 et
2820 4484 2986 4537 timor
3013 4483 3107 4539 Dei
3136 4486 3379 4540 animam

1807 4576 2007 4631 virtute
2065 4574 2301 4644 praediti.
2368 4573 2543 4629 Sicuti
2605 4576 2820 4631 lructus
2881 4576 3096 4645 pondus
3164 4591 3377 4631 ramum

1807 4666 2123 4735 disrumpit,
2161 4665 2232 4719 ita
2266 4666 2521 4736 superbia
2545 4667 2745 4722 virtute
2782 4669 3139 4737 conspicuam
3179 4668 3377 4723 demit—

1809 4757 1874 4807 tit
1930 4755 2189 4809 animam.
2244 4754 2322 4811 Ne
2377 4757 2648 4826 superbiae
2695 4766 2848 4813 tuum
2887 4758 3055 4813 dedas
3111 4759 3377 4821 animum,

1807 4848 1934 4916 quia
1990 4849 2071 4902 sic
2115 4849 2322 4905 tetricis
2351 4850 2560 4905 carebis
2587 4850 3115 4921 imaginationibus:
3158 4852 3379 4920 superbi

1808 4934 2009 4988 etenim
2042 4937 2224 4991 anima
2251 4938 2647 5009 derelinquitur
2682 4956 2712 4995 a
2747 4940 2879 5005 Deo,
2923 4940 3091 5011 ﬁtque
3117 4942 3382 4996 demoni-

1809 5024 1914 5079 bus
1948 5029 2177 5082 materia
2204 5030 2408 5096 gaudii.
2438 5029 2635 5093 Nocte,
2676 5032 2975 5087 bestiarum
3006 5033 3380 5089 invadentium

1806 5116 2145 5187 imaginatur
2184 5121 2613 5182 multitudinem.
2643 5125 2841 5195 dieque
2881 5142 2912 5180 a
2959 5126 3383 5197 cogitationibus

1806 5210 2023 5265 timoris
2053 5211 2322 5268 turbatur.
2352 5212 2408 5269 Si
2431 5215 2649 5281 dormit,
2670 5218 2855 5271 exsilit
2875 5219 3117 5284 assidue,
3143 5227 3199 5274 et
3224 5219 3270 5274 si
3301 5220 3385 5274 vi-

1808 5303 1959 5371 gilet,
1992 5304 2057 5358 ad
2085 5306 2333 5359 umbram
2368 5308 2485 5361 avis
2525 5309 2852 5377 perterrelit.
2890 5309 3028 5364 Folii
3072 5327 3259 5365 rumor
3287 5327 3385 5366 su-

1807 5394 2036 5463 perbum
2066 5397 2355 5461 exterruit,
2389 5406 2443 5453 et
2472 5414 2628 5468 aquae
2657 5416 2823 5455 sonus
2855 5401 2976 5472 ejus
2998 5401 3231 5471 diﬂ‘regit
3261 5405 3384 5457 ani-

1810 5501 1977 5541 mam.
2015 5488 2227 5543 Etenim
2259 5490 2353 5560 qui
2391 5491 2554 5561 paulo
2588 5501 2714 5547 ante
2758 5508 2817 5548 se
2868 5494 3046 5564 ipsum
3079 5495 3190 5550 Deo
3212 5510 3386 5565 oppo-

1817 5580 1918 5644 uit,
1980 5582 2239 5653 illiusque
2284 5585 2515 5656 denegat
2550 5585 2835 5653 auxilium,
2871 5576 3151 5659 postremo
3189 5604 3221 5643 a
3262 5588 3387 5644 vili-

1822 5672 1923 5728 bus
1960 5675 2190 5745 spectris
2238 5687 2593 5747 perterretur.

2996 5816 3070 5877 3'1
