3788 6224
406 244 540 312 “63
875 353 1036 427 573
1062 352 1289 411 CAPUT
1318 354 1505 411 xvm.

474 468 739 540 Superbia
777 483 809 523 e
836 471 991 524 ctelis
1020 468 1246 539 proiecit
1280 467 1692 540 archangelum,
1725 467 1981 539 fecitque,

403 575 464 620 ut
493 565 582 619 ille
610 563 766 635 quasi
811 562 995 635 fulgur
1034 565 1104 619 ad
1143 575 1342 619 terram
1384 564 1662 619 decideret
1680 564 1748 618 ⁸⁷.
1777 563 1849 618 At
1878 563 1983 619 hu-

404 652 604 707 militas
643 651 921 707 hominem
971 651 1181 707 extollit
1230 653 1297 707 ad
1331 653 1563 719 caelum,
1600 652 1877 723 efficitque
1920 661 1984 708 ut

406 757 532 797 cum
581 742 791 814 angelis
835 742 1127 813 tripudiet!
1159 743 1204 798 0
1238 744 1435 809 homo,
1482 745 1613 815 quid
1645 745 1700 800 in
1749 746 1983 802 sublime

409 834 643 899 tolleris,
674 848 801 890 cum
837 844 1035 890 natura
1064 835 1141 890 sis
1168 835 1341 890 lutum
1371 845 1423 891 et
1450 836 1718 906 putredo?
1770 836 1979 908 Ecquid

404 930 456 978 et
499 937 664 993 supra
710 922 888 978 nubes
932 923 1230 979 attolleris?
1259 935 1408 978 tuam
1453 925 1662 996 inspice
1702 935 1977 992 naturam,

404 1016 547 1087 quod
590 1016 666 1072 sis
700 1016 901 1086 pulvis,
941 1024 997 1071 et
1024 1015 1184 1080 cinis,
1226 1025 1459 1088 postque
1485 1033 1677 1088 parum
1715 1020 1979 1090 temporis

404 1124 456 1164 in
499 1108 777 1175 pulverem
836 1107 1148 1163 resolveris.
1194 1105 1353 1163 Modo
1402 1107 1705 1177 fastuosus,
1752 1119 1807 1165 et
1855 1121 1979 1181 post

403 1214 594 1269 parum
624 1198 882 1270 temporis
906 1199 1133 1266 vermis;
1162 1199 1291 1268 quid
1314 1200 1577 1256 cervicem
1600 1201 1824 1269 attollis,
1856 1218 1978 1273 quae

404 1291 567 1360 paulo
598 1300 723 1360 post
745 1292 1111 1349 emarcescet?
1136 1292 1333 1359 Homo,
1373 1295 1466 1366 qui
1506 1310 1537 1350 a
1566 1294 1677 1351 Deo
1709 1296 1975 1352 auxilium

402 1382 730 1453 assequitur,
779 1391 863 1439 est
904 1399 1161 1456 magnum
1196 1386 1365 1457 quid;
1411 1388 1706 1444 derelictus
1733 1398 1836 1457 est,
1872 1390 1977 1444 im-

403 1472 855 1544 becillitatemque
889 1476 1112 1545 agnovit
1148 1486 1391 1544 naturae;
1424 1478 1560 1533 nihil
1604 1479 1793 1545 habes,
1827 1480 1975 1552 quod

402 1579 433 1618 a
463 1562 572 1619 Deo
603 1580 712 1620 non
742 1567 1025 1637 accepisti,
1050 1568 1183 1638 quid
1213 1567 1379 1639 igitur
1399 1570 1454 1625 in
1490 1571 1689 1638 alieno,
1717 1581 1974 1644 tanquam

401 1656 456 1711 in
495 1664 587 1709 tuo
618 1657 925 1712 hebetaris?
957 1658 1090 1728 quid
1119 1661 1292 1730 gratia
1322 1660 1438 1727 Dei,
1466 1661 1630 1717 veluti
1658 1664 1877 1734 propria
1913 1679 1974 1719 re

356 1774 359 1777 -
401 1747 684 1816 gloriaris?
721 1748 968 1819 Agnosco
1003 1749 1337 1822 largitorem,
1389 1767 1523 1807 neve
1565 1755 1799 1808 multum
1846 1752 1978 1810 effe-

401 1839 575 1907 raris;
610 1848 862 1895 creatura
898 1856 958 1898 es
991 1839 1109 1908 Dei,
1159 1858 1228 1898 ne
1264 1843 1579 1899 Creatorem
1628 1846 1973 1917 asperneris;

400 1947 431 1986 a
462 1931 572 1987 Deo
603 1932 899 1999 adjuvaris,
937 1948 1006 1988 ne
1032 1949 1230 1991 renuas
1261 1935 1698 2005 benefactorem;
1729 1937 1795 1993 ad
1842 1939 1977 1995 sub-

401 2025 681 2081 limitatem
736 2025 968 2081 instituti
1024 2027 1340 2094 ascendisti,
1383 2029 1479 2084 sed
1516 2029 1606 2085 ille
1632 2038 1685 2085 te
1713 2030 1974 2099 deduxit;

400 2126 548 2171 recta
590 2116 808 2172 virtutis
854 2131 1019 2187 opera
1062 2112 1313 2188 patrasti,
1359 2134 1551 2175 verum
1599 2120 1689 2177 ille
1718 2130 1976 2191 operatus

400 2217 516 2273 est;
553 2207 729 2278 ipsum
759 2206 1038 2274 confitere,
1077 2208 1171 2279 qui
1203 2217 1256 2265 te
1286 2209 1563 2279 exaltavit,
1587 2219 1648 2265 ut
1686 2210 1877 2269 firmus
1917 2211 1975 2267 in

400 2298 684 2354 altitudine
727 2313 1086 2370 permaneas;
1135 2315 1372 2371 agnosce
1416 2302 1801 2369 contribulem,
1844 2304 1972 2374 quia

401 2389 645 2459 ejusdem
677 2396 759 2445 est
787 2399 1017 2464 naturae,
1050 2407 1119 2448 ue
1146 2408 1242 2463 per
1269 2393 1589 2462 iactantiam
1626 2409 1849 2450 recuses
1874 2410 1973 2451 co-

403 2480 733 2549 gnationem.

976 2592 1204 2649 CAPUT
1247 2595 1389 2651 XIX.

470 2703 705 2761 Humilis
748 2714 836 2763 est
880 2706 992 2773 ille,
1038 2716 1203 2779 atque
1245 2708 1460 2765 modice
1512 2719 1876 2783 temperatus;
1917 2720 1975 2768 at

400 2795 541 2851 idem
579 2795 824 2852 conditor
851 2806 1150 2868 utrumque
1175 2800 1402 2854 creavit.
1433 2798 1512 2856 Ne
1536 2802 1801 2857 humilem
1837 2818 1972 2858 con-

401 2896 634 2949 temnas,
665 2895 719 2941 te
742 2901 980 2958 namque
1013 2890 1258 2943 securior
1289 2900 1373 2944 est
1401 2908 1415 2944 :
1448 2890 1650 2946 incedit
1680 2892 1772 2947 ille
1805 2908 1972 2963 super

401 2975 652 3040 humum,
681 2983 736 3031 et
772 2991 879 3031 non
903 2977 1049 3033 cadit
1073 2978 1345 3047 celeriter;
1386 2981 1480 3050 qui
1510 2992 1693 3037 autem
1719 2984 1970 3039 excelsus

1923 243 1986 304 S.
2008 244 2173 307 NILI

2007 373 2056 429 Δ

3519 244 3655 309 ῙῙ64

2671 358 2922 414 ΚΕΦΔΛ.
2952 357 3059 413 IH'.

2161 466 2539 541 ’Υπερηφανία
2571 468 2667 522 ἀπ’
2694 466 2924 540 ούρανοῦ
2962 466 3257 523 κατέόαλεν
3281 469 3622 541 ἁρχὰγγελον
3639 511 3655 532 ,

2078 559 2173 615 καὶ
2194 560 2271 623 ὡς
2292 559 2579 632 ἀστραπὴν
2618 560 2841 632 ἐποίησε
2873 562 3060 613 πεσεῖν
3102 560 3196 614 ἐπὶ
3232 561 3356 632 γῆς.
3396 563 3658 616 Ταπεινο-

2079 650 2320 723 φροσύνη
2339 651 2418 719 δὲ,
2447 650 2731 722 ἄνθρωπον
2754 649 2947 718 ἀνάγει
2976 652 3057 714 εἰς
3090 651 3325 721 οὐρανὸν
3342 692 3359 718 ,
3392 654 3489 706 καὶ
3523 654 3660 722 μετὰ

2077 742 2326 812 ἀγγέλων
2360 740 2612 813 χορεύειν
2650 741 3080 811 παρασκευάζει.
3108 742 3174 795 Τί
3211 743 3543 815 μετεωρίζῃ,
3574 744 3661 797 ἄν-

2078 834 2264 906 θρωπε
2290 874 2309 900 ,
2338 834 2511 907 πηλὸς
2549 835 2645 904 ῶν,
2680 837 2775 891 καὶ
2805 835 3014 906 σαπρία
3052 837 3119 906 τῇ
3154 834 3340 903 φύσει,
3382 838 3479 889 καὶ
3526 838 3662 905 ὑπὲρ

2075 927 2176 990 τὰς
2215 928 2444 998 νεφέλας
2488 929 2729 1001 ἐπαίρῃ;
2782 927 3078 997 ἐπισκέψαι
3110 945 3204 982 σου
3233 928 3336 999 τὴν
3375 928 3542 999 φύσιν
3584 930 3661 982 ὅτι

2077 1016 2147 1089 γῆ
2171 1012 2243 1082 εἴ,
2279 1019 2374 1071 καὶ
2404 1018 2620 1083 σποδὸς,
2651 1018 2749 1073 καὶ
2768 1019 2888 1090 μετ’
2913 1018 3091 1087 ὀλίγον
3112 1020 3194 1082 είς
3234 1019 3387 1072 κόνιν
3418 1020 3660 1093 (“gmw

2077 1110 2203 1179 ἀρτι
2231 1109 2479 1181 σοϐαρὸς,
2511 1111 2605 1165 καὶ
2629 1109 2747 1181 μετ’
2770 1110 2953 1179 ὀλίγον
2975 1109 3209 1181 σκώληξ.
3246 1110 3315 1163 Τί
3346 1110 3440 1164 τὸν
3462 1112 3663 1181 αὐχένα

2076 1198 2327 1270 ἐπαίρεις
2351 1201 2444 1255 τὸν
2473 1203 2595 1270 μετ’
2614 1202 2796 1271 ὀλίγον
2826 1202 3162 1279 σηπόμενοη
3190 1201 3353 1272 Μέγα
3380 1203 3661 1275 ἄνθρωπος

2076 1289 2440 1362 βοηθούμενος
2468 1292 2620 1365 παρὰ
2646 1293 2804 1348 Θεοῦ*
2834 1292 3252 1365 ἐγκατελείφθη,
3284 1295 3383 1349 καὶ
3421 1296 3482 1348 τὸ
3505 1296 3662 1349 ἀσθε-

2075 1381 2164 1445 νὲς
2200 1373 2413 1451 ἐπέγνω
2465 1384 2568 1455 τῆς
2619 1384 2853 1454 φύσεως.
2907 1386 3073 1439 Οὐδὲν
3102 1385 3279 1457 ἔχεις,
3325 1386 3354 1439 ὅ
3396 1386 3473 1457 μὴ
3516 1389 3661 1457 παρά

2073 1472 2210 1527 Θεοῦ
2240 1474 2453 1539 ἐλαϐεςο
2483 1476 2537 1529 τί
2565 1472 2657 1531 οῦν
2690 1477 2768 1548 τῷ
2812 1477 3077 1550 ἀλλοτρίῳ
3101 1477 3420 1550 ἐναμὸλύνῃ
3451 1478 3527 1541 ὠς
3551 1479 3658 1548 σῷς

2072 1565 2127 1618 τί
2150 1568 2216 1637 τῇ
2241 1567 2427 1639 χάριτι
2444 1566 2541 1621 τοῦ
2570 1567 2707 1621 Θεοῦ
2729 1570 2805 1632 ὡς
2825 1569 2941 1640 ίδίῳ
2968 1570 3210 1641 κτήματι
3239 1570 3628 1641 ἐγκαλλωπίζῃ
3644 1592 3660 1637 ;

2092 1658 2387 1727 Ἐπίγνωθι
2412 1660 2506 1713 τὸν
2534 1661 2823 1727 δεδωκότα,
2855 1662 2950 1715 καὶ
2980 1661 3055 1734 μὴ
3087 1663 3323 1734 ἐπαίρου
3349 1661 3510 1715 πολύ·
3549 1663 3661 1715 κτί-

2085 1763 2201 1818 σμα
2229 1746 2366 1801 Θεοῦ
2404 1746 2457 1802 εῐ
2476 1790 2504 1825 ,⁸
2541 1749 2617 1821 μὴ
2640 1750 2825 1804 ἀθέτει
2852 1752 2946 1804 τὸν
2974 1750 3277 1806 Κτίσαντα·
3312 1752 3486 1825 βοηθῇ
3518 1754 3661 1823 παρά

2081 1840 2238 1907 Θεοῦ,
2273 1840 2349 1913 μὴ
2377 1841 2542 1912 ἀρνοῦ
2569 1842 2660 1896 τὸν
2695 1843 3013 1917 εὐεργέτην.
3053 1846 3149 1911 Είς
3174 1845 3312 1916 ὕψος
3344 1846 3553 1917 ἁνέϐης
3580 1862 3661 1897 πο-

2080 1933 2306 1998 λιτείας,
2324 1933 2442 1989 ἀλλ’
2474 1936 2681 2000 ἐκεῖνος
2702 1936 2952 2010 ὡδήγησε
2978 1954 2994 1971 ο
3040 1938 3423 2011 κατώρθωσας
3448 1940 3662 2011 ἀρετὴν,

2080 2026 2198 2080 ἀλλ’
2235 2027 2445 2091 ἐκεῖνος
2506 2029 2834 2101 ἐνήργησεν.
2881 2030 3165 2100 Ὀμολόγει
3201 2029 3297 2083 τὸν
3336 2030 3627 2100 ὑψώσαντα
3646 2071 3661 2095 ,

2081 2118 2171 2174 ἵνα
2209 2120 2402 2194 μείνῃς
2429 2121 2493 2191 ἐν
2513 2121 2592 2193 τῷ
2617 2121 2744 2192 ὕψει
2775 2122 3014 2193 βέϐαιος⁸
3046 2123 3315 2193 ἐπίγνωθι
3337 2124 3436 2177 τὸν
3464 2125 3662 2195 ὀμόςυο

2078 2210 2193 2279 λον,
2222 2213 2306 2267 ὅτι
2337 2214 2439 2285 τῆς
2465 2213 2638 2285 αὐτῆς
2680 2216 2828 2268 ἐστιν
2872 2214 3085 2280 οὐσίας.
3127 2215 3221 2287 Μὴ
3246 2216 3320 2269 δι’
3348 2216 3664 2281 ἀλαζονείας

2078 2304 2249 2376 ἀρνοῦ
2283 2304 2383 2377 τὴν
2404 2307 2749 2377 συγγένειαν.

2675 2594 2931 2648 ΚΕΦΑΛ.
2960 2592 3064 2650 ΙΘ’.

2145 2703 2416 2768 Ταπεινδς
2458 2704 2689 2770 ἐκεῖνος,
2737 2704 2837 2760 καὶ
2876 2704 3194 2778 σύμμετρος
3214 2723 3230 2739 ⁸
3272 2706 3395 2761 ἀλλ’
3435 2707 3468 2761 6
3510 2710 3665 2773 αὐτὸς

2073 2794 2403 2867 δημιουργὸς
2423 2792 2625 2848 ἔπλασε
2655 2794 2783 2858 τοὺς
2808 2795 3171 2868 ἀμφοτέρους.
3197 2796 3291 2869 Μὴ
3319 2803 3661 2871 καταφρονή-

2076 2902 2174 2957 σῃς
2188 2883 2471 2939 ταπεινοῦ⁸
2497 2883 2700 2955 ἕστηκε
2729 2884 2839 2954 γάρ
2867 2900 2962 2938 σου
2983 2884 3419 2957 ἀσφαλέστερος·
3454 2887 3549 2939 ἐπὶ
3570 2888 3662 2957 γῆς

2077 2972 2303 3044 βαδίζει,
2358 2973 2454 3027 καὶ
2485 2973 2547 3026 οὑ
2598 2973 2785 3026 πίπτει
2838 2972 3055 3042 ταχέως
3078 2989 3095 3004 ο
3132 2974 3161 3027 6
3213 2972 3273 3026 δὲ
3308 2974 3542 3044 ὑψηλὸς,
3577 2977 3664 3029 ἐὰν

399 3077 501 3132 est,
544 3070 591 3123 si
635 3068 913 3133 ceciderit,
965 3078 1299 3126 conteretur.
1355 3071 1633 3142 Superbus
1671 3076 1974 3130 monachus

2132 3064 2239 3138 ἔσῃ,
2272 3064 2711 3137 συντριδήσεται.
2738 3063 3124 3135 Ὑπερήφανος
3156 3067 3397 3137 μοναχδς
3452 3067 3660 3139 δένδρον

398 3156 564 3230 474
587 3158 751 3213 arbor
794 3169 878 3214 est
916 3160 1123 3230 absque
1155 3161 1358 3228 radice,
1412 3177 1514 3219 nec
1552 3166 1700 3219 venti
1733 3166 1974 3235 perferet

400 3248 685 3319 impetum.
720 3248 869 3306 Mens
901 3250 1111 3323 absque
1152 3261 1386 3320 tumore,
1430 3255 1624 3312 civitas
1654 3266 1739 3312 est
1776 3258 1973 3314 moeni-

398 3339 502 3394 bus
551 3339 751 3409 cincta,
798 3348 855 3396 et
899 3341 996 3412 qui
1049 3356 1171 3397 eam
1223 3344 1434 3411 incolit,
1476 3346 1804 3403 inviolabilis
1842 3347 1971 3404 erit.

396 3430 543 3485 Aura
579 3432 726 3487 venti
764 3433 967 3489 siccam
1010 3436 1222 3491 extollit
1266 3435 1558 3503 festucam,
1586 3447 1639 3494 et
1675 3438 1971 3509 superbum

398 3519 638 3576 insultus
662 3520 817 3578 effert
845 3525 1151 3581 dementiae.
1189 3526 1344 3583 Bulla
1385 3527 1556 3583 fracta
1582 3538 1889 3594 evanescet,
1919 3540 1976 3586 et

398 3613 662 3667 memoria
692 3616 914 3685 superbi
956 3618 1176 3687 peribit.
1211 3618 1447 3677 Humilis
1478 3636 1660 3678 sermo
1704 3622 1773 3677 ad
1802 3623 1973 3678 emol-

397 3700 630 3758 liendam
657 3713 742 3758 est
758 3705 1028 3774 animam,
1068 3716 1127 3764 at
1170 3711 1390 3781 superbi
1445 3712 1673 3767 verbum
1708 3721 1794 3769 est
1817 3727 1976 3769 arro-

395 3793 578 3862 gantia
619 3794 900 3851 refertum.
959 3795 1149 3855 Oratio
1217 3801 1318 3857 viri
1371 3803 1593 3859 humilis
1660 3802 1834 3859 Deum
1887 3805 1975 3859 in-

394 3884 581 3952 flectit,
633 3885 805 3942 Deum
853 3904 984 3945 vero
1025 3904 1313 3962 exasperat
1361 3896 1582 3965 superbi
1625 3897 1972 3967 supplicatio.

394 3975 613 4032 Corona
646 3978 846 4035 domus
877 3989 963 4037 est
1008 3981 1313 4050 humilitas,
1359 3993 1584 4055 tuteque
1613 3987 1852 4043 custodit
1890 3989 1975 4042 in-

396 4076 727 4124 troeuntem.
768 4068 908 4126 Cum
955 4073 1023 4128 ad
1073 4075 1283 4144 apicem
1324 4076 1589 4132 virtutum
1637 4078 1972 4147 ascenderis,

399 4166 531 4214 tunc
568 4161 741 4215 multa
777 4177 917 4232 opus
956 4172 1043 4221 est
1073 4166 1171 4221 tibi
1202 4167 1400 4234 tutela;
1447 4183 1597 4235 nam,
1636 4169 1730 4239 qui
1769 4169 1916 4224 cadit
1943 4184 1975 4225 e

346 4320 351 4325 _
399 4250 714 4319 pavimento
746 4254 904 4309 ocius
935 4256 1130 4328 surgit,
1161 4258 1256 4328 qui
1297 4268 1480 4315 autem
1529 4261 1598 4316 ab
1635 4260 1745 4318 alto
1783 4264 1977 4319 conci-

398 4338 497 4404 ait,
538 4341 622 4444 .ad
671 4352 905 4444 mortem
954 4349 1310 4416 periclitatur.
1365 4348 1623 4422 Lapidem
1674 4355 1970 4423 pretiosum
2003 4387 2049 4444 Β

400 4433 601 4488 muniri
634 4448 772 4491 auro
794 4436 969 4505 decet,
1000 4447 1055 4495 et
1078 4441 1183 4498 viri
1206 4442 1489 4502 humilitas
1518 4445 1707 4503 multis
1728 4446 1971 4517 resplen-

400 4523 490 4579 dcl
512 4524 829 4581 virtutibus.

473 4699 517 4732 ⁸⁷
556 4697 662 4758 lsa.
697 4715 813 4771 xw,
842 4702 933 4761 i2.

2071 3157 2320 3230 ἄρριζον,
2345 3157 2444 3210 καὶ
2464 3157 2524 3211 οὑ
2559 3157 2635 3227 μὴ
2664 3156 2867 3229 ἐνέγκῃ
2902 3157 3209 3230 προσϐολὴν
3236 3159 3475 3229 ἀνέμου.
3511 3161 3659 3224 Πόλις

2070 3247 2475 3318 τετειχισμένη,
2508 3246 2714 3316 ἄτυφον
2742 3247 3003 3319 φρόνημα
3021 3288 3038 3316 ,
3071 3249 3169 3302 καὶ
3192 3250 3222 3301 6
3259 3250 3501 3303 ἐνοικῶν
3530 3251 3656 3321 αὐτῇ

2071 3337 2271 3402 ἄσυλος
2294 3339 2467 3392 ἐσται.
2500 3336 2834 3411 Μετεωρίζει
2876 3339 3091 3410 κάρφος
3122 3333 3269 3409 αὖρα
3298 3342 3544 3410 ἀνέμου,
3574 3345 3660 3395 καὶ

2073 3429 2422 3501 ὑπερήφανον
2461 3430 2676 3502 ἐπαίρει
2728 3428 2987 3495 ἀπονοίας
3027 3430 3308 3502 προσϐολή
3334 3448 3348 3461 ο
3381 3433 3659 3503 πομφόλυξ

2073 3522 2306 3591 ραγεῖσα
2360 3520 2835 3592 ἀφανισθήσεται,
2881 3521 2979 3575 καὶ
3036 3523 3225 3593 μνήμη
3306 3523 3659 3595 ὑπερηφάνου

2070 3611 2312 3667 ὄλλυται.
2348 3614 2523 3682 Λόγος
2559 3613 2819 3668 ταπεινοῦ
2874 3600 3161 3684 μάλαγμα
3185 3613 3368 3684 ψυχῆς
3396 3658 3416 3681 ,
3444 3619 3475 3669 6
3493 3618 3552 3670 δὲ
3577 3617 3661 3670 τοῦ

2073 3707 2425 3780 ὑπερηφάνου
2487 3704 2804 3771 ἀλαζονείας
2828 3705 3209 3777 πεπλήρωται.
3235 3708 3541 3780 Προσευχῆ
3576 3726 3661 3761 τα-

2071 3797 2260 3853 πεινοῦ
2324 3796 2669 3867 ἐπικάμπτει
2721 3796 2877 3859 Θεὸν,
2932 3796 3229 3868 παροξύνει
3268 3797 3329 3850 δὲ
3380 3798 3482 3851 τὸν
3540 3799 3662 3852 Θεὸν

2071 3894 2255 3966 δέησις
2275 3892 2649 3963 ὑπερηφάνου.
2674 3891 2945 3961 Στέφανος
2967 3888 3215 3960 δὼματός
3236 3891 3392 3944 ἐστιν
3419 3892 3457 3961 ή
3484 3909 3666 3945 ταπει-

2072 3984 2378 4056 νοφροσύνη
2407 3984 2502 4037 καὶ
2541 3982 2631 4037 τὸν
2658 3982 2955 4036 ἀνελθόντα
2983 3984 3141 4054 τηρεῖ
3170 3981 3468 4051 ἀσφαλῶς.
3504 3984 3666 4037 Ὅταν

2072 4075 2304 4148 ἀνέλθῃς
2338 4077 2420 4139 είς
2456 4075 2518 4128 τὸ
2554 4075 2666 4128 τῶν
2709 4074 2922 4145 ἀρετῶν
2973 4074 3127 4145 ὕψος,
3183 4074 3310 4127 τότε
3359 4075 3542 4145 πολλὴ
3588 4092 3665 4128 σοι

2073 4167 2235 4238 χρεία
2278 4166 2383 4236 τῆς
2424 4165 2746 4235 ἀσφαλείας.
2792 4165 2851 4219 '0
2897 4165 3008 4237 γὰρ
3043 4163 3227 4219 πεσὼν
3274 4164 3374 4219 ἀπ’
3410 4166 3662 4236 ἐδάφους,

2071 4258 2284 4331 ταχέως
2309 4258 2605 4329 ἐγείρεται,
2630 4258 2661 4311 6
2685 4257 2745 4312 δὲ
2774 4256 2958 4311 πεσὼν
2988 4258 3080 4327 ἀφ’
3111 4256 3350 4328 ὑψηλοῦ,
3383 4260 3469 4321 είς
3501 4259 3661 4312 θάνα-

2074 4368 2166 4404 τον
2210 4349 2529 4406 κινδυνεύει.
2575 4349 2740 4413 Λίθος
2787 4350 2973 4421 τίμιος
3016 4347 3296 4420 ἐμπρέπει
3359 4349 3662 4419 σιαλώματι

2076 4443 2325 4517 χρυσίου,
2354 4445 2448 4498 καὶ
2468 4443 2691 4509 πολλαῖς
2710 4444 2933 4517 ἀρεταῖς
2952 4442 3306 4515 φαιδρύνεται
3335 4443 3661 4502 ταπείνωσις

2076 4532 2294 4605 ἀνδρός.
