3788 6224
200 255 231 315 1
247 255 359 317 165

1584 250 1681 308 DE
1714 245 2114 308 ORATIONE.

3336 236 3471 299 1166

2510 388 2964 399 -α--σ-

241 390 2784 432 W

710 559 1009 675 ΤΟΥ
1045 556 1541 672 ΑΥΤΟΥ
1635 555 1991 669 ΠΕΡΙ
2054 477 3033 667 ΠΡΟΣΕΥΧΗΣ

1674 776 2037 863 ΛΟΓΟΣ

1206 959 1314 1011 ΕΙΣ
1343 955 1486 1009 PNF‘
1517 953 1871 1010 ΚΕΦΑΛΑΙΑ
1925 950 2479 1007 ΔΙΕΙΛΗΜΜΕΝΟΣ.

963 1212 1601 1329 EJUSDEM
1684 1214 1866 1323 DE
1971 1205 2695 1324 ORATIONE

1516 1453 2196 1544 TRACTATUS

991 1648 1065 1710 ln
1105 1653 1355 1710 centum
1396 1652 1849 1734 quinquaginta
1884 1650 1998 1712 tria
2054 1651 2323 1730 capitula
2364 1649 2713 1714 distinctus.

808 1818 1213 1875 ΠΡΟΟΙΜΙΟΝ.

273 1932 623 2006 Πυρέττοντά
652 1948 718 2002 με
737 1930 816 2004 τῷ
841 1931 1069 2004 φλογμῷ
1091 1932 1202 1985 τῶν
1224 1932 1549 2001 ἀκαθάρτων
1578 1927 1788 1991 παθῶν,

193 2027 459 2099 συνήθως
482 2025 785 2097 άνεκτήσω,
809 2027 875 2096 τῇ
897 2024 1007 2078 τῶν
1029 2023 1293 2095 θεοφιλῶν
1327 2040 1421 2076 σου
1446 2022 1790 2093 γραμμάτων

191 2121 415 2191 ἐπαφῇ,
436 2119 529 2173 τὸν
559 2117 839 2188 κάμνοντά
873 2120 975 2188 μου
1013 2115 1141 2170 νοῦν
1171 2117 1231 2169 ὲν
1256 2117 1371 2179 τοῖς
1403 2115 1653 2184 ἐσχάτοις
1687 2128 1790 2164 πα-

193 2211 692 2285 ραμυθησάμενος,
745 2209 841 2264 καὶ
877 2209 971 2262 τὸν
1014 2208 1190 2281 μέγαν
1232 2206 1617 2279 μιμησάμενος
1654 2202 1789 2256 καθ-

189 2303 443 2374 ηγητὴν,
463 2303 560 2357 καὶ
588 2302 907 2356 διδάσκαλον
929 2300 1212 2373 μακαρίως
1232 2317 1245 2329 ·
1269 2299 1362 2352 καὶ
1377 2299 1438 2351 ού
1454 2295 1785 2367 θαυμαστόν·

191 2396 271 2464 σὴ
319 2394 431 2466 γὰρ
471 2395 558 2449 ἀεὶ
600 2394 758 2466 μερὶς
804 2393 998 2463 γέγονε
1035 2393 1106 2446 τά
1139 2393 1407 2463 ἐπίσημα,
1447 2390 1524 2452 ὡς
1564 2388 1659 2441 καὶ
1692 2385 1786 2440 τοῦ

188 2487 575 2558 εὐλογημένου
616 2486 829 2541 Ἰακώϐ·
856 2485 1039 2549 καλῶς
1058 2484 1168 2555 γὰρ
1199 2481 1494 2545 δουλεύσας
1522 2480 1623 2550 τῆς
1661 2478 1787 2533 Ῥα-

191 2578 309 2649 χὴλ
339 2580 519 2649 χάριν,
545 2580 641 2631 καὶ
668 2576 849 2632 λαϐὼν
872 2577 970 2648 τὴν
1011 2577 1198 2641 Λείαν,
1227 2574 1409 2645 ζητεῖς
1438 2574 1532 2627 καὶ
1561 2572 1659 2641 τὴν
1690 2588 1787 2625 πο-

193 2669 499 2740 οουμένην,
524 2671 599 2734 ὡς
624 2670 718 2723 καὶ
737 2667 939 2740 ταύτης
960 2668 1132 2738 δήπου
1160 2664 1455 2736 πληρώσας
1478 2664 1544 2718 τὰ
1559 2664 1782 2734 ἕϐδομα.

209 2761 363 2831 Ἐγὼ
383 2763 441 2815 δὲ
467 2763 567 2816 ούκ
583 2762 901 2834 ἀρνηθείην,
929 2762 1005 2824 ὡς
1028 2761 1157 2831 ὃλην
1178 2759 1275 2831 τὴν
1297 2758 1467 2812 νύκτα
1495 2758 1782 2819 κοπιάσας,

193 2856 460 2908 neniam
490 2854 665 2920 οὐδὲν,
706 2854 846 2925 πλὴν
873 2853 991 2907 ἀλλ’
1034 2853 1129 2906 ἐπὶ
1153 2852 1231 2921 τῷ
1267 2850 1345 2922 σῷ
1373 2849 1517 2920 λόγῳ
1544 2848 1786 2919 χαλάσας

191 2946 263 3000 τὸ
293 2944 535 3009 δίκτυον,
570 2944 813 3015 ἦγρευσα
856 2942 1056 3014 ἰχθύων
1093 2941 1325 3013 πληθὺν,
1355 2941 1456 2994 ούκ
1499 2934 1653 3010 οἶμαι
1685 2937 1784 3009 μὲν

198 3038 484 3107 μεγάλων,
535 3038 731 3091 ἑκατὸν
768 3036 828 3090 δὲ
868 3037 1020 3106 ὅμως
1061 3034 1156 3089 καὶ
1201 3034 1544 3105 πεντήκοντα
1590 3030 1780 3104 τριῶν,

194 3130 303 3184 καὶ
332 3128 555 3193 τούτους
576 3127 873 3183 ἀπέστειλα
906 3128 966 3180 ὲν
993 3128 1060 3197 τῇ
1086 3124 1305 3197 σπυρίδι
1326 3125 1426 3194 τῆς
1451 3123 1671 3195 ἀγάπης
1694 3122 1783 3176 διὰ
1816 3166 1859 3221 Β

193 3222 315 3275 τῶν
339 3220 637 3291 ἰσαρίθμων
659 3217 987 3288 κεφαλαίων,
1010 3217 1110 3289 τὴν
1136 3215 1431 3286 πρόσταξίν
1454 3233 1547 3269 σου
1578 3215 1787 3287 πεπλη-

198 3308 400 3383 ρωκὼς
417 3324 433 3340 ⁸
459 3308 725 3380 θαυμάζω
759 3310 817 3363 δέ
845 3326 905 3362 σε
926 3350 941 3373 ,
979 3309 1072 3361 καὶ
1116 3307 1237 3361 λίαν
1263 3305 1407 3378 ζηλῶ
1427 3306 1529 3377 τῆς
1560 3305 1788 3377 ἀρίστης

195 3402 518 3473 προθέσεως
555 3402 665 3454 τῶν
698 3402 829 3471 περὶ
864 3398 1177 3470 προσευχῆς
1204 3398 1417 3471 ἐρῶντα
1453 3398 1784 3467 κεφαλαίων.

196 3496 283 3549 οὐ
310 3494 419 3565 γὰρ
454 3493 642 3557 ἁπλῶς
671 3493 877 3547 τούτων
912 3494 1044 3564 ἐρᾷς
1079 3492 1189 3545 τῶν
1213 3490 1319 3545 ὑπὸ
1350 3490 1569 3562 χειρῶν,
1601 3490 1696 3545 καὶ
1729 3491 1789 3543 ἐν

195 3588 385 3660 χάρτῃ
406 3586 495 3641 διὰ
525 3585 756 3657 μέλανος
777 3584 840 3638 τὸ
878 3582 1016 3639 εἶναι
1043 3585 1295 3656 ἐχόντων,
1330 3582 1468 3637 ἀλλὰ
1494 3585 1600 3636 τῶν
1627 3583 1686 3634 ὲν
1712 3582 1788 3653 νῷ

198 3681 510 3752 ἱδρυμένων
567 3679 634 3733 δι’
702 3676 962 3747 ἀγάπης,
1010 3676 1108 3729 καὶ
1152 3673 1581 3746 ἀμνησικακίας.
1645 3673 1786 3728 Ἀλλ’

197 3770 335 3826 ἐπεὶ
358 3769 535 3823 πάντα
580 3767 761 3831 δισσὰ,
793 3766 853 3820 ἓν
878 3766 998 3820 κατ’
1030 3766 1212 3819 ἔναντι
1233 3764 1329 3819 τοῦ
1355 3766 1498 3830 ἑνὸς,
1532 3763 1677 3819 κατὰ
1695 3765 1787 3818 τὸν

199 3861 375 3932 σοφὸν
425 3859 635 3931 Ἰησοῦν
662 3898 678 3924 ,
723 3859 881 3930 δέχου
931 3859 1069 3931 πρὸς
1110 3858 1189 3930 τῷ
1233 3858 1526 3929 γράμματι
1577 3858 1674 3912 καὶ
1708 3858 1788 3929 τῷ

197 3955 501 4026 πνεύματι·
528 3953 622 4007 καὶ
645 3951 825 4016 σύνες,
846 3950 921 4015 ὡς
941 3952 1159 4014 πάντως
1187 3949 1281 4004 τοῦ
1310 3949 1640 4021 γράμματος
1663 3950 1788 4014 νοῦς

196 4046 573 4115 προηγεῖταιο
612 4043 714 4096 ούκ
751 4042 905 4105 ὄντος
951 4041 1063 4111 γὰρ
1106 4040 1334 4105 τούτου,
1376 4040 1498 4094 οὐδὲ
1550 4040 1786 4111 γράμμα

198 4134 384 4188 ἔσται.
415 4130 625 4186 Οὐκοῦν
652 4132 749 4185 καὶ
775 4129 1088 4201 προσευχῆς
1111 4128 1288 4191 διττὸς
1312 4129 1342 4181 6
1373 4129 1595 4199 τρόπος,
1628 4129 1657 4181 6
1682 4130 1785 4198 μέν

198 4240 295 4288 τις
327 4223 655 4294 πρακτικὸς,
684 4223 714 4275 6
734 4221 792 4274 δὲ
822 4220 1180 4292 θεωρητικὸς,
1223 4219 1368 4273 οῦτω
1398 4220 1495 4273 καὶ
1522 4218 1784 4291 ἀριθμοῦ,

198 4317 271 4370 τὸ
301 4316 399 4387 μὲν
432 4314 722 4385 πρόχειρός
751 4315 869 4368 ἐστι
907 4313 1144 4377 ποσότης
1163 4354 1179 4379 ,
1213 4312 1275 4365 τὸ
1304 4312 1362 4366 δὲ
1388 4314 1786 4383 σημαινόμενον

200 4406 429 4477 ποιότης
457 4420 472 4435 °
514 4407 595 4469 είς
628 4403 822 4458 ἑκατὸν
849 4398 944 4457 οὖν
979 4404 1316 4474 πεντήκοντα
1334 4402 1503 4473 τριῶν
1525 4402 1620 4456 τὸν
1655 4401 1786 4472 περὶ

1815 1825 1862 1879 Α

2380 1814 2542 1888 475
2567 1811 2955 1867 PIUEFATIO.

1963 1920 2382 1978 Febricitantem
2412 1939 2500 1977 me
2521 1922 2838 1993 passionum
2864 1924 3197 1991 impurarum
3219 1929 3354 1976 aestu
3378 1938 3460 1976 re-

1893 2012 2150 2069 focillasti
2188 2031 2287 2085 pro
2315 2030 2487 2081 more,
2516 2025 2735 2069 tuarum
2768 2017 2879 2069 Deo
2909 2014 3224 2069 amabilium
3254 2014 3461 2069 littera-

1893 2120 2013 2159 rum
2060 2108 2438 2162 attrectatione
2480 2122 2657 2162 meam
2716 2106 3053 2162 consolando
3105 2114 3344 2159 mentem
3393 2107 3460 2160 ad

1892 2209 2191 2255 extremum
2232 2199 2532 2269 fatigatam,
2563 2212 2931 2270 magnumque
2968 2194 3233 2251 imitando
3262 2211 3462 2265 praece-

1891 2303 2119 2363 ptorem,
2165 2309 2230 2348 ac
2271 2294 2589 2364 magistrum
2639 2294 2827 2360 beate;
2870 2306 3048 2361 neque
3087 2291 3310 2356 mirum,
3359 2300 3462 2344 tuae

1890 2394 2085 2450 nempe
2110 2391 2292 2450 partes
2327 2380 2477 2435 fuere
2507 2395 2723 2449 semper
2758 2381 2996 2450 insignia
3036 2395 3286 2450 quaeque,
3319 2381 3461 2433 sicut

1887 2484 1942 2528 et
1981 2472 2249 2528 benedicti
2289 2471 2458 2528 Jacob
2474 2473 2520 2505 “
2554 2493 2567 2527 :
2594 2488 2720 2528 cum
2750 2472 2893 2527 enim
2926 2471 3183 2542 praeclare
3207 2471 3462 2527 servieris

1888 2575 2110 2636 propter
2156 2563 2379 2632 Rachel,
2429 2574 2483 2620 et
2528 2565 2681 2630 Liam
2729 2567 3025 2636 acceperis,
3062 2566 3263 2635 quteris
3292 2567 3459 2621 etiam

1887 2657 2272 2721 desideratam,
2310 2667 2497 2728 utpote
2539 2659 2631 2728 qui
2679 2668 2734 2713 et
2780 2660 3009 2727 hujusce
3052 2667 3256 2729 septem
3285 2674 3461 2714 annos

1888 2749 2217 2819 adimplesti.
2265 2749 2377 2820 Ego
2404 2766 2534 2805 vero
2580 2766 2687 2805 non
2729 2750 3072 2822 denegarem,
3110 2752 3283 2821 quod,
3335 2768 3461 2807 cum

1887 2856 1982 2911 per
2008 2850 2178 2896 totam
2222 2851 2439 2897 noctem
2483 2842 2840 2909 laborassem,
2874 2842 3011 2897 nihil
3037 2845 3457 2914 comprehendi;

1886 2944 2282 2996 verumtamen,
2333 2948 2459 2988 cum
2522 2933 2578 2987 in
2638 2943 2733 2989 tuo
2782 2934 2949 2989 verbo
2993 2943 3105 2989 rete
3162 2935 3457 3001 laxassem,

1884 3026 2225 3094 exspiscatus
2258 3041 2380 3081 sum
2424 3025 2657 3095 piscium
2699 3026 3125 3093 multitudinem,
3166 3042 3275 3082 non
3308 3027 3462 3098 equi—

1884 3118 2006 3173 dem
2047 3118 2132 3190 (ut
2159 3119 2434 3189 existimo)
2472 3136 2816 3191 magnorum,
2855 3131 3074 3176 centum
3133 3137 3262 3177 vero
3294 3122 3461 3177 simul

1888 3220 1942 3267 et
1966 3211 2358 3284 quinquaginta
2386 3212 2572 3276 trium,
2595 3212 2823 3283 illosque
2847 3228 2943 3283 per
2964 3214 3194 3284 capitula
3228 3231 3460 3270 numero

1887 3304 2115 3373 aequalia
2150 3305 2206 3358 in
2247 3304 2413 3360 corbe
2452 3304 2548 3359 tibi
2592 3304 2714 3360 misi
2742 3305 3045 3369 charitatis,
3087 3316 3240 3362 tuum
3283 3310 3461 3362 adim-

1887 3394 2086 3464 plendo
2138 3396 2491 3461 mandatum;
2552 3404 2605 3450 te
2655 3411 2783 3451 vero
2834 3396 3096 3462 admiror,
3145 3397 3463 3470 felicemque

1888 3488 2093 3557 optimo
2121 3488 2398 3558 proposito
2422 3488 2677 3554 arbitror,
2707 3488 2853 3557 quod
2884 3488 3121 3559 capitula
3149 3489 3217 3544 de
3248 3492 3459 3545 oratio-

1888 3594 1957 3634 ne
1984 3580 2303 3649 percupias;
2337 3595 2436 3635 nec
2458 3580 2603 3635 enim
2632 3580 2950 3650 simpliciter
2972 3595 3161 3637 eorum
3189 3582 3453 3638 detineris

1887 3687 2095 3738 amore,
2129 3688 2252 3743 quae
2290 3674 2540 3729 manibus
2580 3673 3025 3739 conscribuntur,
3074 3673 3239 3744 inque
3272 3675 3463 3729 charta

1887 3778 1983 3833 per
2021 3773 2385 3820 atramentum
2419 3765 2761 3832 subsistunt;
2805 3779 3018 3830 verum,
3040 3780 3230 3820 eorum
3258 3780 3378 3833 qua:
3407 3767 3461 3820 in

1887 3867 2071 3913 mente
2102 3873 2197 3928 per
2230 3859 2575 3926 charitatem,
2624 3858 3061 3929 injuriarumque
3107 3858 3461 3923 oblivionem,

1886 3949 2254 4005 stabiliuntur.
2289 3950 2397 4005 Sed
2429 3951 2689 4020 quoniam
2730 3950 2964 4019 duplicia
2994 3958 3124 4005 sunt
3163 3950 3369 4018 omnia,
3409 3960 3464 4004 et

1886 4053 2055 4091 unum
2083 4052 2115 4092 e
2142 4037 2363 4108 regione
2401 4038 2628 4094 alterius
2654 4038 2821 4111 476
2857 4038 3115 4108 positum,
3160 4040 3460 4094 secundum

1886 4131 2186 4199 sapientem
2215 4128 2402 4186 Jesum
2427 4131 2495 4196 ",
2537 4131 2725 4201 accipe
2766 4131 2921 4201 juxta
2970 4131 3225 4196 litteram,
3259 4140 3314 4186 et
3350 4133 3463 4200 spi-

1884 4222 2076 4287 ritum,
2102 4230 2157 4277 et
2188 4222 2448 4292 intellige,
2487 4221 2631 4292 quod
2663 4237 2818 4278 mens
2849 4222 3074 4276 omnino
3102 4222 3295 4277 littera:
3326 4238 3462 4292 prae-

1884 4313 2047 4377 cedit,
2076 4329 2201 4368 nam
2229 4313 2277 4368 si
2306 4313 2410 4368 ista
2441 4329 2549 4368 non
2587 4313 2749 4378 adsit,
2783 4330 2883 4369 nec
2913 4315 3017 4369 erit
3041 4313 3220 4369 littera
3258 4333 3270 4368 :
3300 4314 3464 4386 igitur

1883 4406 2150 4461 orationis
2186 4420 2402 4477 quoque
2440 4405 2641 4476 duplex
2688 4414 2774 4460 est
2805 4406 3024 4471 modus,
3072 4422 3216 4461 unus
3259 4405 3459 4475 practi-

200 4497 518 4569 προσευχῆς
555 4496 715 4566 λόγον
763 4495 1122 4565 διειληφότες,
1168 4495 1523 4564 εύαγγελικὸν
1555 4493 1786 4563 όψὼνιόν

1894 4512 2008 4562 cus,
2040 4513 2137 4553 seu
2170 4497 2225 4551 in
2256 4496 2465 4567 agendo
2489 4498 2736 4568 positus;
2770 4498 2907 4552 alter
2939 4497 3340 4567 speculativus,
3376 4505 3460 4550 ta-

203 4606 295 4643 σοι
319 4590 714 4659 πεπόμφαμεν,
742 4588 831 4641 ἵνα
859 4585 1025 4659 εὕρῃς
1050 4585 1379 4657 ωμὸολικοῦ
1398 4585 1635 4657 ἀριθμοῦ
1660 4602 1786 4658 τερ.

200 4678 448 4748 πνότητα
480 4679 574 4733 καὶ
614 4678 800 4750 σχῆμα
837 4678 1103 4748 τρίγωνον
1127 4715 1143 4741 ,
1180 4677 1275 4731 καὶ
1311 4676 1602 4746 ἑξάγωνον,
1648 4674 1785 4748 ὁμοῦ

204 4770 311 4841 μὲν
333 4768 532 4840 εὐσεϐῆ
564 4768 767 4838 γνῶσιν
797 4769 1051 4841 Τριάδος,
1092 4769 1228 4840 ὁμοῦ
1262 4769 1320 4822 δὲ
1349 4769 1446 4823 καὶ
1481 4769 1644 4841 τῆσδε
1683 4770 1786 4840 τῆς

200 4861 619 4933 διακοσμήσεως
669 4862 769 4934 τὴν
814 4861 1161 4933 περιγραφὴν
1202 4863 1519 4932 ύποφαίνον.
1576 4861 1715 4915 Ἀλλ’
1756 4861 1786 4913 6

204 4953 403 5008 ἑκατὸν
428 4954 661 5025 ἀριθμὸς
691 4954 816 5010 καθ’
848 4954 1041 5010 ἑαυτὸν
1073 4956 1415 5027 τετράγωνός
1444 4956 1591 5011 ἐστιν
1610 4994 1626 5021 ,
1662 4957 1692 5009 6
1727 4955 1785 5008 δὲ

202 5048 545 5115 πεντήκοντα
572 5046 717 5116 τρὶς,
744 5046 1033 5117 τρίγωνος,
1063 5046 1160 5099 καὶ
1181 5046 1491 5117 σφαιρικόςο
1522 5048 1552 5100 6
1575 5046 1684 5119 γὰρ
1705 5049 1785 5101 εί-

201 5138 396 5201 stoc-:6;
424 5138 608 5207 ὄγδοος
643 5141 743 5209 μὲν
769 5140 1051 5210 τρίγωνος.
1084 5139 1381 5210 Σφαιρικδς
1406 5139 1466 5194 δὲ
1484 5140 1514 5193 6
1543 5141 1786 5205 εἰκοστὸς

203 5230 481 5299 πέμπτος·
544 5232 806 5295 πεντάκις
861 5233 971 5304 γὰρ
1017 5232 1181 5285 πέντε
1235 5232 1526 5303 κεφάλαια.
1577 5234 1788 5288 Οὐκοῦν

202 5320 350 5391 εχεις
387 5320 447 5374 τὸ
473 5322 811 5391 τετράγωνον
842 5323 1047 5393 σχῆμα,
1077 5323 1139 5376 ού
1168 5322 1328 5393 μόνον
1350 5323 1439 5377 διὰ
1461 5324 1563 5395 τῆς
1589 5342 1784 5397 τετρα-

203 5413 375 5477 κτύος
393 5412 501 5468 τῶν
529 5414 738 5483 ἀρετῶν
762 5456 777 5479 ,
808 5415 946 5468 ἀλλά
984 5417 1080 5469 καὶ
1123 5415 1277 5469 τοῦδε
1322 5417 1418 5469 τοῦ
1454 5416 1651 5481 αἰῶνος
1682 5418 1778 5489 τὴν

204 5503 431 5574 ενσοφον
456 5505 658 5574 γνῶσιν
687 5505 765 5579 τῷ
787 5506 1015 5580 εἰκοστῷ
1047 5509 1286 5580 πέμπτῳ
1313 5510 1576 5577 ἐοικυῖαν,
1609 5511 1698 5566 διὰ
1720 5512 1781 5565 τὸ

276 5661 323 5695 ⁸⁸
351 5661 490 5721 Gen.
523 5680 671 5732 χιιι,
698 5664 788 5722 27.
865 5666 911 5699 "
946 5664 1112 5723 Eccli.
1146 5681 1279 5735 mi,
1308 5666 1397 5721 25.

1887 4590 2074 4659 lesque
2100 4590 2300 4660 pariter
2339 4590 2554 4645 numeri
2581 4598 2710 4646 sunt
2739 4600 2944 4660 partes,
2981 4606 3089 4644 una
3131 4589 3349 4660 quidem
3378 4598 3463 4643 est

1884 4683 2163 4755 quantitas
2204 4691 2478 4754 prompta,
2526 4683 2694 4738 altera
2731 4698 2882 4748 vero,
2928 4698 3050 4752 quae
3100 4680 3459 4751 signiﬁcatur,

1884 4786 1969 4832 est
1995 4775 2251 4846 qualitas.
2283 4774 2339 4829 In
2376 4783 2595 4829 centum
2625 4774 2788 4844 igitur
2807 4772 3200 4844 quinquaginta
3238 4771 3339 4825 tria
3366 4786 3462 4823 ca-

1886 4869 2055 4940 pitula
2088 4876 2375 4923 tractatum
2408 4869 2475 4922 de
2498 4867 2747 4921 oratione
2786 4867 3200 4935 distinguentes,
3230 4878 3462 4932 evange-

1884 4961 2049 5015 licum
2085 4960 2181 5015 tibi
2201 4959 2490 5015 obsonium
2515 4958 2790 5022 misimus,
2829 4966 2889 5012 ut
2913 4940 3185 5027 allegorici
3216 4956 3462 5009 invenias

1884 5052 2097 5106 numeri
2134 5050 2556 5121 iucunditatem,
2591 5048 2928 5119 ﬁguramque
2969 5048 3381 5117 triangularem,
3408 5057 3463 5100 et

1886 5146 2324 5214 scxangularem,
2371 5143 2902 5203 submonstrantem,
2937 5148 3053 5194 tum
3096 5139 3239 5209 piam
3280 5137 3461 5193 Trini-

1887 5236 2015 5291 tatis
2041 5236 2428 5305 cognitionem,
2462 5245 2576 5290 tum
2615 5234 2780 5288 etiam
2808 5233 3037 5303 hujusce
3074 5232 3458 5295 ordinationis,

1887 5341 1953 5384 ac
2001 5326 2399 5382 distributionis
2450 5326 2892 5396 descriptionem.
2942 5324 3008 5379 Et
3045 5340 3303 5380 numerus
3335 5325 3430 5395 qui

1884 5420 2006 5473 dem
2037 5420 2383 5474 centenarius
2408 5420 2707 5492 secundum
2742 5419 2982 5488 seipsum
3010 5416 3463 5493 quadrangularis

1887 5522 1989 5579 est,
2022 5512 2113 5569 scd
2176 5512 2679 5583 quinquagenarius
2719 5512 2935 5578 tertius,
2980 5510 3327 5582 triangularis
3354 5522 3460 5572 est,
