3788 6224
307 211 442 278 1167
481 244 492 250 ~
1797 199 1856 258 S.

2041 201 2068 258 Ῑ
3423 208 3568 273 1168

304 341 356 387 et
388 323 684 389 rotundus;
723 336 848 376 nam
896 318 1188 374 vicesimus
1229 324 1478 378 octavus.
1524 311 1872 383 triangularis

2040 313 2263 384 ›αιρικὸν
2295 315 2402 369 τῶν
2433 316 2659 386 χρόνων.
2703 318 2972 389 Ἐὀδομάς
3002 320 3111 391 γάρ
3137 321 3230 373 ἐπὶ
3261 320 3566 392 ὲὸδομάδα,

304 422 522 494 quidem
578 425 692 482 est,
748 413 1012 469 rotundus
1072 426 1198 465 vero
1264 409 1559 463 vicesimus
1624 407 1873 476 quintus,

2040 405 2073 457 Li.
2095 406 2202 476 μὴν
2233 407 2326 460 ὲπὶ
2358 408 2503 479 μῆνα
2523 412 2773 474 κινεῖται,
2793 412 2886 463 καὶ
2909 411 2966 476 ἐξ
2995 411 3241 465 ἐνιαυτοῦ
3267 414 3348 476 εἰς
3377 415 3568 468 ἐνιαυ-

307 512 599 584 quinquies
632 521 823 576 nempe
864 506 1107 575 quinque
1137 502 1378 556 continet
1405 497 1664 568 capitula,
1707 495 1876 550 habes

2040 516 2067 552 ν
2095 501 2123 551 6
2159 499 2350 570 χρόνος
2387 501 2712 555 κυλινδεῖται
2743 505 2838 555 καὶ
2877 502 3069 574 καιρὸς
3107 505 3202 557 ἐπὶ
3227 505 3425 573 καιρὸν
3445 543 3461 569 ,
3493 507 3572 568 ὡς

310 607 474 678 igitur
501 604 724 672 ﬁguram
753 597 1261 670 quadrangularem,
1291 607 1396 647 non
1429 589 1605 646 solum
1641 605 1737 659 per
1764 588 1876 641 vir—

2040 590 2072 642 :i.
2096 592 2360 661 κινήσεως
2383 592 2555 663 ἡλίου,
2579 598 2674 647 καὶ
2697 594 2946 664 σελήνης,
2972 594 3150 662 ἔαρος,
3182 597 3279 649 καὶ
3302 597 3418 649 τῶν
3440 598 3573 665 ἑξῆς

311 707 486 750 tutum
515 692 952 764 quaternionem,
987 688 1078 741 sed
1113 695 1167 740 et
1189 685 1350 755 hujus
1385 681 1568 738 saeculi
1595 679 1877 736 scientiam

2040 682 2215 752 πῶμεν.
2264 684 2338 736 Τὸ
2362 683 2420 738 δὲ
2456 684 2743 755 τρίγωνον,
2793 686 3045 755 σημαίνει
3091 688 3157 740 ἀν
3201 704 3286 739 σοι
3330 687 3437 756 τὴν
3471 689 3576 756 τῆς

314 788 636 858 sapientem,
688 782 947 837 vicesimo
987 778 1176 848 quinto
1226 775 1581 831 assimilatam
1630 785 1877 832 numero,

2040 774 2142 839 (la;
2170 775 2398 845 Τριάδος
2430 775 2871 844 γνῶσιν.“Ἀλλως
2891 794 2904 806 ·
2935 781 2982 831 εἰ
3004 779 3058 831 δὲ
3083 779 3171 832 διὰ
3190 780 3295 850 τῆς
3325 781 3574 850 πληθύος

315 889 532 950 propter
565 890 831 931 annorum
864 871 1279 932 revolutionem,
1320 863 1651 920 hebdomada
1682 863 1882 932 quippe

2040 862 2091 916 ὃν
2119 864 2371 934 ἀριθμῶν
2398 866 2603 938 κομίζῃ
2627 868 2720 921 τὸν
2750 869 3045 923 ἑκατοστὸν
3083 873 3268 940 τρίτον
3298 873 3576 943 τρίγωνον

313 986 476 1041 super
503 966 920 1032 hebdomadam,
964 975 1018 1017 et
1057 961 1259 1016 mensis
1291 973 1455 1027 super
1485 969 1728 1010 mensem
1767 967 1882 1005 mo-

2040 971 2130 1016 τα,
2147 958 2285 1009 νοεῖν
2304 959 2570 1028 προσήκει
2589 960 2915 1029 πρακτικὴν,
2938 962 3200 1031 φυσικὴν,
3222 962 3575 1032 θεολογικὴν,

319 1074 496 1127 vetur,
539 1072 594 1116 et
631 1077 693 1115 ex
757 1072 900 1113 anno
949 1055 1004 1110 in
1050 1068 1254 1108 annum
1298 1050 1534 1105 volvitur
1570 1057 1783 1115 tempus
1829 1053 1884 1099 et

2048 1047 2143 1100 καὶ
2170 1047 2425 1114 πίστεως,
2450 1049 2681 1112 ἐλπίδος,
2717 1052 2814 1103 καὶ
2853 1051 3094 1121 ἀγάπης,
3129 1053 3360 1121 χρυσὸν,
3397 1055 3577 1124 ἀργυ-

315 1162 650 1210 momcntum
701 1165 864 1219 super
901 1155 1259 1221 momentum,
1288 1151 1350 1197 ut
1392 1141 1446 1195 in
1487 1139 1619 1194 solis
1649 1147 1703 1193 ct
1741 1138 1884 1192 lunae

2040 1154 2110 1199 Ν,
2137 1136 2319 1201 λίθους
2355 1139 2588 1208 τιμίους.
2636 1141 2776 1193 Ἀλλ’
2807 1143 2834 1194 6
2882 1143 2978 1210 μὲν
3025 1143 3258 1213 ἀριθμὸς
3301 1146 3573 1208 τοιοῦτος,

317 1253 490 1310 motu,
521 1242 685 1306 veris,
726 1255 790 1294 ac
834 1237 1057 1300 :estatis,
1091 1236 1356 1289 videmus.
1389 1231 1744 1300 Triangulum
1784 1244 1882 1282 au-

2040 1225 2093 1279 ὒν
2119 1227 2176 1280 δὲ
2205 1228 2518 1296 κεφαλαίων
2551 1231 2614 1283 τὸ
2639 1231 2893 1285 ταπεινὸν
2913 1234 2974 1286 ού
3008 1235 3468 1305 περιυϐρίσειας,
3501 1237 3577 1300 ὡς

317 1349 419 1391 tem
451 1335 547 1389 tibi
582 1332 719 1387 forte
753 1328 1077 1397 signiﬁcabit
1099 1325 1382 1381 scientiam
1409 1333 1608 1378 sanctae
1640 1320 1882 1376 Trinita—

2040 1318 2141 1382 δὼς
2177 1321 2270 1372 καὶ
2300 1321 2683 1390 χορτάζεσθαι,
2712 1326 2806 1376 καὶ
2827 1325 3190 1395 ὑστερεῖσθαι,
3215 1328 3309 1380 vui.
3336 1327 3450 1398 μὴν
3483 1331 3579 1381 καὶ

317 1430 427 1484 tis:
460 1427 594 1480 alias
624 1440 754 1479 vero
800 1423 847 1478 si
895 1437 992 1492 per
1025 1432 1380 1474 numerorum
1425 1413 1880 1484 multiplicitatem

2040 1429 2058 1473 ;
2116 1415 2460 1484 μεμνημένος
2511 1414 2603 1467 τοῦ
2653 1417 2722 1468 τά
2764 1417 2859 1470 δύο
2915 1418 3015 1488 τῆς
3055 1420 3229 1490 χήρας
3278 1419 3463 1473 λεπτά
3506 1423 3579 1491 μὴ

315 1519 665 1575 centesimum
717 1515 860 1570 feras
909 1512 1417 1584 quinquagesimum
1475 1509 1724 1572 tertium,
1788 1504 1880 1575 qui

2040 1505 2440 1576 τοὸεὸληκότος,
2469 1507 2603 1561 ἀλλὰ
2634 1511 2728 1562 καὶ
2767 1511 2909 1583 ὑπὲρ
2942 1512 3173 1566 πλοῦτον
3210 1513 3434 1565 πολλῶν
3466 1515 3580 1566 ὲτέ-

315 1609 668 1680 triangularis
711 1616 814 1670 est,
863 1605 1165 1673 intelligere
1190 1601 1352 1673 477
1379 1599 1633 1654 convenit
1675 1597 1881 1668 practi-

2040 1616 2096 1650 ον
2154 1598 2558 1670 ἀποδεξαμένου
2591 1616 2606 1631 ⁸
2650 1602 2844 1655 οὐκοῦν
2900 1604 3143 1670 εὐνοίας,
3184 1607 3282 1658 καὶ
3351 1607 3584 1674 ἀγάπης

318 1716 437 1757 cam
468 1699 701 1769 (scilicet
747 1693 1057 1762 scientiam)
1086 1691 1389 1744 naturalem
1420 1698 1474 1743 et
1505 1686 1881 1756 theologicam,

2040 1691 2206 1760 ιρπὸν
2255 1691 2411 1754 εἰδὼς
2444 1733 2459 1757 ,
2520 1693 2777 1762 φυλάξεις
2840 1699 2950 1759 σοῖς
3018 1697 3263 1768 γνησίοις
3325 1699 3584 1766 ἀδελφοῖς

313 1801 407 1847 aut
442 1791 603 1846 etiam
639 1789 786 1853 ﬁdei,
834 1786 948 1856 Spei
985 1792 1037 1838 et
1080 1783 1398 1848 charitatis;
1430 1796 1647 1845 aurum,
1694 1792 1886 1848 argen-

2040 1783 2308 1855 πτιτρέπων
2360 1784 2756 1855 προσεύχεσθαι
2804 1787 2945 1859 ὑπὲρ
2995 1789 3087 1841 τοῦ
3138 1791 3581 1859 ἀῤῥωστοῦντος,

313 1895 451 1951 ιιιω,
493 1883 700 1954 lapides
747 1879 1038 1950 pretiosos.
1085 1874 1288 1931 Verum
1332 1874 1450 1929 haec
1504 1879 1570 1927 de
1613 1886 1882 1926 numero:

2040 1895 2138 1941 τως
2164 1879 2402 1950 ὑγιαίνῃ,
2422 1879 2516 1932 καὶ⁵
2538 1880 2732 1933 ἑαυτοῦ
2755 1880 2850 1934 τὸν
2876 1882 3184 1952 κράὸὅατον
3202 1884 3370 1954 ἄρας,
3394 1884 3586 1936 λοιπὶν

315 1977 679 2047 capitulorum
745 1981 927 2027 autem
994 1970 1308 2025 tenuitatem
1366 1982 1475 2020 non
1532 1972 1884 2030 contemnes,

2040 1969 2235 2039 ατήσῃ,
2267 1968 2453 2040 χάριτι
2484 1968 2723 2038 Χριστοῦ
2751 1970 2848 2024 τοῦ
2883 1971 3137 2042 ἀληθινοῦ
3165 1973 3302 2026 Θεοῦ
3339 1966 3588 2044 ήμῶν,ᾧ

314 2071 462 2125 velut
494 2068 603 2135 ille,
634 2066 728 2137 qui
778 2064 888 2120 scis
926 2071 980 2118 et
1025 2060 1283 2124 saturari,
1328 2067 1382 2113 et
1411 2057 1652 2127 indigere
1673 2057 1740 2123 "°,
1777 2055 1890 2110 imo

2063 2058 2191 2124 δόξα
2220 2060 2300 2124 εἰς
2330 2062 2470 2130 τοὺς,
2488 2063 2690 2126 αἰῶνας
2721 2064 2830 2117 τῶν
2844 2065 3076 2120 αἰώνων.
3117 2068 3315 2138 Ἀμήν.

321 2160 413 2229 qui
440 2160 562 2230 ejus
599 2172 814 2212 memor
837 2171 920 2220 es,
948 2155 1043 2224 qui
1105 2152 1282 2206 viduae
1347 2152 1454 2205 duo
1495 2150 1705 2204 minuta
1771 2168 1882 2207 non
1948 2153 2174 2223 reapuit,
2212 2153 2308 2209 sed
2344 2168 2408 2208 ea
2438 2169 2548 2224 prae
2577 2156 2871 2211 multorum
2915 2159 3145 2214 aliorum
3185 2161 3396 2216 divitiis
3431 2175 3588 2216 recc-

322 2254 438 2326 pit;
471 2268 596 2308 eum
622 2251 787 2322 igitur
813 2247 1196 2304 benevolentiae
1223 2253 1369 2301 recte
1427 2245 1646 2300 noveris
1710 2244 1974 2313 fructum,
2011 2246 2286 2302 custodies
2330 2247 2439 2301 tuis
2488 2249 2759 2318 germanis
2802 2247 3064 2305 fratribus
3107 2252 3467 2321 imponendo,
3524 2263 3581 2306 ιιι

316 2358 474 2405 orent
500 2361 599 2420 pro
631 2345 869 2407 inﬁrmo,
901 2352 954 2396 et
980 2346 1303 2410 aegrotante,
1334 2338 1401 2392 ad
1435 2338 1539 2392 hoc
1569 2348 1628 2392 ut
1654 2345 1896 2400 sanetur,
1936 2351 2207 2407 suumque
2274 2337 2561 2406 grabatum
2628 2339 2846 2404 tollens,
2893 2349 2949 2396 et
2981 2341 3234 2412 deinceps
3262 2343 3584 2399 obambulet

317 2440 490 2510 gratia
527 2434 731 2491 Christi
767 2434 876 2487 veri
929 2429 1024 2483 Dei
1066 2428 1259 2492 nostri,
1285 2428 1372 2482 cui
1398 2427 1569 2498 gloria
1598 2427 1654 2482 in
1697 2427 1896 2483 saecula
1934 2429 2284 2483 saeculorum.
2315 2429 2511 2483 Amen.

845 2544 1011 2617 (.73
1052 2541 1278 2597 CAPUT
1319 2541 1364 2594 1.

389 2663 448 2717 Si
482 2661 606 2730 quis
664 2657 988 2714 suaveolcns
1046 2653 1263 2710 eﬁicere
1320 2652 1686 2709 suﬁimentum
1726 2653 1892 2718 velit,

320 2757 448 2812 thus
474 2752 828 2825 pellucidum,
858 2758 914 2805 et
941 2749 1198 2812 cassiam,
1236 2756 1290 2803 et
1322 2748 1602 2818 ungulam,
1647 2762 1743 2802 seu
1780 2746 1895 2801 fru-

2607 2543 2857 2596 ΚΕΦΑΛ.
2894 2544 2975 2598 A'.

2069 2653 2138 2706 Ετ
2162 2671 2246 2718 τις
2273 2653 2514 2724 βούλοιτο
2537 2655 2736 2719 εὐῶδες
2759 2657 3012 2728 θυμίαμα
3030 2659 3324 2723 σκευάσαι,
3349 2660 3447 2714 τὸν
3470 2661 3572 2716 δια-

2001 2747 2142 2818 φανῆ
2173 2746 2391 2801 λίϐανον
2411 2785 2427 2811 ,
2466 2747 2565 2802 καὶ
2603 2749 2703 2820 τὴν
2737 2751 2971 2805 κασσίαν
2999 2753 3095 2804 καὶ
3128 2752 3220 2805 τὸν
3244 2754 3457 2823 ὄνυχα,
3491 2756 3584 2807 καὶ

320 2850 481 2903 ticem
524 2847 605 2902 sic
653 2845 880 2910 dictum,
919 2843 1296 2912 liquoremque
1336 2840 1508 2907 illum,
1538 2839 1632 2910 qui
1677 2855 1709 2895 e
1747 2854 1890 2909 myr-

2040 2839 2095 2908 hv
2117 2838 2354 2909 στάκτην
2383 2839 2565 2906 ὲξίσου
2599 2841 2856 2913 συνθήσει
2883 2842 3023 2895 κατά
3057 2844 3147 2897 τὸν
3174 2846 3362 2913 νόμον.
3397 2846 3583 2901 Ταῦτα

323 2941 442 3004 rha,
494 2947 548 2992 et
587 2937 935 2992 cinnamomo
981 2933 1154 2988 inciso
1211 2931 1523 2995 distillat“,
1551 2946 1707 3000 aequo
1735 2945 1895 2985 com—

321 3033 550 3087 misceat
577 3030 819 3102 pondere
847 3027 1148 3084 secundum
1181 3027 1372 3096 legem.
1406 3025 1532 3080 Haec
1559 3034 1740 3079 autem
1770 3033 1898 3079 sunt

321 3126 586 3179 virtutum
613 3123 939 3194 quaternio;
977 3137 1102 3176 nam
1149 3121 1194 3176 si
1225 3136 1300 3176 ea:
1327 3120 1659 3191 plenissima:
1688 3118 1816 3186 sint,
1843 3127 1898 3173 et

323 3220 582 3290 aequales,
613 3232 721 3273 non
755 3216 1016 3287 prodetur
1041 3214 1368 3269 intellectus.

940 3327 1170 3386 CAPUT
1207 3326 1274 3383 ll.

393 3449 590 3502 Anima
619 3454 915 3517 expurgata
937 3460 1034 3516 per
1067 3444 1330 3499 virtutum
1368 3440 1780 3512 plenitudinem,
1813 3439 1899 3494 in-

325 3542 570 3596 tellectus
599 3541 782 3596 sedem
820 3539 987 3594 efﬁcit
1013 3537 1419 3601 inconcussam,
1452 3534 1743 3604 ipsumque
1771 3533 1897 3588 red-

324 3633 404 3686 dit
444 3631 680 3687 habilem
729 3630 799 3686 ad
865 3628 1278 3698 suscipiendum
1349 3632 1549 3682 statum
1615 3625 1708 3695 qui
1755 3640 1899 3696 quae-

325 3725 480 3781 ritur.

938 3833 1168 3891 CAPUT
1203 3833 1285 3889 ΙΙΙ.

395 3951 582 4007 Oratio
645 3957 730 4006 est
804 3948 1137 4019 colloquium
1192 3947 1501 4002 intellectus
1563 3963 1689 4000 cum
1745 3947 1897 4013 Deo;

326 4041 472 4111 quali
527 4041 694 4111 igitur
754 4049 900 4095 statu
963 4038 1169 4109 indiget
1221 4038 1546 4105 intellectus,
1603 4047 1664 4092 ut
1721 4039 1901 4108 quiete

329 4132 560 4203 agendo,
600 4147 720 4186 sese
755 4131 1168 4185 inunutahiliter
1207 4139 1396 4195 mutet,
1444 4145 1508 4185 ac
1546 4138 1789 4184 transeat
1830 4129 1897 4184 ad

327 4223 607 4293 proprium
637 4220 948 4286 Dominum,
983 4223 1245 4291 nulloque
1277 4221 1602 4276 intermedio
1635 4237 1757 4276 cum
1780 4221 1900 4291 ipso

329 4306 710 4377 colloquatur?
739 4307 1117 4377 (subintellige)
1149 4308 1310 4363 talem
1352 4317 1562 4377 quazrat
1602 4317 1828 4364 statum.

834 4418 1001 4491 479
1031 4419 1259 4475 CAPUT
1300 4418 1388 4476 IV.

398 4535 459 4592 Si
488 4534 721 4606 Moyses,
763 4548 889 4589 cum
922 4533 989 4588 ad
1025 4535 1223 4588 rubum
1259 4533 1539 4588 ardentem
1580 4550 1745 4605 super
1795 4545 1904 4591 ter-

332 4640 450 4680 ram
504 4623 946 4695 appropinquare
997 4624 1265 4689 tentavit,
1323 4625 1679 4693 prohibetur,
1730 4627 1905 4682 donec

332 4717 658 4772 exsolvisset
707 4714 904 4786 pedum
951 4714 1468 4780 calceamentum'”,
1525 4719 1801 4786 quomodo
1845 4727 1904 4771 tu

338 4814 472 4883 ipse,
509 4811 696 4865 volens
742 4824 868 4864 eum
918 4809 1125 4874 videre,
1176 4810 1268 4878 qui
1312 4824 1530 4864 omnem
1579 4811 1906 4867 intellectio-

336 4919 458 4958 nem
490 4911 546 4957 et
574 4906 795 4957 sensum
821 4907 1064 4970 superat,
1112 4900 1274 4970 eique
1300 4899 1416 4955 ﬁeri
1446 4901 1762 4967 collocutor,
1795 4918 1904 4958 non

336 4989 505 5049 solvis
532 5007 562 5046 a
586 5001 639 5047 te
659 4999 878 5046 omnem
902 4989 1288 5060 cogitationem
1316 4991 1557 5059 passioni
1577 4991 1906 5047 obnoxiam?

952 5101 1179 5159 CAPUT
1218 5103 1283 5158 V.

405 5219 511 5275 Ora
549 5221 602 5274 in
634 5219 846 5290 primis,
877 5234 987 5290 quo
1016 5219 1253 5289 accipias
1275 5219 1480 5274 donum
1521 5220 1905 5292 lacrymarum,

337 5322 397 5366 ut
431 5327 524 5382 per
564 5311 768 5366 luctum
802 5310 1050 5366 emollias
1086 5319 1356 5381 agrestem
1385 5311 1664 5378 duritiem,
1697 5327 1822 5383 qua:
1849 5315 1905 5368 in

338 5404 519 5459 anima
561 5415 652 5458 tua
689 5412 796 5468 est,
841 5411 895 5457 et
940 5401 1224 5457 confessus
1252 5403 1552 5469 jadversum
1604 5412 1657 5457 te
1692 5403 1911 5473 injusti-

339 5495 472 5548 tiam
501 5504 647 5547 tuam
675 5493 989 5559 Domino",
1023 5494 1236 5548 veniam
1275 5493 1342 5547 ab
1377 5493 1496 5563 ipso
1528 5496 1907 5564 consequaris.

440 5634 460 5660 '
491 5632 815 5700 Philtpp.1v,
844 5632 934 5687 19..
1006 5633 1053 5664 ⁷⁸
1090 5630 1256 5686 Eccli.
1287 5648 1440 5700 xxiv,
1470 5633 1560 5690 20.
1638 5638 1682 5669 ’τ’
1713 5637 1884 5694 bxoo.

2040 5637 2157 5694 2-5.

1924 4179 1979 4240 Β

1995 2931 2050 2985 δέ
2075 2934 2221 2986 ἔστιν
2243 2934 2277 3004 ἡ
2305 2933 2505 3005 τετράς
2531 2935 2640 2988 τῶν
2661 2934 2893 3006 ἀρετῶνο
2926 2937 3020 2990 ὲάν
3045 2937 3153 3009 γὰρ
3177 2938 3580 3009 πληρέσταται,

1995 3027 2093 3082 καὶ
2127 3027 2240 3082 ἴσαι
2275 3030 2642 3099 τυγχάνωσιν,
2674 3030 2735 3084 ού
2769 3031 3165 3104 προδοθήσεται
3196 3035 3224 3087 ὁ
3246 3033 3403 3098 νοῦς.

2602 3321 2856 3376 ΚΕΦΑΛ.
2881 3323 2958 3377 Β’.

2068 3429 2421 3501 Καθαρθεῖσα
2452 3432 2600 3504 ψυχὴ
2628 3434 2715 3488 διὰ
2743 3435 2841 3504 τῆς
2868 3434 2978 3488 τῶν
3007 3435 3219 3507 ἀρετῶν
3240 3437 3581 3511 πληρότητος

1996 3521 2291 3594 ἀκλόνητον
2318 3523 2419 3595 τὴν
2442 3525 2598 3591 τάξιν
2633 3525 2730 3579 τοῦ
2758 3526 2851 3580 νοῦ
2872 3529 3301 3596 κατασκευάζει,
3337 3531 3580 3586 δεκτικὸν

1997 3615 2161 3669 αὐτὸν
2189 3615 2420 3670 ποιοῦσα
2442 3618 2541 3686 τῆς
2569 3619 2909 3689 ζητουμένης
2946 3621 3362 3686 καταστάσεως.

2599 3836 2852 3892 ΚΕΦΑΛ.
2900 3839 2975 3892 Γ’.

2082 3943 2146 3997 'H
2198 3946 2501 4017 προσευχὴ,
2534 3945 2722 4015 ὁμιλία
2765 3949 2884 4002 ἐστὶ
2917 3949 3008 4004 νοῦ
3042 3951 3181 4023 πρὸς
3220 3952 3358 4006 Θεόν
3383 3972 3398 3985 ·
3429 3973 3580 4019 ποιάς

1999 4031 2093 4090 οὖν
2129 4036 2298 4090 δεῖται
2331 4040 2715 4104 καταστάσεως
2743 4043 2770 4094 6
2795 4041 2942 4107 νοῦς,
2974 4044 3063 4096 ἵνα
3094 4046 3351 4118 ἡσυχάσῃ
3381 4051 3579 4118 ἀμετα-

2002 4129 2248 4198 στρόφως
2283 4131 2614 4202 ὲκσταθῆναι
2652 4134 2790 4204 πρὸς
2816 4134 2906 4187 τὸν
2935 4137 3130 4189 οἰκεῖον
3158 4140 3468 4211 Δεσπότην,
3499 4144 3580 4195 καὶ

2011 4218 2316 4289 συνομιλεῖν
2341 4219 2493 4291 αὐτῷ
2525 4221 2756 4292 μηδενὸς
2793 4226 3176 4293 μεσιτεύοντος
3205 4246 3222 4297 ;

2624 4420 2876 4476 ΚΕΦΑΛ.
2907 4422 2978 4478 A'.

2081 4536 2145 4588 Εί
2173 4538 2238 4606 τῇ
2287 4535 2380 4589 ἐπὶ
2407 4538 2511 4608 γῆς
2541 4536 2688 4607 βάτῳ
2720 4539 3035 4613 φλεγομένῃ
3072 4545 3444 4613 προσεγγίσαι
3474 4565 3580 4601 πει-

2014 4628 2185 4698 ράσας
2212 4628 2453 4698 Μωῡσῆς
2479 4627 2770 4695 κωλύεται,
2802 4630 2961 4702 ἄχρις
2987 4625 3049 4685 οὗ
3069 4633 3222 4688 λύσει
3245 4638 3311 4689 τὸ
3339 4639 3579 4710 ὑπόδημα

2010 4719 2119 4771 τῶν
2156 4719 2353 4784 ποδῶν,
2390 4720 2508 4783 πῶς
2527 4721 2693 4785 αὐτὸς
2715 4723 2807 4776 τὸν
2834 4723 2976 4795 ὑπὲρ
2999 4728 3180 4780 πᾶσαν
3238 4728 3455 4783 ἔννοιαν
3501 4735 3580 4787 καὶ

2013 4811 2263 4881 αἴσθησιν
2326 4810 2452 4864 ίδεῖν
2514 4811 2857 4884 βουλόμενος,
2927 4818 3023 4870 καὶ
3089 4818 3384 4890 συνόμιλος
3449 4824 3578 4894 αὐτῷ

2012 4902 2287 4972 γενέσθαι,
2312 4904 2374 4958 οὐ
2401 4904 2550 4970 λύεις
2585 4907 2652 4960 ἐκ
2677 4905 2774 4960 σοῦ
2803 4909 2913 4962 πᾶν
2941 4913 3120 4982 νόημα
3151 4913 3403 4983 ἐμπαθές
3419 4934 3434 4980 ;

2630 5107 2879 5165 ΚΕΦᾹΛ.
2923 5108 3001 5164 E’.

2085 5217 2359 5290 Πρότερον
2399 5216 2526 5286 περὶ
2563 5215 2778 5287 λήψεως
2825 5219 3079 5292 δακρύων
3117 5225 3424 5294 προσεύχου
3447 5266 3462 5288 ,
3505 5227 3578 5279 ῖνα

2016 5311 2105 5366 διά
2154 5310 2250 5365 τοῦ
2296 5311 2525 5376 πένθους
2579 5310 2825 5384 μαλάξῃς
2874 5313 2974 5385 τὴν
3019 5315 3374 5387 ὑπάρχουσαν
3424 5320 3480 5371 ἐν
3519 5324 3577 5390 τῇ

2017 5401 2166 5472 ψυχῇ
2199 5418 2294 5454 σου
2333 5401 2660 5472 ἀγριότητα,
2688 5403 2784 5454 καὶ
2817 5402 3184 5472 ἐξαγορεύσας
3209 5406 3354 5460 κατὰ
3380 5407 3470 5461 σοῦ
3494 5409 3578 5477 ei}:

2018 5494 2250 5564 ἀνομίαν
2280 5511 2374 5546 σου
2411 5493 2492 5564 τῷ
2519 5493 2731 5565 Κυρίῳ,
2766 5495 2898 5567 παρ’
2930 5495 3097 5551 αὑτοῦ
3138 5498 3388 5567 ἀφέσεως
3408 5499 3574 5572 τεύξῃ.

2235 5637 2282 5668 ⁷³
2307 5635 2450 5692 Psal.
2482 5651 2630 5704 xm,
2669 5637 2725 5691 5.
