3788 6224
166 280 309 346 1169
1530 279 1628 340 DE
1656 288 1662 329 ε

1920 276 2061 340 >ΝΕ.
3283 274 3416 338 1170

765 389 1016 443 ΚΕΦΑΔ.
1055 390 1147 455 ς’.
1778 393 1823 451 Δ

1778 393 1823 451 Δ
2457 387 2686 445 CAPUT
2722 388 2824 446 Vl.‘

238 503 500 574 Κέχρησο
572 502 688 565 τοῖς
754 501 985 570 δάκρυσι
1030 501 1167 572 πρὸς
1209 499 1409 564 παντὸς
1455 501 1734 571 αἱτήματος

1922 494 2085 553 Utere
2130 497 2387 569 lacrymis
2432 498 2501 552 ad
2543 513 2766 553 omnem
2819 499 3132 568 petitionem
3188 501 3418 557 feliciter

159 594 524 664 κατόρθωσινο
540 591 661 645 λίαν
678 590 787 662 γὰρ
806 592 985 661 χαίρει
1004 607 1097 644 σου
1114 593 1143 644 ό
1156 590 1430 662 Δεσπότης
1450 592 1507 644 ἐν
1521 590 1655 662 δάκρ

1928 588 2252 658 scipiendam
2280 602 2345 644 ac
2364 588 2744 657 perﬁciendam
2770 591 3095 660 :plurimum
3121 593 3264 648 enim
3288 609 3424 664 gau-

159 682 477 754 προσευχὴν
509 682 819 753 δεχόμενος.

1924 688 1941 734 t
1982 677 2250 736 Dominus
2298 688 2460 746 tuus,
2504 681 2562 736 in
2614 681 2870 753 lacrymis
2912 684 3219 740 orationem
3267 685 3420 741 exci-

1849 785 2026 842 piens.

776 883 1029 939 ΚΕΦΔΛ.
1065 885 1142 939 Ζ’.

2440 885 2670 944 CAPUT
2710 885 2822 945 VII.

251 999 382 1053 Ἐὰν
415 998 600 1069 πηγὰς
633 997 888 1068 δακρύων
917 996 1113 1071 έκχέης
1134 998 1194 1050 ἑν
1227 998 1296 1068 τῇ
1326 998 1603 1068 προσευχῇ
1631 1012 1747 1061 σου,

1926 991 2184 1061 Quamvns
2211 995 2268 1051 in
2301 1005 2397 1051 tua
2436 996 2685 1052 oratione
2717 996 2897 1052 fontes
2937 998 3301 1069 lacrymarum
3338 997 3422 1052 ef-

166 1091 441 1163 μηδαμῶς
476 1091 705 1161 ὲπαίρου
748 1092 806 1144 εν
830 1093 1067 1160 σεαυτῷ,
1102 1089 1181 1153 ὡς
1213 1089 1353 1161 ὑπὲρ
1380 1090 1505 1153 τοὺς
1526 1090 1662 1143 πολλι

1922 1087 2091 1153 ndas,
2138 1102 2516 1160 nequaquam‘c
2551 1099 2730 1146 tamen
2772 1090 3053 1145 extollaris
3112 1090 3169 1145 in
3216 1091 3418 1159 teipso,

162 1182 272 1237 ὢν·
297 1182 550 1255 βοήθειαν
584 1182 694 1256 γὰρ
723 1183 1090 1254 προσείληφεν
1118 1184 1152 1255 ἡ
1184 1184 1460 1253 προσευχὴ
1506 1199 1602 1235 σου
1623 1225 1639 1251 ,

1930 1179 2011 1234 asi
2049 1179 2236 1235 multis
2266 1181 2575 1250 praecellas;
2614 1182 2881 1237 auxilium
2910 1182 3057 1237 enim
3089 1191 3183 1237 tua
3223 1181 3424 1252 recepit

162 1271 410 1348 δυνηθῇς
448 1276 746 1348 προθύμως
789 1275 1137 1346 ἐξαγορεύειν
1171 1294 1265 1330 σου
1298 1277 1397 1340 τὰς
1433 1276 1658 1348 ἀμαρτίι

1927 1271 2050 1338 atio,
2082 1280 2145 1325 ut
2182 1271 2364 1342 possis
2395 1273 2580 1326 animo
2617 1283 2867 1344 prompto
2908 1274 3155 1329 conﬁteri
3200 1284 3423 1345 peccata

166 1369 272 1422 καὶ
316 1367 767 1439 ἐξευμενίσασθαι
795 1368 888 1423 τὸν
917 1368 1193 1439 Δεσπότην
1236 1366 1326 1423 διὰ
1344 1367 1454 1422 τῶν
1477 1366 1662 1438 δακρύ‹

1477 1366 1751 1438 δακρύων.
1855 1372 1972 1432 tua,
2003 1363 2402 1433 Dominumque
2434 1364 2690 1435 lacrymis
2727 1365 2963 1438 placare.

782 1503 1035 1561 ΚΕΦΑΛ.
1064 1502 1149 1559 Η⁹.

2346 1495 2512 1570 (.30
2530 1494 2760 1555 CAPUT
2796 1496 2930 1553 vm.

246 1617 343 1688 Μὴ
376 1616 472 1672 οὖν
501 1618 581 1682 είς
615 1617 788 1683 πάθος
823 1617 998 1691 τρέψῃ
1032 1618 1096 1672 τὸ
1125 1617 1236 1671 τῶν
1268 1616 1460 1673 παθῶν
1485 1616 1742 1689 ἀλέξηματ

1930 1608 2007 1667 Ne
2033 1609 2201 1682 igitur
2226 1611 2282 1665 in
2308 1610 2618 1679 passionem
2640 1622 2950 1678 convertas,
2976 1610 3121 1682 quod
3151 1608 3220 1665 ad
3240 1601 3426 1666 deien-

169 1709 267 1762 ἵνα
307 1710 385 1781 μὴ
428 1709 593 1763 πλέον
631 1711 973 1784 παροργίσῃς
1003 1710 1094 1766 τὸν
1120 1710 1391 1766 δεδωκότα
1420 1711 1521 1784 τὴν
1549 1711 1665 1781 χάρι

1930 1716 1956 1756 s
1998 1700 2372 1771 arcendasque
2428 1702 2716 1771 passiones
2758 1701 2862 1758 fuit
2903 1702 3110 1767 datum,
3150 1714 3219 1756 ne
3252 1701 3426 1771 magis

171 1801 371 1855 πολλοὶ
426 1800 756 1873 δακρύοντες
802 1803 944 1875 ὑπὲρ
996 1803 1321 1875 ἁμαρτιῶν,
1369 1802 1667 1874 ὲπιλαθόμε

1974 1792 2112 1847 iram
2166 1792 2407 1849 concites
2448 1808 2598 1861 eum,
2646 1793 2740 1864 qui
2804 1794 2901 1849 tibi
2952 1795 3182 1864 gratiam
3232 1791 3422 1848 dedit:

170 1894 276 1950 τοῦ
304 1894 417 1950 τῶν
444 1894 696 1967 δακρύων
722 1895 949 1963 σκοποῦ,
992 1895 1255 1968 μανέντες
1282 1894 1666 1968 ἐξεπλάγησαν

1960 1884 2016 1938 lti
2046 1883 2237 1941 ﬁentes
2265 1899 2366 1955 pro
2392 1886 2652 1955 peccatis,
2682 1885 2837 1942 obliti
2865 1886 3228 1957 lacrymarum
3251 1883 3425 1955 scopi,
3452 1910 3456 1915 -

1857 1975 2212 2044 insanientes,
2240 1976 2586 2032 aberrarunt.

782 2114 1035 2172 ΚΕΦΔΛ.
1083 2115 1164 2174 0’.
1314 2154 1333 2171 .

1327 2154 1333 2170 .
2468 2111 2696 2173 CAPUT
2733 2116 2823 2171 IX.

254 2230 425 2303 Στῆθι
452 2229 728 2301 έμπόνως,
756 2229 851 2283 καὶ
874 2229 1182 2301 προσεύχου
1211 2230 1473 2297 εὐτόνως,
1502 2233 1596 2285 καὶ
1624 2231 1750 2285 ἀπο-

1932 2228 2026 2286 Sla
2061 2244 2258 2304 magno
2290 2246 2417 2287 cum
2456 2232 2659 2299 studio,
2697 2232 3009 2303 intenteque
3044 2248 3161 2300 ora,
3189 2242 3243 2289 et
3270 2250 3428 2290 aver-

177 2325 425 2397 στρέφου
455 2323 554 2387 τὰς
574 2323 680 2377 τῶν
704 2323 999 2396 φροντίδων
1022 2324 1117 2378 καὶ
1150 2322 1519 2395 διαλογισμῶν
1546 2326 1670 2378 ὲπιτ

1935 2335 1986 2375 re
2043 2336 2321 2389 curarum,
2383 2323 2888 2395 cogitationumque
2943 2324 3335 2390 obventiones;
3379 2334 3431 2381 te

178 2416 322 2482 ξεις·
342 2414 667 2487 ταράττουσι
689 2414 800 2485 γὰρ
822 2414 917 2467 καὶ
943 2412 1232 2486 θορυϐοῦσι
1263 2431 1345 2484 σε,
1377 2413 1464 2468 ἵνα
1492 2412 1674 2468 ὲκλύσι

1939 2428 2100 2483 mque
2124 2413 2344 2469 turbant
2373 2414 2487 2479 illa,
2514 2430 2579 2471 ac
2609 2416 3030 2482 tumultuantur,
3058 2424 3119 2470 ut
3154 2415 3321 2471 animi
3352 2416 3430 2471 tui

175 2506 283 2562 τοῦ
311 2508 489 2562 τόνου.

1863 2502 2215 2561 inﬂexibilem
2243 2504 2547 2562 dissolvant
2567 2506 2960 2563 constantiam.

789 2639 1041 2696 ΚΕΦΔΔ.
1083 2641 1144 2699 I'.

2476 2638 2706 2696 CAPUT
2743 2640 2813 2695 X.

259 2758 437 2813 Ὀταν
476 2755 659 2810 ἴδωσιν
684 2754 736 2808 οί
765 2753 1021 2824 δαίμονες
1052 2752 1502 2824 προθυμούμενόν
1542 2771 1603 2808 σε
1634 2754 1755 2826 ἄλη-

1938 2754 2073 2809 Cum
2104 2762 2159 2810 te
2184 2754 2458 2810 daemones
2488 2753 2725 2809 viderint
2749 2768 2878 2810 vere
2910 2760 3221 2823 promptum
3253 2769 3434 2816 orare.

179 2850 299 2913 θῶς
331 2846 749 2921 προσεύξασθαι,
785 2847 906 2901 τότε
935 2846 1279 2901 ὑποτίθενται
1314 2847 1562 2918 νοήματᾶ
1603 2865 1675 2903 τιη

1916 2863 2002 2904 mc
2061 2856 2359 2917 suggerunt
2401 2847 2762 2918 cogitationes
2816 2849 3181 2917 quarumdam
3228 2863 3412 2903 rerum

180 2944 537 3015 πραγμάτων
578 2941 740 3012 δῆθεν
803 2940 1164 3010 ἀναγκαίων,
1232 2939 1328 2993 καὶ
1392 2940 1536 3011 μετᾶ
1590 2939 1676 3013 βρι

1940 2939 2032 2995 luti
2060 2938 2515 3006 necessariarum,
2544 2948 2601 2994 et
2632 2939 2796 3008 paulo
2822 2938 2945 3009 post
2970 2938 3199 2995 incitant
3228 2955 3436 2994 memo-

179 3036 480 3109 ἐπαίρουσι
512 3036 610 3109 τὴν
656 3034 787 3106 περὶ
835 3034 1015 3088 αὐτῶν
1066 3035 1306 3105 μνήμην.
1364 3034 1675 3099 κινοῦντες

1944 3051 2030 3101 ιω,
2054 3035 2122 3090 de
2156 3034 2289 3105 ipsis
2324 3044 2606 3091 moventes
2650 3034 3005 3098 intellectum,
3046 3041 3106 3089 ut
3135 3047 3230 3088 eas
3263 3034 3440 3104 inqui-

177 3102 478 3203 νοῦν-πρὸς
501 3102 937 3200 ζήτησιν-αὑτῶν
962 3167 978 3191 ,
1008 3102 1104 3181 καὶ
1345 3126 1616 3197 εὑρίσκων
1643 3144 1673 3178 σ

1943 3132 1975 3192 L,
2010 3102 2248 3195 dumque
2276 3125 2503 3181 minime
2541 3126 2797 3195 reperiat,
2837 3125 2925 3180 ille
2951 3125 3117 3191 dolet,
3144 3102 3439 3199 animoque

180 3224 295 3293 δρα
334 3221 604 3287 λυπεῖται,
652 3223 747 3275 καὶ
769 3219 986 3290 ἀθυμεῖ·
1022 3219 1185 3289 ἡνίκα
1207 3218 1264 3271 δὲ
1295 3220 1394 3289 στῇ
1423 3221 1504 3281 είς
1537 3234 1676 3289 προσ

1942 3220 2202 3289 spondet;
2253 3219 2474 3289 quando
2516 3232 2648 3273 vero
2702 3224 2811 3272 stat
2863 3216 2932 3273 ad
2980 3217 3321 3285 orationem,
3383 3218 3438 3273 in

181 3314 317 3386 χὴν,
368 3312 881 3384 ὐπομιμνήσκουσιν
904 3310 1067 3365 αὐτὸν
1100 3310 1209 3363 τῶν
1249 3308 1625 3381 ζητηθέντων,
1676 3330 1677 3336 η

1940 3308 2042 3363 sius
2078 3315 2339 3364 revocant
2374 3306 2693 3363 memoriam
2722 3308 2971 3376 quaesita,
3016 3318 3071 3363 et
3116 3320 3436 3375 memorata,

188 3404 700 3478 μνημονευθέντων,
750 3404 837 3457 ἵνα
876 3401 1177 3473 χαυνωθεὶς
1216 3401 1246 3454 ό
1286 3400 1411 3464 νοῦς
1446 3400 1584 3469 πρὸς
1617 3416 1682 3468 γν

1923 3416 1930 3454 ‘.
1970 3401 2275 3456 intellectus
2305 3400 2374 3455 ad
2403 3399 2769 3471 cognitionem
2805 3413 2997 3453 earum
3044 3413 3228 3455 rerum
3271 3403 3419 3457 lassa-

186 3515 281 3555 σιν
312 3496 498 3557 αὐτῶν
519 3494 765 3567 ἀπολέσῃ
785 3495 886 3565 τὴν
919 3492 1195 3564 εὔκαρπον
1224 3493 1559 3564 προσευχήν.

1870 3496 1981 3554 tus,
2013 3501 2078 3543 ac
2098 3488 2333 3555 laxatus,
2369 3486 2703 3543 fructuosam
2733 3487 2926 3558 perdat
2948 3487 3274 3545 orationem.

800 3623 1052 3677 ΚΕΦΑΛ.
1082 3622 1187 3678 ῙΑ’.

2473 3618 2706 3677 CAPUT
2741 3619 2835 3677 XI.

281 3733 574 3803 ’Ᾱγωνίζου
610 3733 807 3805 στῆσαι
842 3732 936 3786 τὸν
968 3732 1093 3787 νοῦν
1131 3750 1247 3798 σου,
1290 3733 1432 3788 κατὰ
1456 3734 1549 3788 τὸν
1581 3734 1771 3806 καιρὸν

1946 3728 2153 3786 Conare
2199 3739 2259 3786 ut
2287 3771 2304 3799 ,
2352 3732 2410 3789 in
2458 3740 2701 3803 tempore
2742 3736 3025 3804 orationis,
3082 3737 3307 3792 surdum
3378 3753 3442 3792 ac

187 3830 296 3900 τῆς
323 3827 630 3900 προσευχῆς
647 3827 852 3897 κωφὸν,
876 3827 971 3880 καὶ
999 3824 1216 3892 ἄλαλον,
1241 3825 1337 3881 καὶ
1368 3826 1575 3899 δυνήσῃ
1602 3844 1683 3900 πρ

1948 3831 2083 3876 itum
2134 3834 2287 3880 tuum
2350 3825 2515 3881 sistas
2570 3826 2940 3895 intellectum,
2992 3830 3183 3901 sicque
3236 3831 3444 3901 poteris

188 3918 483 3987 εόξασθαι.

1871 3929 2046 3971 orare.

783 4026 1037 4084 ΚΕΦΔΛ.
1076 4027 1178 4082 IB'.

2363 4028 2525 4100 ἀει
2562 4029 2792 4086 CAPUT
2822 4031 2934 4091 xu.

280 4143 479 4203 Ἦνιιδι
504 4143 810 4214 ἀπαντήσει
851 4159 935 4195 σοι
968 4142 1297 4214 πειρασμὸς,
1335 4143 1369 4214 ἢ
1401 4144 1701 4214 ἀντιλογία,
1734 4147 1769 4217 ἥ

1946 4139 2175 4207 Quando
2204 4141 2301 4195 tibi
2327 4144 2631 4198 occurrerit
2654 4147 2905 4211 tentatio,
2939 4157 3034 4203 aut
3062 4150 3442 4219 contradictio,

195 4236 447 4308 ὲρεθίσῃ,
490 4235 524 4305 ἢ
570 4234 710 4306 πρὸς
751 4233 850 4305 τὴν
900 4233 970 4288 δι’
1002 4234 1252 4299 ἐναντίας
1296 4236 1512 4306 ἄμυναν
1556 4238 1691 4309 κινῆι

1950 4242 1970 4287 ι
2007 4232 2175 4289 fueris
2198 4233 2458 4299 irritatus,
2489 4245 2604 4303 aut,
2636 4238 2707 4292 ob
2736 4240 3063 4295 contrariam
3095 4258 3341 4313 causam,
3378 4246 3444 4301 ad

196 4327 396 4399 θυμὸν,
423 4325 456 4396 ἢ
490 4324 650 4397 ῥῆξαι
670 4326 855 4396 φωνήν
876 4342 1018 4391 τινα,
1051 4326 1321 4397 μνήσθητι
1348 4328 1444 4398 τῆς
1466 4346 1692 4402 προσευ)

1951 4330 2137 4386 .ionem
2164 4344 2505 4385 commovere
2530 4332 2771 4387 animum
2801 4334 3108 4405 contigerit,
3142 4346 3235 4392 aut
3258 4339 3324 4393 ad
3346 4338 3447 4393 ali-

197 4420 302 4474 καὶ
332 4417 427 4471 τοῦ
464 4418 585 4472 κατ’
611 4417 782 4486 αὐτὴν
809 4416 1074 4489 κρίματος
1100 4434 1114 4447 °
1147 4418 1242 4472 καὶ
1284 4419 1485 4485 εὐθέως
1523 4423 1558 4494 η
1599 4423 1656 4477 ἐν
1690 4450 1693 4469 ι

1953 4437 2040 4475 am
2069 4436 2354 4492 erumpere
2373 4437 2585 4488 vocem,
2608 4434 2881 4480 memento
2923 4427 3188 4484 orationis
3215 4438 3269 4484 et
3301 4430 3448 4500 judi-

195 4514 436 4575 ἄτακτος
460 4508 674 4580 κίνησις
695 4508 984 4581 ὴρεμήσει.

1958 4555 1973 4579 ,
2000 4515 2147 4585 quod
2180 4514 2247 4571 de
2272 4515 2389 4587 ipsa
2417 4515 2497 4580 ﬁt.
2528 4526 2582 4572 et
2608 4516 2813 4584 statim,
2843 4535 2967 4589 qua:
2990 4520 3116 4576 inte
3158 4519 3324 4578 fuerit
3359 4521 3447 4578 in-

1486 4626 1495 4640 -
1880 4606 2182 4677 composita
2213 4608 2535 4676 commotio,
2561 4609 2861 4667 sedabitur.

800 4732 1055 4788 ΚΕΦΑΛ.
1094 4732 1193 4788 Il".

2472 4741 2701 4811 CAPUT
2729 4743 2870 4801 XIII.

272 4849 421 4906 Ὅσα
445 4849 514 4906 ἂν
541 4849 776 4920 ποιήσῃς
794 4846 938 4929 ⁴πρὸς
966 4845 1181 4919 ἄμυναν
1206 4848 1439 4917 ἀδελφοῦ
1462 4851 1768 4922 ἠδικηκότος

1960 4853 2228 4924 Quotquot
2252 4855 2448 4913 feceris
2484 4858 2551 4912 ad
2578 4858 2874 4914 vindictam
2907 4858 3115 4922 fratris,
3143 4859 3245 4929 'qui
3276 4868 3327 4914 te
3358 4858 3419 4915 οι

201 4959 292 5009 σε,
328 4942 545 4997 ἄπαντα
595 4942 676 5006 είς
710 4923 1007 4995 σκᾶνδαλόν
1051 4957 1136 4994 σοι
1166 4942 1457 5012 γενήσεται
1498 4943 1559 4996 ὲν
1603 4959 1696 4998 και

1944 4923 2131 5011 nderit,
2159 4948 2213 5001 in
2247 4956 2489 5017 tempore
2524 4949 2824 5017 orationis‘,
2862 4923 3184 5009 scandalum
3218 4954 3311 5008 tibi
3358 4956 3440 5026 εἰσ

204 5032 540 5107 προσευχῆς.

1881 5045 2066 5108 gnent,
2099 5046 2156 5092 et
2181 5037 2588 5094 oﬁ‘endiculum.

794 5144 1047 5200 ΚΕΦΑΔ.
1090 5143 1183 5199 IA'.

2482 5147 2712 5205 CAPUT
2733 5149 2871 5206 XIV.

281 5259 565 5331 Προσευχή
612 5260 730 5312 ἐστι
778 5258 1081 5329 πραότητος
1151 5259 1247 5312 καὶ
1301 5258 1601 5332 ἀοργησὼς
1650 5260 1777 5331 βλά-

1950 5259 2136 5317 Oratio
2160 5278 2380 5334 germen
2404 5272 2490 5319 est
2512 5265 2943 5322 mansuetudinis
2969 5275 3025 5322 et
3055 5236 3390 5323 lenitudinis.

208 5368 419 5425 πημαο

792 5464 1042 5519 ΚΕΦΑΛ.
1084 5462 1183 5520 IE’.

2445 5461 2675 5520 CAPUT
2703 5463 2819 5520 XV.

297 5576 580 5650 Προσευχή
643 5579 758 5632 ἔστι
818 5579 993 5648 χαρᾶς
1064 5578 1158 5632 καὶ
1241 5576 1588 5649 εὐχαριστίας
1650 5577 1782 5651 πρό-

1952 5575 2136 5633 Oratio
2180 5586 2261 5633 est
2304 5579 2484 5648 gaudii
2536 5581 2937 5653 gratiarumque
2968 5580 3195 5638 actionis
3250 5580 3445 5652 produ-

212 5666 313 5718 σλιπ
324 5684 419 5724 ua.

1884 5670 2010 5726 ctio.
