3788 6224
356 299 485 366 1171

935 409 1165 466 CAPUT
1196 408 1336 463 XVI.

423 523 611 581 Oratio
658 532 740 578 est
802 521 1061 577 adversus
1123 520 1396 575 tristitiam
1451 517 1728 587 animique
1778 515 1926 585 deje—

350 620 588 673 ctionem
624 614 940 670 amulctum.

934 726 1161 783 CAPUT
1194 724 1356 782 XVII.

428 844 629 900 Abiens
662 844 836 899 vende
862 840 1222 899 substantiam
1260 848 1433 904 tuam,
1465 845 1520 892 et
1560 836 1630 892 da
1678 833 1931 905 pauperi-

359 939 463 994 bus
490 937 557 1001 ",
586 935 968 1005 accipieusque
996 948 1234 995 crucem,
1264 931 1471 1001 abnega
1499 928 1841 999 temetipsum
1857 927 1927 991 "',

362 1038 423 1083 ut
443 1027 626 1099 possis
654 1026 862 1095 absque
895 1024 1002 1077 ulla
1034 1020 1386 1077 distractione
1412 1032 1593 1073 orare.

816 1135 979 1208 532
1023 1131 1251 1190 CAPUT
1290 1131 1472 1188 xvm.

434 1252 493 1307 Si
527 1250 660 1306 velis
692 1249 1036 1304 laudabiliter
1069 1262 1249 1312 orare,
1300 1261 1517 1317 quaque
1546 1246 1682 1301 hora
1727 1246 1931 1315 abnega

363 1343 724 1413 temetipsum,
755 1356 819 1396 ac
848 1339 1291 1410 philosophorum
1326 1352 1498 1404 more,
1530 1337 1707 1403 stude,
1749 1336 1934 1406 sisque

364 1446 659 1494 occupatus
688 1435 743 1490 in
774 1432 1061 1505 permultis
1081 1447 1180 1504 pro
1205 1431 1450 1487 oratione
1476 1430 1859 1503 perpetiendis.

950 1544 1175 1603 CAPUT
1202 1544 1347 1600 XIX.

438 1667 497 1722 Si
527 1665 912 1738 philophorum
936 1677 1089 1718 more
1116 1661 1271 1716 dabis
1305 1675 1526 1730 operam
1566 1659 1808 1729 cuipiam
1856 1657 1932 1713 rei

1846 293 1909 354 S.
1946 291 2110 353 NILI

1953 412 2005 467 Α

3469 289 3604 353 ῐ172

2606 403 2856 458 1mm.
2899 401 3007 471 ις’.

2100 517 2383 589 Προσευχή
2412 517 2529 572 ἐστι
2561 516 2737 589 λύπης
2786 518 2895 572 καὶ
2928 517 3168 590 ἀθυμίας
3193 519 3466 591 ἀλέξημα.

2620 721 2876 777 ΚΕΦΑΔ.
2911 722 3008 776 IZ'.

2112 834 2388 888 ’Δπελθὼν
2430 834 2682 907 πώλησόν
2728 852 2822 890 σου
2874 837 2943 891 τὰ
2980 838 3331 909 ὑπάρχοντα,
3380 841 3478 893 καὶ
3520 842 3608 906 δὸς

2031 929 2287 997 πτωχοῖς,
2324 928 2417 981 καὶ
2442 926 2620 983 λαϐὼν
2645 928 2738 983 τὸν
2762 928 3014 1000 σταυρὸν,
3046 931 3365 1001 ἀπαρνησαι
3394 933 3604 997 ἑαυτὸν,

2032 1021 2120 1073 ἵνα
2150 1020 2386 1091 δυνηθῇς
2415 1020 2842 1091 ἀπερισπάστως
2874 1020 3288 1093 προσεύχεσθαι.

2628 1116 2880 1187 malta.
2919 1134 3023 1186 ιη’.

2102 1243 2165 1295 Ei
2192 1240 2371 1312 βούλει
2392 1241 2693 1306 ὲπαινετῶς
2717 1242 3134 1315 προσεύχεσθαι,
3156 1245 3395 1316 ἄρνησαι
3422 1247 3610 1300 ἑαυτὸν

2033 1330 2159 1383 καθ’
2178 1329 2346 1401 ὥραν,
2382 1331 2476 1384 καὶ
2506 1330 2769 1402 πάμπολα
2795 1331 2944 1385 δεινὰ
2973 1333 3235 1402 πάμπολα
3267 1336 3413 1406 ὑπὲρ
3441 1352 3608 1406 προσ-

2034 1422 2200 1495 ευχῆς
2228 1422 2526 1492 φιλοσόφει.

2621 1538 2874 1595 ΚΕΦΑΛ.
2913 1539 3012 1595 ῙΘ’.

2108 1651 2287 1716 Ὅπερ
2331 1651 2399 1705 ἂν
2443 1650 2677 1720 χαλεπὸν
2724 1652 3014 1723 ὑπομένων
3058 1653 3457 1727 φιλοσοφήσῃς,
3491 1654 3609 1707 τού-

365 1761 517 1815 dura:
542 1758 852 1823 tolerandte,
882 1756 1003 1827 ejus
1031 1754 1267 1811 fructum
1297 1763 1540 1823 tempore
1562 1752 1829 1809 orationis
1853 1753 1931 1806 in-

2103 1760 2130 1794 υ
2157 1741 2249 1795 τὸν
2276 1740 2491 1812 καρπὸν
2517 1741 2660 1796 κατὰ
2686 1742 2779 1796 τὸν
2808 1743 2997 1813 καιρὸν
3026 1744 3125 1813 τῆς
3168 1745 3487 1815 προσευχῆς
3518 1747 3608 1800 εὖ·

366 1849 571 1905 venies.

964 1954 1194 2013 CAPUT
1223 1953 1344 2009 XX.

437 2075 494 2130 Si
520 2088 676 2129 orare
703 2073 891 2143 cupias
918 2081 979 2127 ut
1001 2070 1172 2136 decet,
1204 2054 1273 2124 ne
1313 2068 1534 2124 tristitia
1578 2068 1817 2123 animam
1849 2066 1934 2123 af-

370 2170 543 2241 ﬂigas,
578 2169 818 2240 alioquin
846 2168 902 2222 in
932 2181 1128 2221 vanum
1162 2164 1362 2221 curris.

940 2277 1172 2337 CAPUT
1220 2276 1360 2333 XXI.

441 2396 661 2452 Dimitte
721 2395 943 2469 (inquit)
998 2407 1203 2449 munus
1256 2404 1407 2447 tuum
1460 2401 1586 2447 ante
1645 2392 1832 2457 altare,
1882 2397 1937 2445 et

369 2492 582 2556 abiens,
604 2489 757 2560 prius
783 2486 1143 2543 reconciliare
1164 2484 1315 2539 fratri
1334 2494 1450 2552 tuo,
1465 2492 1519 2539 et
1542 2493 1672 2539 tunc
1689 2483 1934 2545 veniens,

374 2586 585 2655 absque
628 2581 1040 2651 perturbatione
1078 2579 1261 2635 orabis
1291 2578 1376 2644 7‘;
1434 2592 1559 2631 nam
1613 2576 1935 2646 injuriarum

372 2675 637 2732 memoria
670 2672 903 2729 oﬂ‘uscat
926 2671 1136 2726 orantis
1154 2670 1454 2726 ductricem
1482 2668 1771 2733 rationem,
1797 2666 1938 2738 ejus-

370 2784 478 2839 que
508 2765 849 2823 orationibus
878 2758 1139 2818 "tenebras
1161 2761 1414 2817 offundit.

928 2873 1158 2931 CAPUT
1206 2872 1372 2928 XXII.

439 2988 545 3056 Qui
599 2988 850 3044 tristitiae
878 3002 943 3045 ac
974 2988 1237 3043 vindictas
1274 3002 1342 3042 ex
1389 2985 1710 3056 injuriarum
1755 2998 1937 3040 recor-

370 3081 597 3137 datione
634 3080 738 3136 sibi
765 3080 901 3151 ipsis
926 3088 1273 3146 coacervant,
1293 3085 1348 3133 et
1369 3078 1621 3132 videntur
1646 3092 1826 3141 orare,
1861 3076 1937 3132 si-
1962 3094 2011 3159 ο

373 3171 531 3226 miles
559 3180 692 3226 sunt
723 3170 829 3237 bis,
861 3170 955 3239 qui
984 3168 1242 3225 hauriunt
1284 3182 1475 3237 aquas,
1528 3168 1692 3237 inque
1731 3167 1938 3223 dolium

374 3269 659 3330 pertusum
692 3261 1009 3333 projiciunt.

905 3378 1131 3437 CAPUT
1168 3380 1409 3437 XXXIII.

445 3468 503 3525 Si
532 3469 746 3539 patiens
779 3470 969 3537 fueris,
1002 3488 1126 3527 cum
1151 3474 1350 3545 gaudio
1380 3490 1597 3545 semper
1624 3475 1826 3530 orabis.

804 3665 967 3740 433
1015 3664 1242 3722 CAPUT
1269 3664 1457 3722 XXIV.

435 3783 627 3839 Oranti
650 3783 768 3847 tibi,
798 3792 859 3838 ut
884 3783 1057 3846 decet,
1098 3780 1477 3850 hujuscemodi
1502 3797 1590 3838 res
1616 3794 1935 3851 occurrent;

367 3876 509 3945 quod
542 3873 799 3929 nimirum
832 3873 1079 3927 videatur
1119 3871 1234 3937 tibi,
1291 3871 1502 3941 justum
1544 3888 1665 3930 esse
1715 3876 1939 3931 omnino

367 3969 648 4025 iracundia
676 3967 778 4033 uti,
808 3975 1180 4022 verumtamen
1201 3966 1459 4022 adversus
1489 3967 1798 4037 proximum
1825 3982 1935 4022 non

366 4060 514 4129 iusta
549 4067 633 4116 est
653 4058 871 4129 penitus
894 4056 1196 4122 iracundia,
1230 4072 1356 4111 nam
1378 4100 1393 4123 ,
1419 4058 1465 4112 si
1491 4057 1778 4128 perquiras
1814 4058 1940 4113 dili-

370 4160 576 4222 genter,
610 4150 855 4205 invenies
883 4149 1027 4219 quod
1056 4148 1316 4218 possibile
1343 4158 1427 4203 est
1449 4158 1503 4204 et
1522 4148 1639 4205 sine
1666 4149 1746 4203 ira
1780 4164 1939 4219 nego-

370 4243 503 4296 tium
550 4241 691 4297 bene
737 4241 1039 4312 componi:
1072 4250 1230 4296 utere
1278 4240 1461 4311 itaque
1506 4239 1658 4295 omni
1696 4240 1937 4296 adhibito

368 4334 572 4399 studio,
610 4348 679 4389 ne
708 4348 1031 4403 prorumpas
1054 4332 1109 4387 in
1142 4333 1304 4388 iram.

941 4446 1169 4504 CAPUT
1230 4446 1376 4502 XXV

439 4562 584 4618 Cave
632 4576 720 4626 ne,
748 4561 878 4616 dum
916 4567 1078 4630 putas
1116 4558 1344 4614 alterum
1382 4572 1595 4623 curare,
1640 4558 1753 4628 ipse
1787 4557 1942 4613 insa-

367 4655 567 4710 nabilis
608 4668 850 4720 maneas,
904 4660 1121 4723 tuaeque
1169 4651 1402 4709 orationi
1440 4651 1681 4722 praebeas
1714 4649 1940 4719 impedi-

369 4756 634 4803 mentum.

964 4858 1193 4916 CAPUT
1222 4858 1413 4914 XXVI.

440 4979 499 5034 Si
542 4979 817 5035 abstineas
858 4978 928 5033 ab
967 4978 1070 5043 ira,
1126 4976 1345 5032 modum
1374 4974 1629 5045 parcendi
1670 4973 1936 5035 invenies.

368 5081 530 5142 teque
561 5073 739 5143 ipsum
768 5073 1089 5143 prudentem
1138 5068 1539 5126 demonstrabis
1566 5068 1633 5124 ad
1668 5069 1753 5135 id,
1794 5066 1939 5139 quod

370 5175 579 5238 spectat
611 5167 679 5223 ad
728 5168 810 5223 tui
859 5165 1341 5231 euistimationem,
1389 5163 1601 5235 riteque
1642 5164 1751 5219 eris
1795 5163 1940 5218 inter

372 5269 613 5316 οηιιῑθε.

918 5367 1391 5437 carunxxvu.

437 5483 491 5537 Si
525 5481 785 5539 adversus
813 5483 949 5537 iram
972 5482 1048 5538 sis
1070 5490 1340 5547 armatus,
1376 5496 1657 5552 nunquam
1695 5479 1937 5536 sustine-

368 5571 451 5625 bis
489 5573 1015 5643 concupiscentiam;
1039 5573 1154 5643 ipsa
1185 5572 1329 5628 enim
1357 5582 1458 5638 est,
1494 5589 1615 5644 qua:
1653 5572 1933 5627 materiam

2036 1833 2245 1904 ρήσεις.

2622 1946 2875 2001 ΚΕΦΔΛ.
2912 1947 2998 2000 Κ’.

2115 2059 2429 2132 Ἐπιθυμῶν
2459 2058 2861 2132 προσεύξασθαι
2888 2059 2963 2125 ὡς
2990 2060 3090 2126 δεῖ,
3123 2060 3200 2133 μὴ
3229 2061 3486 2137 λυπήσῃς
3511 2064 3610 2134 rga-

2032 2153 2155 2228 χὴν,
2177 2154 2303 2209 εἰδὲ
2330 2155 2497 2226 μήγε,
2530 2153 2609 2218 εἰς
2641 2153 2818 2224 μάτην
2841 2152 3074 2224 τρέχεις.

2614 2266 2866 2319 ΚΕΦΑΛ.
2914 2266 3045 2320 KA'.

2105 2382 2278 2451 Ἀφες
2310 2397 2405 2434 σου
2431 2378 2492 2433 τὸ
2519 2378 2714 2451 δῶρον,
2744 2379 2931 2450 φησὶν,
2961 2378 3271 2451 ἔμπροσθεν
3302 2380 3402 2434 τοῦ
3431 2380 3616 2434 θυσια-

2035 2473 2281 2546 στηρίου,
2310 2474 2403 2527 καὶ
2428 2466 2681 2526 ἀπελθὼν
2715 2472 2979 2544 πρότερον
3006 2473 3330 2543 διαλλάγηθι
3356 2474 3435 2544 τῷ
3464 2474 3615 2527 ἀδελ·

2032 2566 2120 2637 φῷ
2150 2582 2267 2631 σου,
2293 2564 2388 2619 καὶ
2406 2564 2529 2617 τότε
2559 2562 2833 2637 προσεύξῃ
2863 2564 3175 2635 ἀταράχως·
3210 2566 3245 2635 ἡ
3272 2565 3388 2637 γὰρ
3424 2584 3616 2637 μνησι-

2033 2658 2202 2712 κακία
2242 2658 2490 2728 ἁμαυροῖ
2517 2656 2581 2710 τὸ
2622 2654 2951 2726 ἡγεμονικὸν
2996 2654 3093 2707 τοῦ
3146 2658 3613 2728 προσευχομένου,

2036 2750 2129 2803 καὶ
2160 2748 2400 2814 σκοτίζει
2425 2748 2615 2801 τούτου
2639 2745 2738 2809 τὰς
2767 2745 3100 2817 προσευχάς.

2616 2864 2866 2919 ΚΕΦΑΛ.
2908 2863 3039 2918 KB'.

2105 2980 2169 3031 Οί
2210 2976 2385 3040 λύπας
2439 2976 2535 3030 καὶ⁴
2579 2975 2945 3045 μνησικακίας
2993 2975 3206 3037 ἑαυτοῖς
3256 2972 3615 3044 σωρεύοντες,

2038 3068 2133 3122 καὶ
2157 3066 2557 3139 προσεύχεσθαι
2592 3064 2897 3131 δοκοῦντες,
2942 3064 3119 3135 ὅμοιοί
3152 3066 3261 3117 είσι
3304 3066 3420 3127 τοῖς
3477 3062 3617 3131 ὕδωρ

2041 3159 2316 3223 ἀντλοῦσι,
2344 3158 2440 3212 καὶ
2471 3159 2551 3221 είς
2577 3156 2912 3228 τετρημένον
2940 3155 3095 3210 πίθον
3130 3154 3447 3227 βάλλουσιν.

2615 3359 2866 3412 ΚΕΦΑΔ.
2907 3360 3034 3412 Kl".

2122 3472 2247 3526 Ἐὰν
2289 3472 2687 3544 ὐπομονητικδς
2730 3470 2827 3547 ᾗς,
2872 3473 2960 3526 ἀεὶ
3009 3471 3149 3544 μετὰ
3206 3472 3391 3542 χαρᾶς
3448 3486 3613 3541 προσ-

2041 3564 2192 3631 εύξῃ.

2137 3582 2172 3635 ῃ
2603 3667 2855 3722 ΚΕΦΑΛ.
2895 3665 3022 3719 ΚΔ’.

2100 3781 2546 3858 Προσευχομένου
2581 3799 2675 3836 σου
2701 3781 2954 3844 δεόντως,
2984 3778 3216 3834 τοιαῦτὰ
3253 3795 3342 3833 σοι
3373 3780 3612 3851 ἀπαντή-

2033 3893 2116 3930 σει
2161 3876 2485 3949 πράγματα,
2520 3874 2608 3927 ἵνα
2644 3873 2803 3947 δόξῃς
2846 3872 3056 3927 δίκαιον
3097 3867 3241 3924 εἶναι
3270 3872 3502 3937 πάντως
3540 3871 3612 3942 τῷ

2033 3969 2190 4040 θυμῷ
2215 3966 2524 4040 χρήσασθαι
2550 3982 2565 3999 ο
2614 3966 2715 4019 ούκ
2755 3966 2871 4019 ἐστι
2911 3964 2968 4018 δὲ
3014 3964 3222 4027 δίκαιος
3262 3964 3445 4036 θυμὸς
3481 3964 3615 4018 κατὰ

2030 4060 2127 4115 τοῦ
2157 4060 2343 4122 πέλας.
2369 4061 2429 4114 τὸ
2462 4057 2702 4112 σύνολον⁸
2737 4058 2834 4111 ἐὰν
2880 4057 2987 4129 γὰρ
3034 4056 3302 4129 ζητήσεις,
3343 4058 3613 4129 εὑρήσεις,

2032 4154 2117 4207 ὅτι
2159 4154 2404 4218 δυνατὸν,
2453 4153 2548 4207 καὶ
2591 4152 2715 4222 δίχα
2759 4148 2933 4220 θυμοῦ
2968 4148 3148 4211 καλῶς
3185 4146 3515 4219 διατεθῆναι
3557 4148 3614 4201 τὸ

2033 4242 2297 4312 πρᾶγμα·
2329 4240 2481 4313 πάσῃ
2504 4239 2598 4294 οὖν
2628 4241 2843 4311 μηχανῇ
2874 4238 3075 4308 χρῆσαι
3103 4236 3241 4307 πρὸς
3265 4237 3332 4290 τὸ
3361 4238 3441 4310 μὴ
3464 4239 3613 4309 ῥῆξαι

2035 4333 2227 4404 θυμόν.

2621 4454 2877 4510 ΚΕΦΔΛ.
2914 4454 3043 4508 κε’.

2113 4578 2257 4647 Ὅρα
2284 4574 2361 4647 μὴ
2395 4572 2565 4627 δοκῶν
2597 4572 2784 4642 ἓτερον
2821 4568 3023 4630 ἰᾶσθαι,
3048 4563 3213 4629 αὐτὸς
3238 4565 3471 4628 ἀνίατος
3505 4564 3612 4635 ἔσῃ,

2041 4670 2138 4723 καὶ
2172 4666 2278 4739 δῷς
2309 4664 2550 4735 ἐκκοπὴν
2581 4665 2650 4733 τῇ
2681 4661 2959 4733 προσευχῇ
3002 4675 3119 4711 σου.

2601 4860 2853 4916 ΚΕΦΛΛ.
2893 4857 3040 4926 KQ”.

2110 4979 2432 5051 Φειδὸμενος
2464 4974 2660 5045 θυμοῦ,
2705 4971 2873 5043 φειδὼ
2904 4971 3176 5042 εὑρήσεις,
3213 4967 3314 5023 καὶ
3358 4969 3614 5041 φρόνιμον

2040 5073 2232 5129 ἑαυτὸν
2264 5069 2561 5136 ἀναδείξεις
2607 5065 2745 5138 πρὸς
2774 5064 2839 5118 τδ
2871 5065 2951 5128 είς
2993 5063 3188 5133 οἴησιν,
3245 5062 3348 5114 καὶ
3391 5062 3453 5115 ὲν
3509 5060 3613 5122 τοῖς

2040 5164 2499 5240 προσευχομένοις
2539 5162 2661 5235 ἔσῃ.

2618 5360 2869 5414 ΚΕΦΑΛ.
2908 5359 3036 5414 KZ'.

2112 5477 2270 5533 Κατὰ
2312 5474 2488 5548 θυμοῦ
2529 5473 2919 5545 ὁπλιζὸμενος,
2964 5471 3261 5542 ἐπιθυμίας
3307 5469 3412 5524 οὐκ
3455 5467 3611 5538 ἀνέξῃ

2042 5568 2175 5625 ποτέ
2206 5584 2221 5600 ο
2249 5568 2391 5639 αὕτη
2430 5567 2542 5638 γὰρ
2593 5566 2726 5631 ὕλας
2767 5565 2953 5620 δίδωσι
2990 5562 3070 5635 τῷ
3118 5562 3302 5635 θυμῷ,
3345 5555 3611 5623 uicino;

440 5740 489 5773 ’δ
518 5739 710 5798 Matth.
739 5760 849 5807 xix,
890 5745 999 5809 25;
1040 5746 1205 5803 Marc.
1240 5763 1292 5815 ς,
1318 5747 1409 5803 21.
1485 5749 1531 5784 ⁷⁸
1554 5747 1745 5809 Matth.
1775 5763 1888 5817 xvr,

2103 5762 2201 5805 .uc.
2253 5761 2331 5816 ιι,
2364 5744 2456 5804 23.
2532 5745 2580 5778 "
2608 5743 2799 5802 Matth.
2832 5759 2889 5807 v,
2913 5742 3005 5799 25.
