3788 6224
121 285 266 350 1173

1495 299 1594 360 DE
1617 292 2021 358 ORATIONE.

3239 293 3376 353 1176

121 405 385 472 ταράττει
444 407 534 460 τὸν
582 412 766 481 νοερὸν
812 411 1126 488 ὀφθαλμὸν,
1172 419 1567 490 λυμαινόμενος
1614 418 1707 489 τήν

1849 413 2196 469 ubministrat
2239 413 2352 477 irae,
2379 420 2434 468 et
2458 411 2548 467 illa
2599 411 2820 467 oculum
2845 410 3125 481 perturbat
3161 409 3378 465 intelle-

117 494 465 550 κατάστασιν
498 500 595 569 τῆς
626 509 955 578 προσευχῆς.

711 640 963 694 ΚΕΦΑΛ.
1001 642 1137 695 KH’.

197 746 295 816 Μὴ
321 746 380 799 ἐν
413 747 596 816 μόνοις
620 751 731 814 τοῖς
759 751 916 816 ἐκτὸς
950 753 1191 824 σχήμασι
1222 755 1552 826 προσεύχου,
1576 755 1712 808 ἀλλά

1807 507 2038 562 ctualem
2067 489 2467 590 corrumpendo
2503 512 2704 559 statum
2756 503 3037 558 orationis.

2333 636 2564 693 CAPUT
2611 634 2847 691 XXVIII.

1880 751 1959 806 Ne
1984 751 2114 806 solis
2139 751 2378 806 externis
2405 750 2644 820 gestibus
2663 764 2808 813 ores,
2841 748 2935 804 sed
2963 755 3196 802 mentem
3231 755 3376 800 tuam

116 836 302 906 τρέπε
349 837 446 891 τὸν
489 837 617 892 νοῦν
659 857 754 894 σου
801 843 884 906 εἰς
928 844 1279 916 συναίσθησιν
1331 848 1707 917 πνευματικῆς

1849 852 1960 898 erte
1984 853 2043 898 ut
2072 843 2145 898 sit
2167 842 2388 898 conscia
2419 841 2719 912 spiritualis
2760 839 3022 896 orationis
3052 854 3175 894 cum
3209 837 3379 892 multo

121 928 447 1000 προσευχῆς
480 930 618 1001 μετά
647 932 844 987 πολλοῦ
885 935 1076 1004 φόϐου.

725 1067 979 1126 ΚΕΦΑΛ.
1023 1069 1154 1126 ΚΘ’.

205 1178 349 1231 Ποτέ
374 1181 471 1249 μὲν
495 1179 706 1251 ἀθρόως
733 1181 864 1245 στὰς
888 1183 967 1245 εἰς
993 1181 1300 1253 προσευχὴν
1326 1184 1387 1236 οὐ
1413 1182 1712 1252 προσεύξῃ,

129 1271 273 1322 ποτέ
304 1270 361 1322 δέ
394 1270 514 1323 λίαν
543 1273 803 1342 πονήσας,
830 1272 929 1326 οὐκ
961 1273 1216 1344 ἐπιτεύξῃ
1250 1273 1343 1325 τοῦ
1375 1273 1601 1336 σκοποῦ,
1629 1274 1716 1326 ἴνα

130 1359 222 1412 ἔτι
272 1359 474 1426 μᾶλλον
518 1362 777 1433 ζητήσας,
819 1363 914 1416 καὶ
962 1361 1163 1429 λαϐὼν,
1213 1363 1357 1429 ἐξεις
1404 1363 1602 1418 ἄσυλον
1655 1363 1717 1416 τὸ

132 1449 502 1522 κατόρθωμα.

742 1756 992 1810 ΚΕΦΔΛ.
1032 1757 1112 1812 Λ’.

227 1865 582 1933 Ἐπιστάντος
623 1868 855 1937 ἀγγέλου
897 1867 1093 1939 ἀθρόον
1120 1869 1356 1930 ἅπαντες
1396 1867 1718 1937 ἀφίστανται

131 1955 192 2010 οἱ
226 1957 571 2028 ἐνοχλοῦντες
602 1962 752 2030 ἡμῖν,
789 1961 884 2015 καὶ
912 1961 1224 2032 εὑρίσκεται
1251 1964 1279 2014 ὁ
1311 1960 1434 2022 νοῦς
1463 1963 1520 2012 ἐν
1550 1959 1721 2030 πολλῇ

135 2048 354 2109 ἀνέσει,
391 2049 560 2117 ὑγιῶς
595 2051 1060 2122 προσευχόμενοςο
1101 2052 1230 2105 ποτὲ
1255 2050 1313 2103 δὲ
1333 2049 1431 2102 τοῦ
1458 2049 1722 2119 συνήθους

135 2140 386 2210 πολέμου
413 2144 544 2212 ἡμῖν
574 2145 948 2214 ἐπικειμένου,
994 2143 1257 2198 πυκτεύει
1296 2145 1325 2196 ὁ
1354 2141 1498 2206 νοῦς,
1537 2142 1631 2195 καὶ
1657 2141 1720 2193 ού

137 2236 510 2302 συγχωρεῖται
539 2235 854 2302 ἀνανεῦσαι,
889 2237 1299 2308 προπεποίωται
1328 2235 1435 2305 γὰρ
1464 2236 1578 2296 τοῖς
1605 2250 1724 2286 ποι·

139 2322 319 2387 κίλοις
350 2325 598 2391 πάθεσιν,
630 2328 777 2397 ὅμως
807 2329 899 2382 ἐπὶ
933 2327 1091 2381 πλέον
1137 2326 1314 2398 ζητῶν
1345 2327 1589 2398 εὑρήσει,
1627 2327 1722 2380 καὶ

139 2415 402 2484 κρούοντι
434 2417 585 2488 αὐτῷ
615 2419 866 2486 εὐτόνως,
902 2421 1274 2491 ἀνοιγήσεται.

726 2639 978 2691 ΚΕΦᾹΛ.
1019 2635 1145 2692 AA'.

221 2745 313 2816 Μὴ
337 2747 640 2818 προσεύχου
668 2749 736 2803 τὰ
764 2748 833 2802 σά
857 2749 1137 2820 θελήματα
1164 2749 1435 2818 γενέσθαιο
1466 2749 1589 2802 ούδέ
1618 2747 1726 2819 γὰρ

137 2836 373 2900 πάντως
407 2838 760 2908 συμφωνοῦσι
811 2839 890 2911 τῷ
941 2839 1208 2910 θελήματι
1257 2838 1351 2892 τοῦ
1393 2838 1550 2905 Θεοῦ,
1592 2839 1728 2892 ἀλλὰ

145 2928 358 2995 μᾶλλον
399 2929 582 2993 καθὼς
620 2930 923 3002 ἐδιδάχθης,
966 2930 1266 3003 προσεύχου
1311 2930 1514 2999 λέγων·
1563 2929 1728 2998 Γενη-

1814 936 2032 991 timore.

2245 1064 2410 1137 43:.
2445 1062 2675 1118 CAPUT
2714 1061 2904 1116 xxxx.

1886 1181 2156 1236 Interdum
2219 1178 2438 1248 quidem
2479 1175 2764 1230 confestim
2814 1173 3049 1229 orationi
3101 1171 3378 1235 insistens,

1815 1273 1952 1329 bene
1983 1271 2323 1342 precaberis;
2368 1268 2696 1339 quandoque
2752 1282 2908 1329 vero,
2941 1280 3064 1320 cum
3103 1263 3195 1317 diu
3240 1263 3383 1315 mul-

1817 1375 2044 1434 tumque
2068 1362 2422 1425 Iaboraveris,
2447 1376 2672 1431 scopum
2701 1374 2808 1413 non
2833 1356 3162 1426 assequeris,
3197 1363 3255 1407 ut
3285 1353 3383 1407 ad—

1817 1456 1925 1509 huc
1959 1467 2082 1507 eum
2114 1451 2289 1521 magis
2333 1449 2602 1518 requiras,
2646 1445 3089 1517 cumquelfueris
3137 1443 3382 1512 adeptus,

1819 1542 2022 1598 habeas
2047 1550 2255 1597 rectum
2283 1554 2420 1610 opus
2450 1555 2482 1594 a
2515 1539 2710 1609 praedae
2753 1537 2994 1608 periculo
3033 1537 3274 1591 immune
3322 1547 3387 1587 ac

1821 1642 2026 1690 tutum.
3403 1631 3405 1642 '

2405 1765 2630 1826 CAPUT
2673 1765 2844 1819 XXX.

1889 1880 2156 1937 Adstante
2203 1881 2396 1950 angelo
2423 1879 2709 1934 discedunt
2747 1877 3034 1932 confestim
3060 1889 3267 1938 omnes,
3295 1874 3389 1942 qui

1823 1973 1981 2028 nobis
2017 1973 2248 2028 afferunt
2298 1971 2766 2042 impedimentum,
2821 1982 3084 2037 mensque
3126 1966 3391 2034 reperitur

1823 2063 1876 2117 in
1906 2064 2078 2118 multa
2111 2064 2302 2133 requie
2330 2077 2462 2118 sane
2500 2075 2692 2125 orans;
2718 2060 2987 2115 interdum
3020 2073 3169 2122 vero,
3202 2073 3393 2127 super-

1821 2155 2072 2209 Veniente
2094 2155 2251 2210 nobis
2275 2163 2534 2209 consueto
2579 2153 2742 2217 bello,
2777 2167 2935 2206 mens
2989 2150 3187 2220 pugilis
3219 2149 3393 2204 instar

1824 2253 2050 2314 pugnat,
2097 2259 2197 2298 nec
2247 2243 2575 2314 permittitur
2611 2257 2826 2297 sursum
2880 2249 3042 2310 caput
3087 2237 3389 2304 reflectere,

1824 2337 1978 2390 vanis
2029 2334 2228 2404 quippe
2279 2335 2509 2389 afﬁcitur
2565 2333 2957 2404 passionibus;
3011 2339 3284 2398 attamen,
3345 2331 3393 2386 si

1823 2426 1984 2480 etiam
2017 2436 2180 2496 atque
2200 2426 2363 2480 etiam
2391 2436 2616 2495 quaerat,
2645 2424 2903 2490 inveniet,
2936 2423 3248 2493 intenleque
3291 2420 3392 2492 ipsi

1825 2518 2065 2588 pulsanti
2088 2519 2361 2588 aperietur
2393 2519 2459 2570 '".

2367 2649 2596 2706 CAPUT
2629 2649 2826 2704 XXXI.

1895 2762 1974 2819 Ne
2031 2779 2176 2829 ores,
2224 2772 2347 2819 tuas
2389 2763 2573 2834 perlici
2613 2763 2937 2829 voluntates,
2976 2777 3077 2817 nec
3113 2763 3257 2816 enim
3302 2760 3398 2817 Dei

1826 2854 2089 2909 voluntati
2116 2861 2243 2909 sunt
2262 2855 2484 2910 omnino
2509 2871 2783 2921 consonae,
2825 2854 2919 2910 sed
2953 2855 3131 2924 potius
3177 2869 3293 2918 ora,
3338 2863 3401 2910 ut

1828 2943 2086 3010 didicisti,
2110 2945 2295 3000 dicens
2327 2963 2341 2999 :
2366 2943 2487 3000 Fiat
2514 2946 2762 3001 voluntas
2790 2954 2882 3000 tua
2909 2945 2962 3000 in
2987 2961 3073 2999 me
3095 2944 3140 2977 ⁷⁸
3165 2963 3178 3011 ;
3205 2946 3395 3016 sicque

144 3016 303 3087 θήτω
333 3016 394 3070 τὸ
427 3017 640 3088 θέλημά
685 3037 782 3073 σου
813 3022 895 3088 ,ἐν
945 3021 1109 3092 ἐμοί’
1162 3022 1258 3074 καὶ
1310 3021 1402 3073 ἐπί
1457 3019 1620 3073 παντὶ¹
1669 3020 1707 3070 δί

1856 3049 1888 3085 ιι
1919 3033 2069 3087 omni
2101 3048 2160 3088 re
2207 3034 2276 3088 ab
2317 3034 2436 3104 ipso
2487 3043 2628 3105 pete,
2665 3043 2724 3088 ut
2753 3033 2847 3087 ﬁat
2894 3033 3066 3102 ipsius
3113 3035 3396 3100 voluntas;

142 3109 444 3180 πράγματι
476 3110 648 3176 οὕτως
689 3113 854 3167 αὑτὸν
902 3114 1044 3167 αῐτει
1079 3111 1141 3166 τὸ
1187 3110 1415 3180 ἀγαθὸν,
1461 3111 1558 3165 καὶ
1587 3128 1707 3182 συμ-

1849 3123 1947 3177 ωιι
1972 3124 2115 3177 enim
2131 3124 2276 3194 quod
2306 3098 2508 3179 bonum
2539 3133 2642 3190 est,
2674 3098 2929 3194 quodque
2958 3124 3152 3178 anima:
3169 3098 3397 3179 confert.

146 3200 329 3270 φέρον
358 3204 424 3273 τῇ
459 3202 627 3275 ψυχῇ,
661 3205 727 3258 σὺ
762 3203 820 3258 δέ
849 3204 910 3258 ού
945 3205 1161 3268 πάντως
1185 3201 1342 3256 τοῦτο
1374 3203 1580 3274 ζητεῖς.

735 3337 985 3391 ΚΕΦΑΛ.
1024 3337 1172 3403 AB'.,

230 3449 493 3514 Πολλάκις
518 3451 949 3523 προσευχόμενος
977 3452 1266 3524 ᾐτησάμην
1298 3452 1554 3521 γενέσθαι
1583 3470 1673 3522 μοι
1701 3451 1730 3505 ὃ

140 3536 316 3604 ,ἔδοξα
345 3540 506 3592 καλὸν
551 3535 690 3594 εἴναί
737 3559 850 3614 μοι,
893 3542 988 3596 καὶ
1031 3541 1295 3614 ἐπέμενον
1325 3542 1403 3613 τῷ
1444 3543 1727 3612 αἰτήματι,

150 3629 372 3697 ἀλόγως
429 3631 749 3704 βιαζόμενος
795 3632 856 3687 τὸ
909 3633 1119 3705 θέλημα
1167 3634 1260 3688 τοῦ
1306 3633 1462 3698 Θεοῦ,
1517 3635 1610 3688 καὶ
1656 3635 1730 3704 μὴ

151 3721 442 3786 ἀποδιδοὺς
474 3725 643 3793 αὐτῷ,
686 3725 775 3778 ἵνα
814 3724 842 3778 ὃ
884 3720 993 3779 οἵδε
1026 3725 1304 3797 συμφέρον
1336 3725 1497 3789 αὐτὸς
1531 3724 1731 3794 μᾶλλον

153 3813 512 3887 οἰκονομήσῃ,
567 3815 662 3868 καὶ
713 3815 894 3885 μέντοι
943 3815 1144 3882 λαϐὼν,
1193 3815 1416 3886 ὕστερον
1461 3813 1732 3884 ἠχθέσθην

155 3901 306 3968 λίαν,
353 3904 486 3958 διότι
539 3904 737 3974 μᾶλλον
788 3906 850 3958 τὸ
901 3906 1146 3976 βούλημα
1192 3904 1387 3959 ἐαυτοῦ
1440 3903 1732 3976 ᾐτησάμην

154 3993 437 4064 γενέσθαιο
466 3997 525 4048 ού
557 3995 666 4067 γὰρ
694 3996 935 4053 τοιοῦτόν
963 4014 1055 4067 μοι
1078 3997 1356 4068 ἀπήντησε
1380 3995 1441 4049 τὸ
1475 3995 1731 4065 πρᾶγμα,

155 4083 275 4141 οἷον
300 4088 567 4159 ἐνόμιζον.

742 4228 994 4283 ΚΕΦΑΛ.
1035 4225 1154 4282 AI".

232 4334 302 4388 Τί
327 4335 454 4391 ἄλλο
492 4339 718 4407 ἀγαθὸν,
760 4339 874 4394 ἀλλ’
906 4339 939 4410 ἢ
979 4339 1148 4406 Θεός;
1187 4338 1396 4394 Οὐκοῦν
1425 4338 1573 4409 αύτῷ
1600 4338 1737 4392 ἀπο·

1833 3213 1915 3269 Tu
1942 3229 2070 3269 vero
2101 3230 2208 3271 non
2241 3215 2347 3270 hoc
2373 3216 2596 3271 omnino
2622 3217 2886 3286 exquiris.

2387 3348 2616 3406 CAPUT
2647 3349 2868 3404 XXXII.

1905 3458 2072 3529 Saepe,
2103 3460 2230 3515 dum
2267 3475 2503 3527 orarem,
2541 3461 2694 3531 petii,
2729 3461 2861 3515 mihi
2891 3460 3034 3524 fieri,
3081 3460 3224 3528 quod
3259 3459 3406 3516 arbi-

1837 3559 2011 3606 tratus
2043 3566 2163 3607 sum
2191 3552 2394 3607 bonum
2426 3553 2559 3607 mihi
2604 3553 2741 3617 fore,
2780 3553 2945 3623 inque
2977 3553 3234 3623 petitione
3268 3553 3406 3607 irra-

1839 3643 2166 3699 tionabiliter
2204 3645 2615 3714 perseverabam
2649 3644 2834 3717 5.85,
2867 3645 2961 3699 Dei
2991 3660 3188 3717 cogens
3217 3646 3406 3700 volun-

1839 3743 2022 3799 tatem,
2055 3750 2154 3791 nec
2181 3736 2283 3806 ipsi
2310 3739 2629 3804 concedens,
2651 3748 2710 3792 ut
2731 3738 2875 3807 quod
2899 3738 2986 3792 ille
3007 3738 3246 3792 futurum
3277 3739 3408 3792 utile

1838 3827 2071 3892 noverit,
2100 3827 2473 3897 dispensaret;
2515 3840 2571 3885 et
2616 3829 2834 3900 quidem
2884 3847 3006 3890 cum
3060 3831 3404 3898 recepissem,

1840 3928 2114 3987 postremo
2136 3920 2298 3975 nimis
2335 3922 2571 3990 graviter
2600 3923 2721 3988 tuli,
2751 3938 2817 3979 eo
2844 3924 2987 3993 quod
3015 3938 3188 3977 meam
3227 3923 3407 3991 potius

1839 4010 2172 4066 voluntatem
2211 4013 2328 4066 ﬁeri
2359 4014 2669 4082 petiissem;
2694 4021 2795 4072 n’ec
2825 4015 2968 4071 enim
2996 4030 3082 4070 res
3119 4015 3253 4070 mihi
3283 4015 3406 4072 talis

1839 4103 2039 4173 evenit,
2078 4105 2294 4175 qualem
2327 4107 2728 4162 existimabam.

2367 4238 2596 4295 CAPUT
2630 4240 2869 4298 XXXIII.

1915 4347 2056 4415 Quid
2079 4348 2227 4404 aliud
2255 4349 2490 4416 bonum,
2534 4351 2638 4407 nisi
2670 4353 2852 4408 Deus?
2881 4353 3044 4425 igitur
3065 4353 3114 4409 ei
3162 4354 3409 4413 remitta-

159 4427 346 4498 δῶμεν
377 4430 554 4485 πάντα
585 4433 653 4485 τὰ
697 4431 819 4486 καθ’
867 4433 1036 4503 ἡμᾶς,
1083 4433 1178 4485 καὶ
1225 4431 1284 4488 εὖ
1327 4435 1459 4505 ἡμῖν
1503 4432 1675 4485 ἐσται·

1849 4455 1983 4506 mus,
2016 4454 2136 4510 quae
2150 4441 2217 4495 ad
2239 4456 2338 4495 nos
2357 4441 2630 4510 pertinent
2647 4445 2849 4509 omnia,
2869 4455 2924 4500 et
2945 4444 3082 4504 bene
3102 4445 3258 4506 nobis
3276 4447 3406 4512 erit;

165 4522 278 4592 γὰρ
326 4523 531 4590 ἀγαθὸς
575 4525 822 4589 πάντως,
877 4525 976 4578 καὶ
1027 4524 1250 4593 ἀγαθῶν
1299 4526 1417 4578 ἐστι
1468 4523 1707 4595 παροχεὺ

1849 4532 1958 4599 ipse
1983 4533 2127 4586 enim
2173 4533 2399 4588 omnino
2423 4534 2600 4590 bonus
2629 4544 2733 4600 est,
2771 4535 3150 4608 bonorumque
3188 4538 3412 4608 largitor

164 4614 410 4687 δωρεῶν.

753 4752 1000 4808 ΚΕΦΑΛ.
1038 4753 1158 4808 ΛΔ’.

238 4883 336 4956 Μὴ
365 4885 440 4949 ὡς
465 4887 523 4939 ἐν
546 4887 771 4958 δυνάμει
798 4887 1181 4958 κομιζόμενος,
1209 4887 1411 4952 εύθέως
1439 4888 1502 4940 τὸ
1531 4887 1742 4956 αἴτημα

1843 4623 2139 4680 donorum.

2365 4757 2592 4815 CAPUT
2641 4758 2884 4815 XXXIV.

1915 4887 1994 4946 Ne
2012 4900 2266 4962 tanquam
2285 4893 2340 4948 in
2363 4904 2627 4964 potestate
2647 4897 2942 4966 procedens
2954 4896 3263 4965 petitionem
3280 4911 3412 4950 con-

171 4974 329 5045 ζήτει
359 4992 372 5004 ·
437 4977 687 5048 βούλεται
753 4981 861 5051 γάρ
914 4997 975 5032 σε
1030 4979 1124 5032 ἐπὶ
1173 4979 1335 5033 πλέον
1383 4979 1707 5052 εύεργετῆσο

1852 4980 2032 5036 festim
2062 4984 2350 5052 exquiras;
2391 4987 2506 5040 vult
2530 4988 2687 5042 enim.
2717 4989 2812 5042 tibi
2845 4988 3134 5058 plurimum
3168 4988 3412 5044 conferre

173 5068 691 5139 προσκαρτεροῦντα
745 5070 896 5140 αὐτῷ
945 5072 1004 5124 ἐν
1053 5073 1120 5143 τῇ
1167 5075 1484 5146 προσευχῇ·
1533 5073 1586 5125 τι
1634 5072 1705 5140 γά

1849 5073 2158 5128 beneficium
2179 5078 2542 5144 perseveranti
2567 5078 2618 5132 in
2639 5079 2920 5145 oratione;
2947 5079 3076 5149 quid
3115 5080 3256 5134 enim
3282 5083 3412 5134 sub-

173 5159 446 5232 ἀνὼτερον
474 5162 567 5216 τοῦ
591 5162 672 5233 τῷ
702 5162 821 5233 Θεῷ
845 5164 1213 5234 προσομιλεῖν,
1240 5165 1333 5218 καὶ
1357 5167 1423 5235 τῇ
1455 5164 1562 5233 πρὸ
1583 5163 1707 5217 αὐτὸ

1849 5163 2046 5232 limius,
2098 5182 2260 5235 quam
2289 5167 2458 5224 Deum
2488 5170 2713 5241 alloqui,
2772 5180 2827 5226 et
2853 5171 3023 5241 ipsius
3052 5172 3406 5229 circumtrahi

177 5255 437 5325 συνουσίᾳ
456 5256 858 5326 περισπᾶσθαι;

757 5393 1006 5447 ΚΕΦΑΛ.
1047 5394 1168 5447 AE'.

249 5525 532 5594 Προσευχή
566 5528 712 5580 ἐστιν
737 5526 1000 5590 ἀνάϐασις
1028 5525 1122 5580 νοῦ
1155 5525 1291 5598 πρὸς
1323 5525 1475 5580 Θεόν.

264 5706 305 5740 “
340 5706 642 5772 Mattlmn,
673 5705 746 5774 7;
779 5705 910 5763 Luc.
944 5723 1018 5774 ιιι,
1049 5709 1100 5764 9.
1177 5707 1221 5738 ⁷⁸
1249 5705 1436 5761 Matth.
1475 5721 1548 5772 νι,
1583 5705 1667 5760 ID.

1844 5259 2277 5314 consuetudine?

2369 5388 2599 5445 CAPUT
2636 5389 2850 5445 XXXV.

1921 5521 2106 5578 Oratio
2139 5534 2220 5580 est
2273 5538 2530 5582 ascensus
2560 5529 2753 5584 mentis
2783 5528 2848 5584 ad
2876 5527 3061 5584 Deum.
