3788 6224
396 249 531 314 1ὶ75
1886 258 1951 319 S.
1987 255 2163 318 NILI'
3516 253 3644 316 1176

933 362 1161 422 CAPUT
1200 363 1436 421 xxxvr.
2003 376 2055 434 Α

2003 376 2055 434 Δ
2658 376 2909 434 una.
2947 380 3082 446 Δεῖν.

460 477 520 532 Si
550 492 709 533 orare
740 479 947 548 cupias,
977 494 1232 535 ominous
1268 489 1544 547 renuntia,
1579 473 1846 536 ut’omnia
1883 488 1956 539 tib

2153 487 2213 540 Ei
2241 489 2639 559 προσεύξασθαι
2667 491 2871 556 ποθεῖς,
2904 493 3170 560 άπόταξαι
3202 495 3315 557 τοῖς
3350 492 3636 563 σύμπασιν,

389 572 583 625 cedant
618 571 670 625 in
705 570 1098 626 haereditatem.

2083 579 2169 633 ἵνα
2200 580 2261 633 τὸ
2294 584 2405 635 πᾶν
2436 582 2874 658 κληρονομήσῃς.

893 681 1122 738 CAPUT
1156 683 1425 739 XXXVII.

2649 699 2901 752 ΚΕΦΑΛ.
2939 696 3057 755 ΛΖ¹.

457 799 567 855 Ora
596 800 771 869 primo
808 808 865 854 ut
900 800 1197 870 purgerisa
1226 799 1594 870 passionibus,
1628 809 1683 855 et
1707 800 1948 855 secundo

2147 808 2459 878 Προσεύχω
2506 808 2773 879 πρότερον
2824 810 2954 881 περὶ
2996 810 3091 863 τοῦ
3144 811 3487 882 καθαρθῆναι
3536 814 3637 867 τῶιε

392 902 452 947 ut
476 893 688 947 cruaris
711 893 779 947 ab
808 894 1135 961 ignorantia.
1162 900 1218 947 et
1247 893 1428 959 tertio,
1475 903 1534 947 ut
1574 894 1642 949 ab
1675 893 1822 948 omni
1850 900 1888 946 tt

2138 899 2287 961 ιθῶν,
2336 900 2432 952 καὶ
2474 899 2725 970 δεύτερον
2770 901 2900 971 περὶ
2944 900 3037 954 τοῦ
3090 901 3355 973 ρυσθῆναι
3398 904 3506 955 ἀπὸ
3547 905 3634 973 τῆς

388 986 594 1041 tatione
619 994 783 1056 atque
806 984 1155 1040 derelictione
1177 984 1443 1039 libereris.

2134 992 2378 1056 ννωσίας,
2426 992 2520 1045 καὶ
2560 992 2745 1063 τρίτον
2791 991 2901 1046 ἀπὸ
2944 992 3144 1055 παντὸς
3196 992 3505 1064 πειρασμοῦ
3551 997 3630 1046 καὶ

2071 1083 2530 1153 ὲγκαταλείψεως.

784 1185 952 1258 486
976 1184 1205 1243 CAPUT
1241 1184 1537 1241 xxxvm.
2647 1198 2902 1252 ΚῈΦΑΑ,
2944 1199 3073 1254 ΑΗ..

459 1301 518 1356 1η
553 1301 801 1357 oratione
851 1309 943 1354 tua
983 1301 1157 1355 solam
1209 1302 1427 1371 require
1453 1300 1721 1370 justitiam
1746 1343 1760 1369 ,
1793 1311 1848 1358 et
1877 1319 1955 1359 re-

2135 1312 2321 1384 Μόνην
2352 1311 2503 1382 ζήτει
2536 1313 2595 1366 ὲν
2618 1314 2684 1384 τῇ
2710 1315 2986 1384 προσευχῇ
3020 1329 3114 1365 σου
3143 1312 3245 1383 τὴν
3266 1311 3627 1381 δικαιοσύνην,

392 1408 586 1464 gnum,
622 1392 674 1445 id
706 1402 789 1445 est
826 1390 1080 1446 virtutem
1102 1430 1117 1453 ,
1156 1401 1211 1447 et
1247 1391 1635 1463 cognitionem,
1678 1400 1732 1446 et
1768 1403 1888 1451 caete

2133 1408 2162 1460 ,ἱ
2193 1408 2292 1480 τὴν
2344 1408 2641 1480 βασιλείαν,
2692 1409 2937 1462 τουτέστι
2972 1410 3073 1478 τὴν
3119 1407 3347 1478 ἀρετὴν,
3401 1410 3498 1461 καὶ
3541 1408 3629 1477 τὴν

388 1485 572 1541 omnia
606 1483 700 1539 tibi
730 1481 1078 1550 adjicientur.

2062 1499 2284 1563 ⁴γνῶσιν,
2312 1501 2408 1553 καὶ
2434 1500 2504 1553 τὰ
2534 1499 2697 1552 λοιπά
2725 1498 2904 1553 πάντα
2937 1498 3373 1567 προστεθήσεται
3410 1513 3513 1549 σοι.

924 1598 1154 1655 CAPUT
1186 1599 1425 1657 XXXIX.

2649 1612 2902 1666 ΚΕΦΔΛ.
2944 1611 3067 1665 ΛΘ¹.

459 1716 668 1771 Iustum
709 1726 793 1771 est
826 1732 937 1771 non
977 1716 1152 1772 solum
1184 1731 1280 1785 pro
1311 1716 1528 1786 propria
1577 1718 1955 1774 emundationc

2134 1732 2370 1797 Δίκαιον,
2403 1731 2479 1801 μὴ
2510 1731 2670 1801 μόνον
2699 1730 2829 1801 περὶ
2867 1730 3077 1793 οίκείας
3115 1728 3441 1799 καθάρσεως
3474 1741 3630 1796 προσ-

388 1822 567 1872 orare,
601 1808 693 1863 sed
735 1818 788 1863 et
818 1823 917 1877 pro
945 1810 1091 1863 omni
1121 1809 1444 1874 contribule,
1480 1818 1541 1864 ut
1585 1810 1807 1865 modum
1840 1811 1884 1863 in

2136 1824 2336 1893 χεσθαι,
2378 1824 2513 1878 ἀλλά
2557 1824 2815 1893 καὶπερὶ
2853 1822 3054 1883 παντὸς
3080 1821 3384 1903 ὁμοφύλου,
3425 1820 3518 1874 ἵνα
3540 1820 3632 1887 ἀγ-

388 1902 519 1957 tcris
540 1901 867 1974 angelicum.

2063 1914 2277 1981 γελικδν
2312 1933 2370 1984 μι
2378 1916 2451 1985 μή
2461 1931 2526 1985 σῃ
2557 1914 2776 1986 τρόπον.

996 2013 1225 2070 CAPUT
1257 2014 1375 2071 XL.

2652 2026 2907 2079 ΚΕΦΔΛ.
2943 2025 3032 2080 M'.

451 2128 609 2195 Vide,
647 2144 715 2183 an
748 2144 874 2185 vere
903 2128 1013 2183 Deo
1043 2138 1134 2183 tua
1174 2129 1229 2183 in
1261 2130 1505 2184 oratione
1523 2129 1854 2197 adhaeseris,;
1875 2130 1947 2185 vel

2138 2141 2295 2210 Ὅρα,
2335 2139 2428 2193 ὲάν
2456 2138 2675 2210 ἀληθῶς
2712 2138 2831 2208 Θεῷ
2873 2136 3229 2208 παρέστηκας
3260 2136 3321 2189 ἐν
3361 2137 3429 2207 τῇ
3467 2149 3634 2205 προσ-

385 2237 451 2274 an
507 2221 792 2276 hominum
825 2221 1063 2277 vincaris
1115 2221 1311 2283 laude.
1364 2221 1620 2290 illamque
1664 2229 1881 2277 contenc

2136 2232 2192 2301 [ᾖ
2227 2247 2341 2290 σου,
2373 2230 2406 2300 ἦ
2441 2230 2645 2299 ἐπαίνῳ
2676 2227 2977 2298 ἀνθρώπων
3008 2228 3261 2297 ήττᾶσαι,
3308 2228 3407 2278 καὶ
3432 2226 3632 2278 τούτων

382 2314 681 2384 aucupari,
729 2313 993 2369 orationis
1039 2323 1197 2368 utens
1251 2314 1745 2382 repraesentatione,
1794 2314 1878 2370 vel

2134 2322 2234 2392 ρᾷν
2263 2320 2483 2390 ἐπείγῃ,
2524 2318 2713 2389 ὥσπερ
2745 2316 3163 2389 ὲπικαλύμματι
3192 2315 3540 2386 κεχρημένῳ
3568 2316 3630 2383 τῇ

382 2404 641 2475 tegmine,

2060 2413 2401 2484 παραστάσει
2432 2411 2532 2481 τῆς
2565 2410 2896 2481 προσευχῆς.

972 2512 1199 2570 CAPUT
1247 2512 1386 2569 XLI.

2633 2523 2886 2577 ΚΕΦΑΛ.
2925 2522 3061 2575 MA'.

451 2627 576 2685 Sive
601 2645 724 2686 cum
751 2628 1016 2685 fratribus
1050 2644 1198 2688 ores.
1237 2629 1354 2684 sive
1395 2628 1569 2695 solus,
1600 2645 1821 2695 conare,
1848 2645 1947 2686 non

2131 2638 2254 2691 Εἴτε
2284 2638 2424 2708 μετά
2455 2637 2700 2707 ἀδελφῶν
2743 2635 3045 2709 προσεύχῃ,
3090 2636 3201 2689 εἴτε
3247 2634 3395 2689 κατὰ
3443 2632 3627 2704 μόνας,

382 2724 796 2790 consuetudine,
825 2724 920 2780 sed
960 2738 1127 2778 sensu
1158 2738 1338 2779 orare.

2056 2730 2345 2800 ἀγώνισαι,
2379 2730 2455 2801 μὴ
2484 2730 2618 2796 ἔθει,
2658 2729 2797 2783 ἀλλά
2828 2729 3078 2800 αἰσθήσει
3110 2725 3538 2799 προσεύχεσθαι.

945 2835 1175 2893 CAPUT
1213 2836 1375 2893 XLII.

2631 2845 2887 2899 ΚΕΦΑΛ.
2923 2842 3056 2898 MB'.

454 2948 739 3020 Proprium
768 2948 1035 3006 orationis
1066 2959 1149 3005 est
1178 2950 1391 3005 interna
1423 2952 1681 3023 cogitatio
1711 2968 1836 3009 cum
1862 2951 1950 3007 de-

2132 2955 2297 3023 Ἥθος
2327 2959 2446 3013 ἐστὶ
2474 2959 2787 3033 προσευχῆς
2818 2956 3035 3011 σύννοια
3062 2956 3181 3028 μετ’
3207 2954 3521 3019 εὐλαϐείας,
3544 2952 3628 3007 καὶ

379 3051 507 3098 vota
560 3043 761 3112 pietate
814 3052 870 3096 et
913 3043 1353 3112 compunctione,
1400 3044 1701 3114 animaeque
1745 3044 1949 3111 dolore,

379 3144 603 3206 peccata
631 3149 755 3189 cum
785 3135 955 3189 mutis
986 3135 1239 3204 suspiriis
1269 3136 1598 3192 conﬁtendo.

2056 3051 2423 3119 κατανύξεως,
2458 3052 2553 3106 καὶ
2580 3049 2774 3121 ὀδύνης
2800 3050 2979 3122 ψυχῆς
3003 3050 3063 3103 ὲν
3091 3046 3452 3119 ἐξαγορεύσει
3480 3063 3631 3099 πται-

2057 3149 2280 3220 σμάτων
2318 3148 2459 3221 μετά
2487 3145 2813 3219 στεναγμῶν
2843 3144 3098 3217 ἀφώνων.

1979 3098 2024 3161 C

948 3246 1177 3304 CAPUT
1209 3247 1390 3302 XLIII.

2634 3261 2890 3317 ΚΕΦΑΛ.
2928 3261 3062 3316 Ml".

450 3361 508 3417 Si
544 3372 637 3417 tua
666 3378 824 3419 mens
854 3363 1027 3419 aetatis
1076 3361 1266 3418 ﬂorem
1308 3362 1362 3417 in
1409 3370 1651 3433 tempore
1690 3363 1946 3418 orationis

2137 3378 2262 3433 Ἐὰν
2286 3376 2685 3449 περιϐλέπηται
2712 3376 2741 3429 ὁ
2771 3374 2897 3439 νοῦς
2924 3391 3017 3428 σου
3043 3371 3230 3442 ἀκμὴν
3256 3371 3321 3425 ὲν
3350 3369 3434 3441 τῷ
3462 3387 3629 3443 καιρῳ

379 3454 613 3522 aﬂ'ectet,
639 3456 881 3511 nondum
912 3463 973 3510 ut
1001 3456 1307 3511 monachus
1335 3464 1481 3519 orat,
1515 3455 1607 3511 sed
1654 3455 1875 3511 etiamm

2132 3490 2151 3536 ;
2198 3466 2548 3543 προσευχῆς,
2589 3468 2803 3523 οὐδέπω
2831 3467 2908 3532 ὡς
2963 3464 3199 3538 μοναχδς
3241 3463 3628 3536 προσεύχεται,

378 3549 656 3605 mundana
685 3558 789 3615 est,
829 3550 1071 3604 exterius
1103 3549 1514 3604 tabernaculum
1546 3563 1841 3604 exornans.

2136 3567 2168 3617 λ’
2204 3564 2285 3618 ἔτι
2330 3562 2595 3635 κοσμικός
2638 3564 2776 3628 ἔστι,
2810 3563 2911 3634 τὴν
2951 3558 3150 3628 ἔξωθεν
3184 3556 3396 3628 σκηνὴν
3432 3557 3632 3612 καλλωο

2055 3656 2249 3721 πίςων.

844 3751 1009 3825 487
1046 3749 1276 3807 CAPUT
1306 3748 1490 3807 xm.

2638 3767 2892 3821 ΚΕΦΑΛ.
2930 3766 3064 3820 ΜΔ’.

447 3867 586 3923 Dum
606 3839 762 3935 ‘oras,
794 3876 965 3932 tuam,
986 3882 1083 3935 pro
1108 3866 1337 3931 viribus,
1363 3865 1573 3920 custodi
1610 3865 1943 3929 memoriam,

2134 3879 2586 3951 Προσευχόμενος,
2615 3876 2716 3946 τὴν
2738 3876 2961 3947 μνήμην
2996 3891 3089 3927 σου
3116 3872 3349 3942 δυνάμει
3374 3869 3630 3939 φύλαττε,

376 3973 437 4017 ut
471 3977 569 4017 sua
598 3962 815 4031 propria
848 3976 955 4015 non
988 3959 1087 4014 tibi
1125 3966 1413 4028 proponat,
1439 3957 1534 4012 sed
1577 3965 1866 4012 te'moveat

2134 3995 2140 4028 ι
2179 3975 2254 4046 μὴ
2297 3976 2366 4029 τὰ
2411 3975 2591 4027 οἰκεῖα
2641 3970 2956 4042 παραθηταί
3006 3986 3109 4034 σοι,
3158 3968 3301 4022 ἀλλά
3352 3968 3497 4037 πρὸς
3540 3966 3630 4035 τὴν

376 4056 737 4125 cognitionem
785 4054 1125 4109 extensionis
1167 4052 1233 4107 ad
1266 4051 1469 4118 Deum;
1500 4049 1762 4107 memoria
1796 4065 1872 4104 nal

2133 4069 2254 4121 ὦσιν
2281 4068 2384 4137 τῆς
2429 4064 2791 4138 παρατάσεώς
2840 4080 2901 4116 σε
2928 4064 3075 4132 κινῇ-
3120 4060 3246 4113 λίαν
3273 4058 3388 4129 γὰρ
3422 4060 3629 4128 πέφυκε

377 4165 485 4216 que
524 4148 725 4203 assolet
758 4146 991 4201 multum
1026 4144 1325 4216 depraedari
1359 4153 1595 4199 mentem
1638 4143 1783 4198 circa
1814 4152 1873 4197 te

2133 4160 2317 4214 λᾶσθαι
2348 4159 2377 4211 ὁ
2422 4156 2546 4222 νοῦς
2597 4156 2704 4210 ὑπὸ
2733 4156 2835 4225 τῆς
2891 4156 3111 4226 μνήμης
3152 4154 3296 4207 κατά
3320 4153 3416 4205 τὸν
3446 4152 3629 4224 καιρὸν

376 4257 480 4311 pus
510 4240 792 4296 orationis.

2052 4254 2149 4322 τῆς
2182 4250 2509 4323 προσευχῆς.

948 4349 1175 4407 CAPUT
1215 4350 1375 4405 XLV.

2638 4360 2888 4415 ΚΕΦΑΛ.
2927 4358 3060 4414 ME’.

444 4470 553 4521 Aut
578 4478 787 4523 veteres
814 4482 995 4522 rerum
1017 4466 1435 4538 imaginationes
1485 4468 1581 4521 tibi
1612 4467 1789 4523 oranti
1820 4482 1940 4539 pro-

2130 4482 2197 4535 Ἦ
2246 4478 2500 4550 παλαιῶν
2536 4478 2881 4550 πραγμάτων
2933 4476 3056 4545 ἄγει
3106 4492 3189 4528 σοι
3244 4473 3559 4543 φαντασίας
3600 4473 3626 4541 ἡ

376 4560 527 4615 ducit
553 4559 837 4625 memoria,
869 4569 961 4613 aut
986 4573 1153 4614 n0vas
1180 4575 1361 4624 curas,
1380 4569 1474 4614 aut
1500 4576 1787 4630 personam
1831 4561 1872 4631 ej

2129 4577 2240 4646 ήμη
2286 4544 2726 4643 προσευκοιλένιελ.
2774 4570 2808 4640 ἢ
2851 4544 2991 4634 νέαςί
3016 4568 3328 4641 φροντίδας,
3383 4568 3419 4640 ῆ
3474 4568 3625 4638 πρόσ-

377 4654 471 4723 qui
500 4662 551 4707 te
577 4653 767 4708 dolore
794 4650 992 4707 aﬂ‘ecit.

2051 4684 2198 4720 ωπον
2227 4665 2618 4734 λελυπηκότος.

959 4762 1185 4818 CAPUT
1214 4762 1401 4818 XLVI.

2619 4774 2871 4829 ΚΕΦᾹΛ.
2911 4773 3061 4839 MCT.

446 4880 616 4936 Valde
650 4874 855 4936 invidet
882 4880 1099 4935 daemon
1137 4880 1348 4934 homini
1381 4881 1581 4946 oranti,
1627 4896 1942 4952 omnemque

2121 4890 2255 4945 Λίαν
2281 4887 2563 4959 βασκαίνει
2590 4888 2619 4940 ὁ
2644 4886 2855 4956 δαίμων
2877 4883 3152 4955 ἀνθρώπῳ
3174 4877 3617 4951 προσευχομένῳ,

376 4974 687 5030 machinam
730 4974 968 5038 adhibet,
1016 4982 1076 5028 ut
1113 4973 1232 5043 ejus
1271 4973 1625 5031 intentionem
1665 4976 1872 5046 inquint

2122 4986 2148 5038 .‘t
2188 4984 2334 5054 πάσῃ
2368 4982 2565 5053 χρᾶται
2606 4981 2847 5050 μηχανῇ,
2893 4973 3237 5047 λυμήνασθαι
3284 4972 3381 5025 τὸν
3440 4972 3618 5023 τούτου

381 5084 491 5123 non
508 5076 683 5123 cessat
707 5067 873 5137 igitur
903 5081 999 5137 per
1026 5067 1346 5121 memoriam
1369 5068 1725 5138 cogitationes
1757 5070 1877 5124 han

2124 5075 2275 5129 οπόν”
2315 5074 2377 5127 ού
2411 5072 2645 5127 παύεται
2670 5065 2763 5123 οὖν
2790 5068 2861 5121 τὰ
2884 5067 3133 5137 νοήματα
3160 5063 3330 5117 κινῶν
3357 5063 3471 5115 τῶν
3498 5077 3618 5129 πρα-

379 5175 563 5215 rerum
591 5175 958 5222 commovere.
983 5174 1282 5230 omnesque
1306 5161 1592 5230 passiones
1608 5178 1705 5231 per
1730 5179 1875 5219 carm

2121 5169 2275 5222 ιάτων
2314 5165 2405 5219 διὰ
2448 5164 2548 5235 τῆς
2596 5164 2836 5233 μνήμης,
2884 5160 2980 5213 καὶ
3010 5158 3107 5211 ὅλα
3136 5158 3205 5211 τά
3236 5154 3391 5225 πάθη
3428 5156 3617 5224 ἀναμο-

382 5261 642 5323 tanquam
688 5253 934 5308 vectibus
982 5253 1340 5320 subexcitare,
1385 5261 1445 5308 ut
1478 5254 1741 5324 impedire
1780 5272 1878 5326 pos

2121 5261 2256 5314 εύων
2284 5258 2371 5312 διὰ
2417 5257 2516 5328 τῆς
2551 5256 2773 5329 σαρκὸς,
2822 5255 2911 5307 ἵνα
2959 5250 3249 5323 ἐμποδίσαι
3296 5248 3502 5319 δυνηθῇ
3552 5244 3617 5315 τῷ

381 5346 645 5415 optimum
676 5345 847 5416 ipsius
879 5361 1122 5411 cursum,
1154 5357 1208 5401 et
1236 5362 1516 5402 accessum
1546 5348 1613 5403 ad
1654 5347 1846 5405 Deum.

2051 5351 2258 5425 ἀρίστῳ
2282 5346 2451 5405 αὐτοῦ
2482 5347 2690 5418 δρόμῳ,
2719 5345 2815 5398 καὶ
2840 5346 2907 5416 τῇ
2934 5341 3071 5414 πρὸς
3102 5340 3235 5394 Θεὸν
3262 5339 3520 5410 ὲκδημίᾳ.

942 5483 1171 5541 CAPUT
1196 5482 1407 5539 XLVII.

2628 5484 2878 5537 ΚΕΦΑΛ.
2918 5480 3048 5535 ΜΖ’.

457 5596 686 5661 Quando
717 5599 1157 5669 improbissimus
1186 5601 1397 5654 daemon
1443 5599 1673 5669 plurima
1705 5601 1950 5664 molitus.

2126 5603 2292 5656 Ὅταν
2320 5602 2490 5655 πολλὰ
2532 5600 2766 5670 ποιήσας
2793 5599 2821 5650 ὁ
2861 5593 3230 5665 πονηρότατος
3269 5592 3499 5664 δαίμων,
3546 5601 3608 5661 μή

391 5687 619 5743 studiosi
648 5692 945 5746 orationem
979 5692 1240 5761 impedire
1289 5709 1391 5750 non
1433 5694 1685 5763 potuerit,
1738 5709 1887 5766 parui

2111 5698 2254 5765 ινηθῆ
2285 5697 2574 5765 ἐμποδίσαι
2602 5696 2702 5766 τὴν
2729 5693 2824 5748 τοῦ
2856 5690 3146 5746 σπουδαίου
3175 5689 3505 5761 προσευχὴν,
3534 5703 3607 5760 μισ
