3788 6224
140 279 268 343 1177

1484 278 1581 337 DE
1608 278 2014 341 ORATIONE.

3234 283 3368 351 1178

136 396 263 466 κρδν
283 391 530 463 ὑποχαλᾷ
545 431 561 456 ,
591 391 688 443 καὶ
725 390 1024 460 μετέπειτα
1046 368 1313 459 ἀμύνεται
1352 387 1514 443 αὐτόν
1533 406 1685 461 προσ-

1820 408 1900 448 >er
1922 395 2169 460 remittit,
2198 402 2254 450 et
2278 394 2624 465 postmodum
2655 394 2824 465 ipsius
2852 398 2946 466 qui
2988 397 3245 465 oraverit,
3276 410 3369 453 su-

135 483 446 553 ευξάμενον·
481 482 514 551 ἢ
549 480 657 550 γάρ
687 481 766 548 είς
795 480 965 551 ὀργὴν
994 479 1199 549 ἐξάψας
1224 478 1476 547 ἀφανίζει
1506 480 1606 550 τὴν
1633 482 1698 533 ὲκ

134 576 233 645 τῆς
278 575 442 645 εὒχῆς
490 573 964 644 συγκροτουμένην
1007 572 1237 643 ἀρίστην
1275 573 1608 626 κατάστασιν
1639 573 1698 625 ἐν

133 668 328 739 ἑαυτῷ,
358 667 393 737 ἢ
425 666 561 738 πρὸς
595 667 788 738 ἡδονήν
816 683 937 719 τινα
966 664 1159 732 ἄλογον
1202 663 1455 736 ἐρεθίσας
1487 663 1698 735 ὑϐρίζει

130 761 223 815 τὺν
253 759 394 815 νοῦν.

704 870 955 924 ΚΕΦΑΛ.
995 871 1137 926 ΜΗ¹.

197 987 643 1060 Πῳπυξάμενος
682 985 757 1048 ὡς
804 986 903 1050 δεῖ,
954 983 1232 1055 προσδόκα
1275 982 1312 1037 ἂ
1347 999 1424 1054 μη
1458 980 1561 1048 δεῖ,
1603 981 1699 1035 καὶ

129 1078 287 1148 στῆθι
313 1076 572 1149 ἀνδρείως
596 1076 879 1145 φυλάττων
906 1074 997 1127 τὸν
1026 1072 1239 1145 καρπόν
1267 1090 1360 1127 σου
1385 1088 1401 1105 ο
1435 1074 1516 1135 είς
1539 1071 1699 1127 τοῦτο

125 1169 237 1238 γὰρ
263 1169 321 1234 ἐξ
348 1167 523 1237 ἀρχῆς
549 1165 805 1235 ἐτάχθης,
836 1163 1188 1237 ἐργάζεσθαι,
1233 1164 1330 1217 καὶ
1363 1162 1655 1233 φυλάττειν
1678 1175 1693 1192 ⁸

130 1261 207 1329 μὴ
238 1254 327 1311 οὖν
352 1259 729 1327 ἐργασάμενος
776 1256 946 1328 ἐάσῃς
986 1255 1298 1324 ἀφύλακτον
1327 1254 1389 1307 τὸ
1416 1252 1650 1325 πονηθέν
1675 1266 1694 1285 ο

124 1352 174 1403 εί
204 1349 260 1404 δὲ
288 1351 450 1420 μήγε,
467 1349 616 1402 οὐδὲν
644 1347 933 1419 ὠφέλησας
958 1345 1415 1420 προσευχόμενος.

701 1564 955 1619 ΚΕΦΑΔ.
993 1563 1132 1619 MO’.

195 1680 312 1743 Πᾶς
339 1679 371 1732 ό
400 1676 874 1749 συγκροτοὺμενος
901 1676 1138 1746 πόλεμος
1182 1673 1387 1746 μεταξὺ
1416 1676 1449 1746 ή
1460 1674 1579 1746 μῶν
1606 1692 1690 1742 τε,

1800 489 1899 542 mit
1926 487 2254 553 vindictam;
2290 497 2386 543 aut
2414 488 2558 543 enim
2595 487 2662 542 ad
2693 489 3027 543 iracundiam
3053 489 3365 557 incendens,

1799 580 2064 649 Optimum
2110 580 2439 634 exterminat
2485 588 2712 644 statum,
2752 577 2807 633 in
2857 580 2976 648 ipso
3004 594 3071 635 ex
3120 582 3369 637 oratione

1798 672 2125 727 instructum
2154 690 2169 739 ;
2209 680 2303 726 aut
2326 671 2394 726 ad
2432 672 2668 741 aliquam
2700 674 2973 741 proritans
3000 672 3367 728 irrationalem

1796 764 2155 834 voluptatem,
2186 764 2355 818 menti
2389 764 2697 833 petulanter
2721 764 2884 818 iniert
2909 764 3189 835 injuriam.

2242 877 2411 950 433
2433 876 2664 933 CAPUT
2695 876 2927 932 XLVIII.

1871 994 1928 1049 Si
1960 992 2203 1049 oraveris
2230 992 2307 1047 uti
2334 995 2508 1056 decet,
2539 1001 2797 1062 exspecta
2831 1009 2952 1062 qua:
2999 1008 3107 1048 non
3152 994 3363 1058 decent,

1796 1094 1851 1143 et
1875 1097 1961 1142 Sta
1990 1086 2255 1149 viriliter,
2294 1084 2530 1139 fructum
2572 1095 2725 1138 tuum
2773 1086 3114 1151 custodiens;
3148 1084 3215 1139 ad
3262 1084 3367 1139 hoc

1796 1179 1941 1234 enim
1977 1194 2007 1232 a
2040 1177 2312 1249 principio
2345 1176 2499 1231 fuisti
2533 1177 2890 1241 constitutus,
2924 1186 2983 1230 ut
3011 1176 3279 1246 opereris,
3310 1184 3367 1229 et

1796 1270 2105 1326 custodires
2146 1286 2259 1324 :ne
2306 1269 2490 1338 itaque
2534 1283 2805 1338 operans,
2851 1268 2995 1337 quod
3029 1266 3362 1322 elaboratum

1794 1370 1881 1416 est
1912 1361 2064 1416 sinas
2113 1360 2542 1427 incustoditum;
2575 1359 2629 1415 id
2657 1370 2839 1414 autem
2879 1358 2984 1413 nisi
3019 1357 3179 1422 faxis,
3229 1356 3366 1412 nihil

1794 1452 2003 1508 orando
2037 1451 2305 1521 proﬁcies.

2344 1561 2573 1618 CAPUT
2620 1561 2809 1619 XLIX.

1868 1699 2041 1756 Omne
2096 1700 2242 1771 quod
2292 1699 2577 1754 instruitur
2607 1698 2809 1752 bellum
2838 1697 2980 1751 inter
3034 1711 3136 1750 nos
3182 1695 3363 1766 impu-

120 1775 220 1829 καὶ
260 1772 372 1826 τῶν
421 1769 751 1839 ἀκαθάρτων
804 1769 1168 1838 πνευμάτων,
1214 1767 1275 1820 ού
1325 1767 1454 1838 περὶ¹
1496 1766 1683 1836 ἑτέρου

1820 1804 1999 1860 'osque
2038 1754 2295 1858 spiritus,
2319 1803 2431 1840 non
2459 1787 2528 1840 ob
2548 1786 2692 1841 aliud
2719 1787 2798 1851 ﬁt,
2824 1802 2985 1856 quam
3015 1787 3085 1839 ob
3106 1754 3364 1857 spiritua-

121 1865 354 1931 γίνεται,
384 1860 417 1933 ἢ
449 1860 580 1931 περὶ
625 1861 1011 1930 πνευματικῆς
1035 1856 1347 1929 προσευχῆς
1372 1872 1386 1887 ο
1436 1856 1557 1909 λίαν
1583 1856 1695 1927 γὰρ

120 1954 383 2025 πολέμιος
430 1953 615 2015 αὐτοῖς
657 1953 795 2016 ἐστι,
852 1950 951 2005 καὶ
994 1948 1408 2020 ὲπαχθεστάτη,
1462 1949 1597 2020 ἡμῖν
1639 1947 1697 2000 δὲ

119 2048 409 2118 σωτήριος,
440 2044 534 2099 καὶ
564 2041 996 2115 προσηνεστάτη.

696 2263 973 2319 ’ΚΕΦΔΛ.
1012 2260 1097 2316 N'.

190 2386 259 2440 Τί
292 2382 541 2456 βούλεται
574 2382 687 2443 τοῖς
714 2378 932 2448 δαίμοσι
959 2375 1202 2445 ἐνεργεῖν
1228 2372 1287 2427 ἒν
1312 2373 1444 2443 ἡμῖν
1469 2387 1694 2442 γαστρι-

117 2478 384 2551 μαργίαν,
415 2473 696 2546 πορνείαν,
729 2468 1115 2541 φιλαργυρίαν,
1163 2466 1332 2537 ὀργήν
1351 2481 1411 2516 τε
1440 2462 1535 2516 καὶ
1564 2480 1697 2533 μνη·

116 2569 405 2636 σικακίαν,
431 2569 529 2622 καὶ
551 2565 621 2619 τὰ
643 2562 808 2617 λοιπά
832 2560 1018 2631 πάθη;
1063 2559 1150 2612 ἵνα
1182 2556 1478 2628 παχυνθεὶς
1509 2557 1538 2609 ό
1567 2555 1693 2619 νοῦς

113 2666 182 2731 ἐξ
208 2662 409 2727 αὐτῶν,
438 2661 519 2732 μή
565 2657 765 2729 δυνηθῇ
799 2656 876 2718 ὠς
913 2654 995 2707 δεῖ
1022 2648 1448 2724 προσεύξασθαιο
1483 2649 1552 2703 τά
1583 2647 1690 2717 γάρ

111 2759 214 2814 τοῦ
242 2758 437 2824 ἀλόγου
474 2754 675 2826 μέρους
719 2749 868 2821 πάθη
895 2747 1138 2821 ἄρξαντα
1168 2745 1269 2799 οὐκ
1306 2745 1371 2814 se
1398 2742 1559 2797 αὐτὸν
1601 2740 1693 2794 λο-

111 2849 295 2921 γικῶς
322 2846 591 2902 κινεῖσθαι
618 2843 716 2898 καὶ
742 2842 836 2897 τὸν
862 2839 999 2894 Θεοῦ
1027 2838 1201 2909 Λόγον
1230 2833 1533 2905 ἐπιζητεῖν.

706 3041 957 3095 ΚΕΦΑΛ.
996 3039 1127 3095 NA'.

1796 1884 1900 1939 lem
1932 1881 2230 1937 orationem
2254 1896 2269 1945 ;
2296 1880 2452 1933 valde
2477 1893 2712 1948 namque
2743 1878 2875 1947 ipsis
2908 1877 3117 1931 hostilis
3153 1886 3252 1941 est,
3298 1892 3361 1931 ac

1796 1973 2028 2029 maxime
2066 1971 2309 2035 inimica,
2344 1969 2502 2025 nobis
2528 1979 2709 2023 autem
2759 1968 3032 2032 salutaris,
3066 1983 3129 2022 ac
3161 1967 3364 2038 jucun-

1794 2065 2037 2121 dissima.

2417 2234 2644 2292 CAPUT
2679 2232 2742 2289 L.

1862 2352 1974 2408 Cur
2004 2351 2194 2405 volunt
2213 2350 2483 2404 daamones
2513 2348 2567 2403 in
2594 2347 2753 2402 nobis
2784 2346 3000 2416 operari
3029 2347 3227 2417 gulam,
3252 2346 3355 2402 for-

1791 2443 2141 2506 nicationem,
2182 2441 2489 2503 avaritiam,
2541 2439 2902 2505 iracundiam,
2949 2450 3001 2493 et
3041 2439 3358 2508 injuriarum

1793 2535 2251 2598 recordationem,
2288 2549 2353 2588 ac
2407 2533 2643 2602 reliquas
2688 2529 3002 2601 passiones?
3031 2540 3091 2585 ut
3136 2547 3198 2585 ex
3233 2532 3356 2601 ipsis

1791 2646 1947 2686 mens
1972 2630 2271 2684 incrassata
2308 2644 2415 2683 non
2446 2627 2640 2697 possit,
2672 2627 2814 2681 sicut
2845 2626 2999 2680 decet
3021 2640 3179 2679 orare
3202 2643 3216 2692 ;
3241 2637 3362 2680 nam

1792 2722 2103 2793 passiones,
2132 2736 2255 2791 quae
2274 2720 2343 2774 ab
2371 2719 2677 2773 irrationali
2704 2725 2861 2787 parte
2886 2724 3108 2771 sumunt
3130 2714 3371 2770 initium-

1794 2829 1907 2870 non
1935 2814 2121 2869 sinunt
2163 2827 2285 2866 eam
2331 2810 2670 2865 rationaliter
2716 2808 2959 2872 moveri,
3002 2806 3203 2877 Deique
3236 2806 3340 2879 Ver

1790 2907 1922 2962 bum
1958 2905 2255 2977 inquirere.

2385 3013 2612 3071 CAPUT
2641 3011 2728 3067 LI.

188 3161 301 3225 Τάς
331 3157 536 3232 ἀρετὰς
570 3152 945 3228 μετερχόμεθα
966 3151 1057 3206 διά
1089 3150 1217 3214 τοὺς
1240 3148 1434 3217 λόγους
1458 3144 1568 3199 τῶν
1591 3159 1685 3212 γε·

1864 3128 2106 3184 Virtntes
2136 3138 2515 3183 consectamur
2534 3126 2606 3180 ob
2636 3126 2897 3188 rationes,
2925 3137 3020 3178 seu
3051 3136 3247 3177 causas
3275 3134 3336 3175 re

106 3254 371 3327 γονότων,
420 3250 515 3303 καὶ
562 3246 786 3310 τούτους
826 3243 915 3298 διὰ
951 3242 1042 3297 τὸν
1078 3238 1419 3295 ούσιὼσαντα
1461 3235 1686 3304 Κύριον,

106 3342 271 3409 οὗτος
302 3344 359 3397 δὲ
388 3342 446 3395 ὲν
469 3342 540 3412 τῇ
567 3337 897 3394 καταστάσει
929 3336 1029 3406 τῆς
1054 3331 1364 3406 προσευχῆς
1393 3327 1690 3398 ἀναφαίνε-

108 3436 243 3490 σθαι
273 3431 452 3487 είωθε.

703 3536 955 3595 ΚΕΦΑΛ.
984 3535 1113 3590 NB'.

180 3652 534 3718 Κατάστασίς
574 3651 689 3705 ἐστι
738 3649 1047 3720 προσευχῆς
1090 3647 1206 3713 ἕξις
1246 3644 1482 3714 ἀπαθὴς,
1527 3642 1691 3714 ἔρωτι

100 3748 401 3821 ἀκροτάτῳ
427 3745 506 3810 είς
536 3743 668 3813 ὕψος
698 3743 885 3813 νοητὸν
906 3740 1230 3813 ἀρπάζουσα
1253 3738 1347 3794 τὸν
1375 3736 1689 3809 φιλόσοφον,

101 3842 208 3896 καὶ
240 3836 613 3909 πνευματικὸν
643 3834 788 3889 νοῦν.

699 3946 952 4002 ΚΕΦΑΛ.
982 3944 1110 4002 ΝΓ’.

180 4066 259 4121 υύ
307 4064 467 4137 μόνον
513 4061 720 4133 θυμοῦ,
772 4060 867 4113 καὶ
920 4057 1214 4128 ἐπιθυμίας
1255 4056 1338 4110 δεῖ
1364 4056 1553 4128 ἀρχειν
1596 4055 1692 4107 τὸν

98 4158 330 4230 ἀληθῶς
367 4154 768 4228 προσεύξασθαι
797 4151 1189 4222 ἐπειγόμενον,
1235 4150 1370 4205 ἀλλα
1401 4149 1497 4204 καὶ
1532 4147 1692 4212 ὲκτὸς

99 4248 395 4323 ὲμπαθοῦς
424 4249 517 4318 νοή
526 4263 692 4318 ματος
727 4242 1000 4297 γενέσθαι.

693 4440 947 4496 ΚΕΦΔΛ.
986 4439 1034 4491 Ν
1039 4442 1115 4495 Δ’.

192 4557 257 4613 ’0
287 4555 514 4625 ἀγαπῶν
538 4555 629 4609 τὸν
663 4553 818 4619 Θεὸν,
846 4552 1020 4622 τούτῳ
1043 4551 1118 4613 ὼς
1149 4549 1324 4620 Πατρὶ
1356 4550 1445 4604 ἀεὶ
1472 4565 1713 4618 συνομι-,

97 4650 214 4716 λετ,
246 4646 724 4719 ἀποστρεφόμενος
754 4645 862 4697 πᾶν
891 4642 1068 4711 νόημα
1096 4639 1363 4711 ἐμπαθές.

703 4846 952 4899 ΚΕΦΔΛ.
990 4842 1097 4898 ΝΕ¹

181 4964 303 5034 Ούχ
342 4964 370 5016 ὁ
405 4960 673 5024 ἀπαθείας
703 4958 1037 5030 τετυχηκὼς,
1075 4958 1176 5029 ήδη
1207 4958 1302 5012 καὶ
1332 4958 1691 5029 προσεύχεται

94 5055 355 5125 ἀληθῶς
380 5054 599 5108 δύναται
622 5052 731 5123 γὰρ
757 5053 813 5104 ὲν
841 5053 952 5114 τοῖς
974 5051 1149 5120 ψιλοῖς
1174 5052 1407 5121 νοήμασι
1441 5044 1693 5103 εἶναικαὶ

97 5151 167 5201 ὲν
194 5149 323 5209 ταῖς
368 5146 631 5216 ἱστορίαις
664 5143 846 5199 αὐτῶν
896 5143 1290 5216 περισπᾶσθαι,
1342 5143 1438 5198 καὶ
1471 5141 1693 5214 μακρὰν

98 5236 348 5306 ἀπέχειν
375 5236 482 5290 ἀπὸ
511 5234 668 5289 Θεοῦ.

695 5345 944 5400 ΚΕΦΑΔ.
975 5343 1121 5413 Νςτ.

180 5458 306 5510 Οὐκ
353 5454 419 5510 ἂν
465 5456 552 5510 ὅτε
604 5456 678 5528 μὴ
714 5456 1006 5529 ἐγχρονίζῃ
1051 5457 1080 5509 ό
1111 5456 1237 5520 νοῦς
1274 5457 1333 5510 ἐν
1374 5458 1487 5521 τοῖς
1513 5456 1692 5527 ψιλοῖς

98 5552 354 5620 νοήμασι
375 5547 485 5601 τῶν
510 5548 869 5620 πραγμάτων,
902 5549 1002 5621 ήδη
1034 5549 1128 5603 καὶ
1174 5550 1482 5621 προσευχῆς
1507 5548 1692 5604 κατεί-

95 5642 255 5711 ληφε
303 5642 499 5694 τόποψ
526 5640 748 5714 δύναται
791 5640 899 5714 γὰρ
944 5642 1002 5694 ὲν
1043 5642 1106 5711 τῇ
1156 5640 1363 5712 θεωρία
1408 5636 1547 5694 εἶναι
1578 5639 1689 5694 τῶν

96 5730 487 5802 πραγμάτων,
540 5730 635 5785 καὶ
661 5712 727 5786 ἓν
761 5712 879 5795 τοῖς
916 5730 1095 5801 λόγοις
1135 5730 1314 5785 αὐτῶν
1353 5729 1682 5801 ἀδολεσχεῖν,

1788 3240 1909 3279 rum
1968 3230 2277 3278 creatarum
2304 3259 2320 3285 ,
2357 3228 2413 3275 et
2456 3220 2590 3275 istas
2640 3226 2859 3288 propter
2905 3215 3219 3276 Dominum,
3267 3228 3360 3282 qu-

1788 3330 1976 3371 earum
2003 3313 2273 3369 essentias
2307 3311 2549 3366 condidit
2577 3327 2590 3365 :
2616 3310 2732 3380 ipse
2755 3318 2935 3363 autem
2970 3308 3026 3362 in
3056 3315 3202 3362 statu
3237 3318 3351 3358 ora-

1787 3405 1957 3462 tionis
1988 3402 2326 3460 manifestari
2350 3403 2655 3457 consuevit.

2280 3513 2447 3587 439
2490 3510 2718 3567 CAPUT
2760 3510 2871 3567 Lll.

1862 3624 2048 3680 Status
2085 3622 2350 3677 orationis
2413 3629 2498 3675 est
2553 3619 2771 3674 habitus
2809 3618 3015 3685 absque
3071 3617 3366 3686 passione.

1791 3735 1978 3775 amore
2008 3731 2221 3774 summo
2242 3715 2310 3769 ad
2334 3714 2713 3769 celsitudinem
2736 3710 3124 3781 intelligibilem
3151 3709 3366 3778 rapiens

1790 3822 2028 3868 mentem
2059 3808 2359 3879 sapientem
2385 3846 2401 3872 ,
2428 3816 2484 3861 et
2513 3804 2875 3875 spiritualem.

2376 3915 2607 3973 CAPUT
2642 3914 2778 3971 LIII.

1860 4038 1911 4094 Is
1940 4036 2036 4107 qui
2067 4034 2268 4091 festino
2297 4031 2469 4102 gradu
2500 4029 2780 4086 contendit
2805 4042 2933 4085 vere
2972 4038 3167 4093 orare,
3208 4038 3354 4094 opor-

1791 4140 1869 4186 tet
1896 4139 1957 4184 ut
1982 4144 2092 4183 non
2126 4126 2304 4182 solum
2334 4124 2660 4187 iracundiae,
2689 4130 2854 4191 atque
2883 4116 3167 4189 cupiditati
3192 4115 3368 4172 domi-

1792 4232 1980 4289 netur,
2012 4234 2200 4276 verum
2230 4218 2401 4273 etiam
2441 4215 2652 4271 alienus
2681 4214 2755 4270 sit
2788 4228 2819 4267 a
2850 4210 3178 4285 cogitatione
3201 4249 3218 4277 ,
3248 4224 3374 4280 qua:

1791 4317 1996 4372 imbuta
2023 4314 2094 4370 sit
2116 4311 2391 4383 passione.

2371 4419 2608 4478 CAPUT
2647 4418 2782 4475 LIV.

1868 4542 1973 4608 Qui
2005 4549 2152 4596 amat
2179 4539 2350 4595 Deum
2370 4580 2385 4605 ,
2416 4553 2543 4593 cum
2570 4536 2709 4607 ipso,
2754 4544 3016 4605 tanquam
3042 4532 3206 4588 Patre
3228 4545 3362 4587 sem-

1797 4650 1894 4706 per
1931 4632 2258 4700 colloquitur
2280 4672 2299 4698 ,
2328 4641 2384 4686 et
2419 4636 2775 4686 conversatur
2796 4668 2812 4695 ,
2847 4641 3064 4684 omnem
3090 4637 3374 4681 aversatus

1798 4727 2182 4798 cogitationem
2204 4724 2460 4795 passione
2485 4721 2846 4792 inquinatam.

2397 4834 2627 4891 CAPUT
2664 4832 2776 4887 LV.

1856 4952 1975 5007 Non
2007 4952 2100 5022 qui
2131 4950 2462 5005 vacuitatem
2492 4947 2809 5018 passionum
2842 4951 2928 4999 est
2958 4942 3218 5012 adeptus,
3257 4939 3371 5010 jam

1787 5060 1917 5100 vere
1957 5058 2176 5114 quoque
2204 5049 2367 5105 orat,
2401 5046 2578 5111 potest
2614 5038 2811 5108 quippe
2858 5038 2912 5090 in
2962 5035 3123 5089 nudis
3164 5032 3371 5089 versari

1788 5134 2245 5206 cogitationibus,
2292 5133 2455 5201 inque
2511 5129 2753 5185 studium
2801 5127 2946 5198 ipsas
2976 5124 3370 5196 cognoscendi,

1789 5243 1883 5284 seu
1908 5225 2173 5281 lustrandi
2193 5223 2454 5286 distrahi,
2485 5230 2540 5276 et
2568 5221 2723 5290 longe
2749 5220 2941 5275 abesse
2963 5233 2993 5272 a
3018 5217 3153 5272 Deo.

2373 5332 2606 5391 CAPUT
2644 5331 2781 5388 LVI.

1866 5450 1977 5506 Nec
2008 5464 2159 5517 vero,
2181 5449 2399 5519 quando
2424 5464 2577 5503 mens
2599 5446 2653 5501 in
2680 5445 2839 5501 nudis
2865 5460 3046 5499 rerum
3081 5443 3368 5515 cogitatio-

1796 5545 1957 5601 nibus
1980 5560 2088 5599 non
2116 5543 2211 5599 diu
2243 5544 2596 5605 immoretur,
2636 5539 2750 5611 jam
2778 5538 2943 5594 simul
2991 5537 3259 5593 orationis
3285 5536 3370 5593 lo-

1796 5653 1919 5692 cum
1954 5646 2037 5691 est
2064 5644 2350 5702 assecuta;
2385 5642 2562 5705 potest
2590 5633 2734 5689 enim
2788 5631 2844 5684 in
2894 5645 3078 5687 rerum
3122 5638 3365 5685 contem-

1789 5729 2026 5801 platione
2055 5727 2282 5794 versari,
2314 5727 2479 5797 inque
2508 5727 2750 5796 ipsarum
2773 5722 3116 5779 discursibus
3141 5719 3371 5777 assidue
