3788 6224
407 251 545 319 1179

1866 270 1929 329 S.
1958 269 2121 330 NILI

3516 266 3650 337 1180

401 369 669 434 titeditnri,
724 388 868 441 quae,
921 376 1042 432 licet
1097 378 1237 433 nuda
1292 380 1401 434 sint
1436 380 1637 447 verba;
1680 390 1956 446 attamen,

2120 397 2229 452 τερ.
2254 384 2347 437 καὶ
2377 386 2423 437 εἰ
2449 384 2578 454 ψιλά
2608 386 2831 457 ῥήματά
2862 387 3022 452 εἰσιν,
3054 385 3172 440 ἀλλ’
3195 386 3274 448 ὡς
3304 384 3651 454 πραγμάτων

395 456 560 528 490
594 473 777 531 utpote
800 481 921 534 qua:
953 483 1134 523 rerum
1165 471 1655 541 contemplationes
1672 472 1966 538 exsistunt,

398 554 550 618 quasi
579 555 790 624 signum
818 560 1087 627 quoddam
1124 563 1433 634 insculpunt
1463 565 1521 619 in
1564 575 1765 632 tuente,
1791 564 1967 620 abdu-

397 653 637 712 euntque
668 650 857 717 procul
891 666 923 705 a
956 650 1087 707 Deo.

965 765 1198 823 CAPUT
1235 766 1395 824 LVII.

471 868 733 935 Quamvis
783 894 937 935 mens
978 883 1112 937 citra
1145 887 1655 956 contemplationem
1698 904 1973 961 corporeae

400 968 609 1052 natura:
675 978 960 1039 versetur,
1016 976 1257 1031 nondum
1296 988 1485 1052 tamen
1532 980 1832 1050 perfectum
1874 980 1972 1035 Dei

402 1048 577 1107 locum
611 1067 694 1112 est
727 1064 1090 1134 contemplata
1120 1084 1134 1121 :
1169 1048 1347 1137 potest
1377 1048 1577 1141 quippe
1612 1071 1667 1126 in
1700 1072 1973 1143 cognitio-

402 1156 469 1195 ne
514 1160 690 1202 rerum
722 1149 1164 1213 intellectualium
1203 1160 1437 1224 versari,
1478 1170 1534 1217 et
1566 1162 1634 1217 ad
1679 1178 1800 1217 eam
1825 1163 1975 1219 varie

403 1233 684 1307 distingui.

961 1356 1191 1415 CAPUT
1228 1358 1409 1417 LVIII.

480 1464 535 1519 Si
569 1480 726 1521 orare
752 1469 886 1526 velis
908 1513 922 1537 ,
951 1470 1061 1527 Deo
1098 1482 1184 1527 est
1211 1490 1378 1545 opus,
1403 1476 1496 1546 qui
1525 1476 1618 1531 dat
1642 1478 1820 1533 oranti
1847 1493 1975 1533 ora-

405 1556 639 1623 tionem;
670 1558 828 1626 igitur
854 1560 1033 1631 ipsum
1064 1562 1278 1630 invoca,
1317 1567 1504 1622 dicens
1537 1585 1551 1621 :
1596 1587 1615 1619 ι
1654 1567 1973 1625 Sanctiﬁce-

404 1656 491 1700 tur
529 1662 733 1703 nomen
766 1659 938 1717 tuum,
971 1653 1221 1708 adveniat
1255 1671 1480 1726 regnum
1514 1666 1665 1712 tuum
1688 1659 1734 1692 "
1756 1701 1774 1725 ,
1810 1678 1830 1711 ι
1869 1662 1974 1715 hoc

2072 471 2200 525 ὅντα
2227 472 2578 543 θεωρήματα,
2603 476 2831 530 τυποῦσι
2854 478 2945 530 τὸν
2972 478 3116 541 νοῦν,
3150 477 3248 530 καὶ
3286 475 3510 545 μακρὰν
3552 476 3655 528 ἀπ-

2072 562 2296 629 άγουσιν
2320 563 2425 616 ἀπὸ
2453 564 2611 617 Θεοῦ.

2659 767 2907 820 ΚΕΦΑΛ.
2940 767 3062 821 ΝΖ’.

2147 874 2265 929 Κᾶν
2290 877 2432 948 ὑπὲρ
2473 878 2571 951 τὴν
2608 878 2844 952 θεωρίαν
2870 880 2972 952 τῆς
3011 877 3336 950 σωματικῆς
3367 876 3585 947 φύσεως
3625 878 3653 930 ό

2077 964 2203 1030 νοῦς
2224 957 2644 1039 γένηται,τοῠπω
2671 973 2852 1027 τέλεον
2890 972 2981 1025 τὸν
3016 970 3112 1025 τοῦ
3138 969 3274 1023 Θεοῦ
3297 968 3473 1022 τόπον
3505 968 3653 1022 ἐθεά-

2077 1074 2211 1114 σατο
2233 1076 2247 1090 °
2284 1060 2505 1116 δύναται
2546 1064 2653 1135 γὰρ
2680 1066 2739 1117 ὲν
2765 1068 2831 1137 τῇ
2861 1065 2969 1118 τῶν
3000 1062 3208 1135 νοητῶν
3245 1058 3392 1116 εἶναι
3420 1061 3652 1131 γνώσει,

2078 1151 2173 1206 καὶ
2202 1153 2571 1210 ποικίλλεσθαι
2600 1157 2739 1227 πρὸς
2772 1158 2965 1229 αὑτήν.

2655 1355 2907 1411 ΚΕΦΑΔ.
2937 1356 3074 1415 NH'.

2149 1465 2214 1519 Ei
2256 1466 2659 1536 προσεύξασθαι
2693 1469 2905 1541 βούλει,
2949 1469 3084 1523 Θεοῦ
3113 1468 3273 1540 χρεία
3296 1466 3398 1521 τοῦ
3428 1466 3659 1528 διδόντος

2079 1557 2245 1629 εὐχὴν
2275 1558 2353 1630 τῷ
2392 1560 2688 1632 εύχομένῳ·
2729 1560 2927 1617 ούκοῦν
2966 1561 3228 1616 ὲπικαλοῦ
3259 1560 3429 1614 αὐτὸν
3452 1559 3656 1625 λέγων,

2087 1669 2106 1702 ι
2127 1649 2473 1722 Ἀγιασθήτω
2492 1652 2554 1705 τὸ
2579 1652 2751 1724 ὄνομά
2781 1672 2899 1721 σου,
2929 1653 3129 1707 ἐλθέτω
3150 1654 3182 1723 ἠ
3219 1651 3478 1723 βασιλεία
3500 1668 3609 1711 σου,
3634 1667 3651 1700 ι

401 1749 486 1793 est
525 1737 760 1807 Spiritus
807 1752 1064 1810 sanctus,
1128 1756 1181 1801 et
1232 1744 1552 1818 Unigenitns
1593 1749 1761 1805 Filius
1807 1760 1964 1818 tuus;

2120 1745 2313 1797 ιυτέστι
2364 1744 2428 1799 τὸ
2489 1744 2643 1813 ἀγιον
2701 1745 2946 1817 Πνεῦμα,
2993 1747 3087 1799 καὶ
3130 1746 3161 1799 ό
3216 1744 3522 1815 μονογενής
3567 1759 3658 1794 σῦν

404 1830 486 1884 sic
514 1831 657 1885 enim
702 1833 925 1901 docuit,
968 1835 1198 1891 dicendo
1223 1876 1238 1902 ,
1280 1836 1334 1892 in
1377 1840 1580 1909 Spiritu
1604 1882 1619 1907 ,
1652 1850 1706 1894 et
1745 1842 1972 1897 veritate

402 1923 617 1977 adorari
656 1925 700 1956 ⁸ο
745 1924 939 1995 Deum,
991 1929 1199 1984 scilicet
1231 1928 1444 1986 Patrem
1471 1972 1487 1999 ,
1534 1933 1973 2005 quandoquidem

402 2013 516 2070 haec
545 2017 646 2071 tria
679 2015 843 2073 Deus.

974 2133 1203 2192 CAPUT
1238 2135 1375 2193 LIX.

469 2244 570 2311 Qui
614 2258 732 2301 orat
783 2250 835 2303 in
888 2249 1134 2320 Spiritu,
1185 2260 1239 2306 et
1286 2252 1557 2317 veritate,
1602 2269 1710 2307 non
1753 2265 1976 2324 propter

398 2347 674 2392 creaturas
693 2340 1037 2397 Conditorem
1069 2342 1367 2399 honoriﬁce
1390 2344 1595 2410 laudat,
1626 2345 1719 2399 sed
1751 2355 1968 2416 propter

399 2428 612 2497 ipsum,
665 2432 923 2488 nimirum
966 2434 1087 2504 ejus
1135 2450 1416 2501 amorem,
1456 2436 1708 2491 eumdem
1760 2436 1975 2508 hymnis

398 2522 624 2577 exaltat.

991 2635 1220 2693 CAPUT
1257 2636 1371 2693 LX.

470 2747 529 2803 Si
556 2749 836 2822 theologus
863 2767 944 2818 es,
970 2767 1095 2807 vere
1123 2753 1329 2820 orabis,
1363 2753 1518 2824 sique
1550 2769 1679 2811 vere
1701 2756 1972 2824 oraveris,

398 2859 459 2899 es
492 2844 799 2915 theologus.

888 2959 1049 3032 (.91
1094 2958 1323 3017 CAPUT
1357 2959 1496 3017 LXI.

472 3069 705 3137 Quando
727 3086 884 3125 mens
907 3084 995 3126 tua
1020 3112 1036 3139 ,
1064 3075 1234 3128 multo
1263 3091 1492 3133 accensa
1521 3093 1648 3150 erga
1680 3077 1847 3134 Deum
1876 3079 1972 3133 de-
1997 3071 2048 3137 ο

399 3163 624 3227 siderio,
656 3161 925 3217 tantillum
953 3164 1107 3233 quasi
1155 3167 1368 3220 recedet
1393 3184 1425 3221 a
1458 3184 1644 3236 carne,
1676 3184 1974 3239 omnesque

399 3253 755 3323 cogitationes
786 3271 815 3308 a
846 3255 1143 3325 cupidiate,
1175 3265 1267 3312 aut
1299 3273 1330 3312 a
1359 3260 1642 3325 memoria,
1673 3269 1769 3315 aut
1802 3276 1832 3314 a
1860 3275 1974 3314 cor-

401 3347 551 3416 poris
582 3357 1006 3417 temperamento
1042 3344 1432 3418 procedentes,
1465 3362 1775 3419 aversatur,
1813 3355 1975 3407 devo-

402 3440 548 3493 tione
591 3440 843 3494 simulet
885 3441 1084 3510 gaudio
1120 3441 1354 3511 repleta,
1398 3452 1528 3497 tunc
1587 3444 1856 3500 arbitrare
1923 3452 1975 3501 te

399 3531 735 3601 operationis
756 3533 1005 3588 terminis
1030 3534 1515 3604 appropinquasse.

975 3645 1204 3702 CAPUT
1238 3647 1398 3703 LXII.

471 3759 710 3829 Spiritus
752 3772 972 3839 sanctus
1006 3762 1311 3819 infirmitati
1350 3773 1553 3821 nostra:
1599 3766 1975 3835 compatiens,

404 3853 580 3918 nobis,
623 3854 873 3923 quamvis
905 3855 1105 3924 impuri
1140 3857 1337 3922 simus,
1361 3856 1616 3922 advenit;
1647 3856 1801 3927 sique
1828 3873 1980 3912 men-

404 3953 510 3998 tem
544 3954 782 3999 nostram
811 3946 1083 4001 invenerit
1107 3962 1230 4001 cum
1263 3962 1450 4002 amore
1473 3948 1717 4004 veritatis
1751 3950 1817 4003 ad
1850 3965 1974 4004 eum

401 4044 669 4101 orantem,
700 4052 863 4108 super
887 4038 1062 4108 ipsam
1091 4040 1354 4107 ascendit,
1381 4048 1725 4110 turmamque
1754 4057 1975 4096 omnem

402 4128 828 4197 cogitationum,
870 4142 963 4184 aut
999 4131 1283 4185 notionum
1310 4175 1324 4197 ,
1373 4147 1495 4200 quae
1543 4132 1717 4202 ipsam
1766 4134 1974 4197 ambit.

405 4218 586 4284 delet,
632 4231 956 4278 convertens
996 4238 1116 4278 eam
1165 4223 1233 4278 ad
1276 4239 1440 4295 opera
1497 4224 1800 4295 spiritualis
1852 4240 1978 4281 ora-

407 4309 594 4366 tionis.

962 4424 1141 4483 CAPU
1156 4424 1198 4481 T
1238 4424 1422 4480 LXIII.

464 4535 665 4592 ’ϐαδιετὶ
696 4538 914 4608 quidem
940 4555 1038 4610 per
1062 4542 1310 4611 corporis
1338 4542 1775 4600 immutationem
1807 4546 1975 4601 menti

405 4626 706 4683 immittunt
738 4630 1127 4698 cogitationes,
1178 4646 1274 4687 seu
1307 4631 1557 4688 notiones
1582 4674 1597 4699 ,
1646 4645 1702 4689 et
1729 4636 1976 4704 specula-

406 4719 631 4775 tiones:
685 4720 830 4776 Deus
881 4731 1060 4776 autem
1111 4723 1445 4778 contrarium
1489 4725 1691 4790 allicit,
1740 4736 1974 4780 mentem

406 4809 679 4867 inscendit
715 4812 918 4882 ipsam;
952 4813 1248 4868 immittens
1281 4817 1330 4870 ei
1373 4817 1787 4886 cogitationem,
1818 4828 1979 4887 prout

407 4904 553 4969 vult,
587 4904 857 4974 simulque
893 4921 988 4976 per
1014 4915 1248 4962 mentem
1273 4948 1288 4974 ,
1326 4908 1580 4978 corporis
1614 4909 1979 4980 intemperati.

408 4994 538 5048 tiam
570 4994 912 5067 consopiens.

967 5105 1195 5164 CAPUT
1230 5107 1415 5163 LXIV.

481 5221 652 5276 Nemo
673 5263 687 5287 ,
722 5238 864 5277 verte
896 5221 1163 5278 orationis
1186 5238 1377 5279 amans
1401 5267 1416 5291 ,
1471 5223 1515 5279 si
1547 5224 1803 5282 irascitur
1829 5267 1844 5293 ,
1888 5236 1983 5282 aut

412 5314 733 5383 iniuriarum
767 5316 839 5370 sit
875 5332 1102 5382 memor,
1143 5332 1337 5387 expers
1369 5318 1474 5373 erit
1508 5319 1765 5387 insania;
1806 5323 1982 5391 persi-

411 5408 559 5464 milis
584 5423 821 5477 namque
847 5417 932 5463 est
966 5409 1163 5466 volenti
1203 5420 1363 5467 acute
1390 5426 1613 5468 cernere
1633 5454 1648 5480 ,
1688 5414 1984 5484 oculosque

414 5498 663 5566 proprios
686 5499 1030 5555 obturbanti.

432 5724 437 5731 ι
485 5647 533 5679 ’³
569 5650 758 5703 Matth.
795 5666 867 5713 va,
897 5654 950 5718 9;
976 5653 1107 5710 Luc.
1135 5672 1208 5722 si,
1241 5656 1293 5710 2.
1371 5658 1415 5691 ⁸ο
1443 5656 1599 5714 Joan.
1623 5674 1695 5728 tv,
1718 5660 1809 5718 25.

2008 4420 2055 4477 Ι)

2077 1836 2203 1899 Υἱός
2225 1853 2240 1867 ·
2268 1835 2413 1890 οὕτω
2439 1838 2547 1909 γὰρ
2568 1838 2794 1902 ἐδίδαξε,
2838 1838 3043 1907 λέγων,
3097 1839 3156 1891 ὲν
3217 1836 3510 1907 Πνεύματι
3566 1835 3657 1887 καὶ

2075 1927 2306 2000 ἀληθείᾳ
2326 1929 2745 1998 προσκυνεῖσθαι
2774 1930 2866 1983 τὸν
2895 1930 3049 1996 Θεὸν,
3112 1928 3367 1982 τουτέστι
3406 1927 3505 1981 τὸν
3554 1927 3659 1979 Πα-

2074 2019 2230 2090 τέρα,
2252 2019 2374 2074 ἐπεὶ
2404 2020 2499 2075 καὶ
2527 2022 2595 2074 τὰ
2620 2023 2749 2093 τρία
2782 2022 2931 2086 Θεός.

2658 2136 2907 2190 ΚΕΦΑΛ.
2935 2135 3065 2190 ΝΘ⁹.

2172 2246 2214 2300 0
2240 2246 2299 2299 ὲν
2318 2246 2595 2318 Πνεύματι
2644 2249 2738 2302 καὶ
2758 2249 2990 2321 ἀληθείᾳ
3015 2249 3461 2321 προσευχόμενος
3479 2244 3656 2299 οὐκέτι

2074 2337 2139 2392 ἑκ
2162 2337 2271 2390 τῶν
2305 2339 2623 2410 κτισμάτων
2648 2341 2740 2395 τὸν
2760 2340 3107 2412 Δημιουργὸν
3136 2339 3420 2411 γεραίρει,
3454 2338 3574 2391 ἀλλ’
3602 2336 3657 2401 ἐξ

2073 2427 2237 2483 αὑτοῦ
2260 2430 2421 2484 αὐτὸν
2458 2432 2706 2502 ἀνυμνεῖ.

2672 2632 2924 2686 ΚΕΦΑΛ.
2948 2632 3024 2685 Ξ⁹.

2142 2748 2208 2801 El
2231 2745 2481 2815 θεολόγος
2509 2742 2594 2813 εἷ’,
2638 2747 2914 2820 προσεύξῃ
2957 2746 3173 2817 ἀληθῶς
3194 2786 3211 2811 ,
3242 2746 3342 2800 καὶ
3367 2746 3420 2799 εί
3446 2744 3653 2815 ἀληθῶς

2074 2838 2372 2912 προσεύξῃ,
2408 2838 2661 2909 θεολόγος
2683 2834 2755 2895 εἶ.

2663 2953 2917 3007 ΚΕΦΑΛ.
2950 2951 3069 3006 ΞΝ.

2145 3063 2316 3117 Ὅταν
2346 3064 2376 3117 ό
2402 3063 2528 3128 νοῦς
2556 3079 2651 3116 σου
2694 3062 2777 3133 τῷ
2805 3062 2982 3134 πολλῷ
3014 3063 3152 3136 πρὸς
3194 3063 3286 3118 τὸν
3337 3062 3476 3116 Θεὸν
3515 3061 3649 3127 πόθῳ

2074 3154 2216 3209 κατὰ
2276 3155 2475 3226 μικρὸν
2530 3148 2645 3208 οἷον
2703 3155 3054 3225 ὑπαναχωρεῖ
3113 3154 3215 3225 τῆς
3282 3155 3510 3226 σαρκὸς,
3565 3156 3650 3207 καὶ

2074 3246 2251 3301 πάντα
2279 3246 2350 3299 τά
2382 3245 2443 3311 ἐξ
2486 3245 2855 3317 ἐνθυμήσεως,
2887 3245 2922 3316 ἦ
2952 3246 3205 3318 κράσεως
3230 3249 3484 3318 νοήματα
3521 3248 3647 3299 ἀπο-

2074 3338 2398 3410 στρέφηται,
2461 3337 2750 3402 εὺλαϐείας
2795 3336 2959 3408 ὁμοῦ,
3018 3338 3117 3391 καὶ
3169 3340 3349 3411 χαρᾶς
3406 3338 3649 3409 ἔμπλεως

2075 3431 2413 3502 γενόμενος,
2481 3431 2606 3486 τότε
2676 3431 2867 3502 νόμιζε
2907 3432 3201 3502 ἡγγικέναι
3266 3433 3421 3504 ὅροις
3490 3448 3649 3503 προσ-

2072 3524 2263 3594 ευχῆς.

2670 3638 2924 3693 ΚΕΦΑΛ.
2949 3638 3068 3693 ΞΒν.

2147 3752 2220 3805 Τὸ
2251 3752 2405 3820 ἅγιον
2420 3743 2645 3824 Πνεῦμα
2668 3770 2731 3805 συ
2739 3753 2992 3823 μπάσχον
3010 3755 3078 3824 τῇ
3101 3766 3353 3825 ημετερᾳ
3381 3744 3649 3825 ασὺενειᾳ.

2075 3843 2171 3896 καὶ
2216 3842 2551 3915 ἀκαθάρτοις
2598 3839 2749 3897 οὖσιν
2794 3845 3053 3916 ἐπιφοιτᾷ
3086 3846 3239 3915 ἡμῖν,
3280 3846 3376 3898 καὶ
3421 3848 3472 3898 εἰ
3513 3846 3654 3915 εῦροι

2075 3929 2166 3981 τὸν
2196 3928 2319 3983 νοῦν
2353 3930 2512 4001 ήμῶν
2538 3930 2850 4001 φιλαλήθως
2872 3932 3023 4003 αὐτῷ
3047 3935 3517 4005 προσευχόμενον,
3539 3938 3653 3990 επι-

2077 4018 2253 4072 6αίνει
2297 4021 2470 4091 αὐτῷ,
2512 4021 2609 4075 καὶ
2636 4021 2854 4076 ἃπασαν
2894 4025 2995 4093 τὴν
3028 4023 3334 4077 κυκλοῦσαν
3362 4026 3655 4081 αὐτὸντῶν

2076 4109 2375 4181 λογισμῶν,
2417 4111 2452 4184 ἢ
2493 4111 2602 4165 τῶν
2638 4113 2929 4184 νοημάτων
2975 4114 3266 4183 φάλαγγα,
3316 4114 3652 4184 ὲξαφανίζει,

2078 4202 2521 4274 προτρεπόμενον
2551 4203 2714 4258 αὐτὸν
2742 4205 2823 4268 εἰς
2844 4204 2981 4276 ἔργα
3006 4206 3386 4276 πνευματικῆς
3425 4224 3654 4277 προσευ·

2078 4293 2199 4364 κῆςο

2660 4410 2912 4470 ΚΕΦᾹΔ.
2945 4414 3061 4468 El".

2146 4523 2211 4577 Οἱ
2249 4522 2349 4593 μὲν
2393 4522 2572 4578 λοιποὶ
2611 4524 2701 4580 διὰ
2735 4527 2836 4597 τῆς
2872 4526 3209 4592 ἀλλοιώσεως
3251 4527 3361 4598 ιτοῦ
3408 4528 3651 4599 σώματος

2076 4617 2365 4687 ἐμποιοῦσι
2384 4617 2463 4688 τῷ
2490 4618 2568 4689 νῷ
2600 4619 2917 4690 λογισμοὺς,
2948 4620 2981 4690 ἦ
3014 4621 3286 4691 νοήματα,
3322 4623 3427 4675 καὶ
3454 4622 3651 4696 θεωρή-

2081 4726 2245 4780 ματα.
2285 4708 2346 4761 '0
2379 4709 2437 4763 δέ
2478 4725 2543 4779 γε
2586 4710 2719 4774 Θεὸς
2762 4712 3070 4766 τούναντίον
3111 4712 3234 4783 δρᾷ,
3276 4713 3434 4783 αύτῷ
3471 4714 3549 4784 τῷ
3584 4714 3648 4782 νῷ

2077 4799 2367 4865 ἐπιϐαίνει,
2408 4801 2502 4854 καὶ
2538 4800 2767 4865 ἐντιθεὶς
2800 4802 2947 4873 αὐτῷ
2984 4802 3186 4872 γνῶσιν
3209 4844 3224 4866 ,
3255 4802 3336 4866 ὡς
3373 4803 3646 4874 βούλεται,

2079 4892 2175 4945 καὶ
2201 4892 2290 4946 διὰ
2313 4891 2409 4946 τοῦ
2433 4892 2527 4946 νοῦ
2552 4893 2653 4966 τὴν
2683 4893 2777 4947 τοῦ
2807 4895 3059 4965 σώματος
3092 4894 3366 4966 ἀκρασίαν
3391 4897 3647 4950 κατευνά-

2079 4985 2211 5049 ζων.

2663 5098 2916 5154 ΚΕΦΔΛ.
2946 5095 3060 5153 ΞΔἏ

2152 5211 2340 5275 Οὐδεὶς
2372 5210 2512 5282 ἐρῶν
2540 5210 2773 5283 ἀληθοῦς
2794 5213 3100 5285 προσευχῆς
3120 5253 3135 5278 ,
3161 5213 3257 5266 καὶ
3276 5212 3645 5286 ὀργιζόμενος,

2083 5304 2116 5375 ἢ
2152 5303 2511 5374 μνησικακῶν
2541 5304 2696 5368 ἐκτός
2728 5305 2845 5357 ἐστι
2876 5305 3259 5377 παραπληξίας
3284 5321 3299 5335 ⁸
3333 5307 3523 5375 ὅμοιος
3551 5306 3647 5377 γάρ

2083 5394 2297 5465 ἐστιτῷ
2312 5394 2531 5459 όξυπεῖν
2552 5393 2779 5461 θέλοντι,
2812 5397 2911 5452 καὶ
2936 5398 3062 5461 τοὺς
3080 5396 3318 5461 οἰκείους
3345 5396 3647 5467 ὀφθαλμοὺς

2084 5487 2499 5559 ὲκταράσσοντι.
