3788 6224
65 268 234 334 1181
1503 284 1600 342 DE
1621 281 1681 340 Oi

1833 281 2024 342 IONE.

723 396 972 452 ΚΕΦΔΛ.
1003 397 1122 454 ΞΕ’.
1741 399 1790 457 Α

147 503 237 558 ΕΞ
288 507 704 577 προσεύξασθαι
730 511 935 575 ποθεῖς,
969 513 1135 582 μηδὲν
1156 512 1264 566 τῶν
1285 515 1711 586 ἐναντιουμένων

59 597 139 666 τῇ
197 603 510 672 προσευχῇ
539 605 770 671 πρᾶττε,
803 605 890 657 ἴνα
916 609 943 659 6
969 606 1100 670 θεὸς
1142 607 1368 676 ἐγγίσας
1400 610 1710 680 συμπορεύ-

63 692 276 756 snt-ai
315 709 421 748 σοι.

2286 402 2449 474 492
2497 402 2724 458 CAPUT
2764 405 2922 460 va.
3252 293 3388 358 “82

1887 515 1942 570 Si
1976 533 2131 571 orare
2161 517 2437 572 desideras
2457 563 2470 583 ,
2503 519 2637 573 nihil
2671 535 2858 574 eorum
2886 521 3052 578 facias
3072 566 3087 589 ,
3115 540 3232 594 qua:
3259 541 3385 580 ora-

1815 612 1943 664 tioni
1977 614 2247 667 contraria
2276 615 2435 685 sunt},
2483 623 2543 669 ut
2579 615 2721 672 Deus
2765 618 3207 687 apprOpinquans
3246 623 3382 689 tibi,

1812 712 1987 758 tecum
2017 704 2348 760 obambulet.

2373 820 2601 877 CAPUT
2635 822 2816 878 LXVI.

1881 928 1989 995 Ne,
2016 931 2159 1000 quod
2209 931 2450 987 divinum
2483 946 2566 988 est
2593 974 2608 1000 ,
2651 937 2744 988 tibi
2797 937 2896 1005 ipsi
2933 939 3222 1005 assimiles,
3257 954 3380 995 cum

1809 1040 1965 1092 oras,
2027 1043 2122 1081 nec
2163 1027 2318 1096 juxta
2368 1029 2604 1098 aliquam
2653 1030 2880 1085 formam
2917 1034 3198 1100 permittas
3230 1045 3382 1093 tuam

1807 1116 2079 1172 eﬁ‘nrmari
2124 1128 2383 1185 mentem,
2442 1121 2535 1175 sed
2571 1123 2913 1177 immateriali
2938 1165 2955 1191 ,
3000 1133 3054 1178 tu
3093 1127 3240 1181 velut
3278 1128 3385 1183 im-

1808 1211 2104 1267 materialis
2140 1212 2368 1281 accede,
2421 1229 2652 1286 cumque
2701 1217 2818 1286 ipso
2860 1219 2914 1271 in
2967 1234 3135 1274 unum
3177 1235 3382 1278 conve-

1808 1317 1947 1357 ﬂleS.

704 809 954 862 ΚΕΦΑΛ.
983 807 1117 876 scr.

151 917 277 986 Μὴ
315 920 660 992 σχηματίζῃς
690 921 751 974 τὸ
776 920 930 975 Θεῖον
958 924 1014 975 ὲν
1047 921 1224 993 ἑαυτῷ
1252 924 1707 994 προσευχόμενος,

65 1009 246 1079 μηδὲ
285 1012 430 1080 πρὸς
469 1013 684 1082 μορφήν
717 1029 839 1066 τινα
867 1015 1231 1086 συγχωρήσῃς
1266 1015 1578 1082 τυπωθῆναί
1614 1031 1707 1066 σου

58 1099 185 1153 τὸν
243 1102 384 1155 νοῦν
429 1116 444 1131 ⁶
485 1103 602 1157 ἀλλ’
639 1103 801 1168 ἀῦλος
837 1104 915 1175 τῷ
957 1103 1106 1175 ἀΰλῳ
1160 1104 1403 1177 πρόσιθι,
1445 1106 1538 1158 καὶ
1584 1121 1709 1156 συν·-

68 1192 173 1245 ίσε
184 1210 278 1257 ις.

727 1420 979 1474 ΚΕΦΑΛ.
995 1417 1108 1478 ΞΖ¹.

2355 1415 2585 1473 CAPUT
2615 1417 2823 1475 LXVII.

163 1535 477 1589 Φυλάττου
508 1535 608 1598 τὰς
643 1534 877 1604 παγίδας
913 1536 1022 1589 τῶν
1048 1535 1324 1593 ἐναντίων.
1353 1538 1567 1595 Γίνεται
1595 1540 1681 1615 γὰι

1878 1525 2137 1596 Laqueos
2185 1526 2622 1583 adversariorum
2651 1530 2822 1596 evita;
2863 1530 2978 1586 fieri
3018 1547 3254 1602 namque
3285 1548 3379 1589 so-

73 1630 148 1682 ὲν
222 1629 314 1699 τῷ
366 1629 767 1700 προσεύχεσθαι
815 1648 875 1683 σε
925 1630 1203 1700 καθαρῶς,
1254 1633 1350 1687 καὶ
1394 1635 1681 1704 ἀταράχως

1833 1625 1960 1672 etut
2000 1620 2177 1674 oranti
2221 1620 2314 1675 tibi
2343 1637 2477 1689 pure
2533 1639 2596 1678 ac
2651 1624 2770 1678 sine
2809 1624 3214 1691 perturbatione
3238 1641 3375 1680 con-

71 1723 336 1792 ἀθρόως
378 1720 663 1792 ἐπιστῆναι
687 1739 769 1775 σοι
805 1721 1018 1793 μορφὴν
1049 1721 1224 1794 ξένην,
1258 1724 1353 1777 καὶ
1381 1725 1676 1795 ἀλλόφυλον

1833 1712 1986 1764 estim
2013 1720 2156 1764 astet
2203 1710 2375 1766 forma
2416 1714 2698 1782 peregrina
2747 1722 2802 1768 et
2843 1715 3174 1784 alienigena,
3217 1726 3277 1772 ut
3319 1727 3377 1774 te

75 1814 255 1885 πρὸς
296 1815 359 1868 τὸ
386 1815 466 1878 εἰς
492 1813 669 1884 οἴησιν
699 1813 1008 1884 ἀπαγαγεῖν
1036 1832 1096 1869 σε
1123 1815 1428 1878 τοπάζοντα
1452 1817 1514 1870 τὸ
1542 1818 1681 1871 Θεῖοη

1833 1819 1854 1854 n
1887 1802 1962 1856 lui
2014 1812 2354 1873 arrOgantem
2410 1805 2866 1860 existimationem
2917 1807 3183 1872 inducat,
3242 1809 3375 1865 dum

73 1907 256 1969 ἐκεῖ,
315 1907 405 1958 ῖνα
460 1905 521 1958 τὸ
585 1905 798 1976 ἀθρόως
860 1905 1202 1975 ἐκκαλυφθὲν
1250 1925 1353 1968 σοι.
1421 1909 1585 1962 ποσὸν
1638 1908 1681 1962 τί

1833 1893 2085 1962 onjicias,
2130 1895 2238 1959 ibi,
2293 1896 2517 1966 reperiri
2574 1897 2718 1966 quod
2761 1897 3005 1952 divinum
3055 1908 3177 1963 est,
3220 1908 3281 1953 ut
3305 1915 3374 1954 ex

73 1997 275 2050 Θεῖον
303 1993 447 2052 εἶναι
465 1997 649 2069 πείσῃ·
675 1997 876 2051 ἄποσον
902 1997 960 2050 δὲ
981 1997 1042 2050 τὺ
1055 1999 1230 2064 Θεῖον,
1266 2000 1362 2054 καὶ
1391 2000 1681 2071 ἀσχημάτι·

1833 1987 2096 2055 mproviso
2144 1987 2435 2041 revelatum
2473 1988 2569 2042 tibi
2599 1989 2947 2056 persuadeat,
2979 1989 3220 2044 divinum
3251 2005 3374 2045 esse

73 2103 267 2143 στον,
1798 2087 2061 2148 quantum
2097 2098 2111 2133 ε
2153 2095 2341 2134 verum
2383 2079 2623 2134 divinum
2666 2096 2866 2135 numen
2916 2081 3035 2136 sine
3073 2082 3375 2151 quantitate

1798 2179 1902 2238 est,
1936 2180 2190 2242 caretque
2222 2171 2414 2241 ﬁgura.

2331 2279 2558 2338 CAPUT
2609 2280 2839 2336 LXVIII.

1867 2394 2096 2461 Quando
2143 2393 2359 2449 invidus
2415 2394 2625 2449 daemon
2678 2410 2784 2448 non
2825 2404 3000 2464 potest
3029 2395 3083 2449 in
3124 2396 3374 2452 oratione

1797 2488 2115 2542 memoriam
2145 2500 2506 2549 commovere,
2530 2493 2658 2539 tunc
2678 2485 2922 2554 corporis
2946 2493 3371 2554 temperamento

1796 2578 1906 2632 vim
1944 2576 2112 2631 infert
2143 2577 2210 2631 ad
2239 2576 2573 2631 causandam
2601 2575 2653 2628 in
2691 2574 2961 2628 intellectu
2995 2574 3232 2643 aliquam
3273 2591 3369 2645 pe-

1796 2669 2071 2739 regrinam
2113 2667 2590 2737 imaginationem,
2633 2666 2918 2735 ipsumque
2964 2665 3144 2734 aliqua
3193 2664 3370 2722 forma

1796 2760 2264 2830 componendum;
2300 2759 2403 2813 iste
2444 2772 2572 2812 vero
2603 2756 2688 2812 cui
2724 2772 2846 2810 mos
2877 2766 2960 2810 est
2994 2756 3050 2810 in
3086 2757 3372 2826 cogitatio-

1795 2855 1958 2910 nibus
1981 2854 2186 2910 versari
2238 2861 2293 2907 et
2320 2853 2544 2917 tuerere,
2589 2850 2745 2905 facile
2775 2849 3008 2905 flectitur
3029 2893 3045 2917 ,
3080 2860 3132 2903 et
3167 2851 3234 2904 ad
3269 2851 3373 2904 imo

1794 2946 2131 3001 materialem
2183 2952 2458 3014 expertem
2483 2943 2671 3013 ﬁgurae
2691 2942 3055 3012 cognitionem
3080 2941 3368 3012 impulsus,

1715 3064 1761 3125 α
1795 3039 2086 3110 decipitur,
2116 3036 2326 3092 fumum
2360 3052 2459 3105 pro
2488 3036 2690 3090 lumine
2719 3035 3050 3104 suscipiens.

2247 3149 2410 3221 493
2459 3146 2690 3204 CAPUT
2725 3146 2915 3206 LXIX.

1863 3267 1960 3324 Sta
1984 3268 2037 3321 in
2064 3267 2143 3321 tui
2176 3266 2426 3321 custodia
2453 3274 2690 3320 mentem
2726 3274 2873 3320 tuam
2905 3281 3129 3321 servans
3156 3266 3210 3321 in
3236 3275 3368 3322 tem-

1792 3378 1925 3434 pore
1946 3361 2210 3417 orationis
2239 3376 2270 3415 a
2298 3357 2746 3430 cegitationibus,
2773 3373 2869 3412 seu
2899 3358 3231 3424 notionibus,
3256 3373 3368 3428 quo

1793 3455 1849 3510 in
1893 3453 2111 3524 propria
2156 3452 2336 3523 quiete
2385 3464 2744 3522 permaneas,
2780 3459 2871 3512 ut,
2912 3449 3006 3519 qui
3039 3450 3368 3519 compatitur

1793 3546 2194 3616 ignorantibus,
2222 3543 2446 3598 ventitet
2473 3542 2635 3596 etiam
2665 3541 2731 3595 ad
2760 3549 2828 3605 te,
2862 3549 3100 3611 tuncque
3129 3541 3370 3597 celeber-

1792 3643 1996 3696 rimum
2025 3637 2292 3694 orationis
2321 3635 2606 3706 prazmium
2642 3635 2978 3704 assequeris.

2352 3747 2582 3804 CAPUT
2635 3747 2798 3802 LXX.

703 2304 954 2357 ΚΕΦΑΛ.
987 2301 1116 2356 ΞΗ’.

170 2414 364 2468 Ὀταν
401 2413 476 2484 μὴ
507 2412 710 2483 δυνηθῇ
742 2413 839 2483 τὴν
867 2413 1088 2484 μνήμην
1111 2414 1330 2482 κινῆσαι
1353 2416 1411 2468 ὲν
1432 2417 1498 2485 τῇ
1531 2433 1698 2487 προσ-

80 2508 250 2576 ευχῇ
279 2508 308 2557 6
332 2503 590 2574 φθονερὸς
618 2503 845 2572 δαίμων,
876 2504 997 2556 τότε
1035 2503 1133 2575 τὴν
1174 2505 1371 2574 κρᾶσιν
1392 2503 1484 2557 τοῦ
1507 2505 1697 2576 σώμα-

79 2611 198 2660 τος
235 2594 553 2658 έκὸιάζεται
579 2595 659 2656 είς
689 2594 749 2647 τὸ
782 2593 1007 2664 ποιῆσαι
1035 2592 1195 2663 ξένην
1224 2594 1347 2648 τινὰ
1398 2596 1697 2662 φαντασίαν

79 2685 181 2758 τῷ
217 2686 322 2759 νῷ,
345 2687 438 2740 καὶ
462 2684 749 2756 μορφῶσαι
771 2686 952 2739 αὐτόν’
972 2688 999 2738 ὁ
1019 2686 1076 2738 δὲ
1099 2686 1238 2756 ἔχων
1262 2686 1381 2750 ἔθος
1410 2691 1468 2740 ὲν
1489 2688 1695 2757 νοήμασι

87 2797 224 2843 σιν,
263 2778 506 2849 εὐχερῶς
539 2778 876 2848 κάμπτεται,
903 2779 999 2831 καὶ
1039 2779 1176 2850 πρὸς
1209 2779 1389 2847 ἄῦλον,
1420 2780 1514 2834 καὶ
1551 2781 1696 2834 ἀνεί-

85 2872 235 2926 δεον
247 2871 452 2939 γνῶσιν
471 2871 822 2941 ἐπειγόμενος
839 2872 1140 2938 ἀπατᾶται,
1153 2870 1360 2926 καπνὸν
1381 2871 1502 2926 ἀντὶ
1521 2871 1697 2942 φωτὸς

85 2964 383 3034 κατέχων.

703 3164 951 3218 ΚΕΦΑΛ.
987 3161 1104 3219 ΞΘ’.

177 3280 350 3351 Στῆθι
391 3278 484 3332 ἐπὶ
522 3277 623 3349 τῆς
669 3276 916 3347 φυλακῆς
964 3293 1061 3329 σου
1104 3275 1388 3344 φυλάττων
1436 3274 1530 3329 τὸν
1566 3275 1693 3329 νοῦν

97 3392 211 3427 σου
245 3374 357 3428 ἀπὸ
380 3370 669 3444 νοημάτων
722 3370 868 3423 κατά
895 3368 990 3423 τὸν
1016 3367 1210 3438 καιρὸν
1233 3368 1336 3437 τῆς
1360 3367 1689 3440 προσευχῆς,

96 3465 308 3536 στῆναι
342 3465 434 3516 ἐπὶ
462 3465 527 3534 τῇ
557 3461 733 3538 οἰκεία
763 3460 988 3531 ἠρεμίᾳ,
1029 3461 1116 3513 ἵνα
1145 3462 1173 3514 6
1203 3459 1537 3530 συμπάσχων
1577 3461 1692 3524 τοῖς

95 3556 393 3626 ἀγνοοῦσι,
433 3556 528 3609 καὶ
566 3556 649 3607 σοὶ
677 3554 1025 3624 ὲπιφοιτήσῃ,
1059 3553 1153 3606 καὶ
1193 3553 1312 3607 τότε
1339 3550 1486 3625 λήψῃ
1523 3551 1692 3623 δῶρον

95 3651 423 3720 προσευχῆς
445 3646 834 3701 εὐκλεέστατον

705 3755 959 3811 ΚΕΦΑΛ.
1006 3757 1086 3809 0’.

181 3871 262 3927 Οὐ
311 3870 514 3943 δυνήσῃ
586 3868 994 3941 προσεύξασθαι
1069 3865 1350 3938 καθαρῶς,
1403 3865 1691 3938 πράγμασι

99 3961 566 4035 συμπλεκόμενος
589 3963 817 4026 ὑλικοῖς,
840 3963 935 4014 καὶ
960 3959 1204 4031 φροντίσι
1236 3959 1485 4030 συνεχέσι
1508 3957 1691 4012 δονού-

106 4073 298 4129 μενος·
340 4056 616 4128 προσευχὴ
645 4055 754 4125 γάρ
785 4056 934 4107 ἐστιν
957 4052 1216 4117 ἀπόθεσις
1240 4053 1550 4124 νοημάτων.

1792 3961 1964 4018 fueris
2000 3960 2297 4030 implicitus
2320 4003 2334 4026 ,
2373 3958 2713 4028 assiduisque
2743 3957 2892 4012 curis
2927 3955 3202 4025 agitatus;
3237 3969 3364 4010 ora-

1794 4055 1872 4111 tio
1927 4054 2124 4124 quippe
2195 4059 2279 4106 est
2334 4051 2606 4120 depositio
2664 4065 2760 4105 seu
2811 4048 3039 4119 abjectio
3077 4046 3364 4118 cogitatio-

1793 4162 1949 4203 num.

699 4235 951 4305 ΚΕΦΑᾹ.
981 4247 1105 4304 οΑν.

2352 4253 2581 4309 CAPUT
2618 4251 2804 4306 LXXI.

186 4343 266 4399 Οὐ
297 4343 520 4398 δύναται
559 4342 839 4413 δεδεμένος
881 4343 1130 4413 δραμεῖν,
1163 4339 1285 4396 οὐδὲ
1327 4339 1453 4402 νοῦς
1494 4338 1681 4394 πάθεσι

1865 4352 2156 4408 Devinctus
2189 4362 2532 4418 nequaquam
2568 4360 2789 4400 currere
2816 4351 3032 4414 potest,
3073 4356 3176 4396 nec
3209 4355 3366 4395 mens

105 4433 379 4489 δουλεύων
404 4434 711 4504 προσευχῆς
748 4432 1125 4502 πνευματικῆς
1153 4432 1320 4484 τόπον
1353 4430 1498 4484 ἰδεῖν*
1525 4428 1681 4483 ἓλκε-

1833 4443 2138 4501 assionibus
2175 4439 2481 4495 inserviens
2514 4435 2713 4490 valebit
2761 4433 3060 4504 spiritualis
3099 4432 3364 4487 orationis

105 4543 204 4580 ται
229 4525 359 4596 γὰρ,
389 4525 482 4577 καὶ
503 4524 861 4595 περιφέρεται
889 4526 954 4576 ὲκ
973 4522 1068 4576 τοῦ
1090 4521 1371 4594 ὲμπαθοῦς
1395 4524 1681 4594 νοήματος,

1833 4552 1969 4592 lcum
2002 4533 2220 4599 videre;
2248 4529 2538 4584 attrahitur
2582 4526 2810 4596 quippe,
2850 4533 2904 4580 et
2931 4522 3310 4579 circumfertur
3333 4537 3363 4575 a

107 4617 210 4672 καὶ
235 4616 333 4687 οὐχ
359 4616 575 4669 ἵσταται
605 4615 920 4685 ἀκλόνητος.

1833 4629 2119 4700 agitatione
2159 4624 2364 4696 percita
2390 4621 2737 4692 passionibus
2762 4660 2778 4681 ,
2824 4633 3002 4688 neque
3036 4623 3144 4672 stat
3182 4615 3366 4670 incon-

1788 4734 1972 4777 (211582.

698 4816 946 4869 ΚΕΦΑΛ.
977 4816 1097 4870 ΟΒ’.

193 4908 366 4964 Ἐπὰν
381 4908 639 4980 καθαρῶς
666 4907 873 4972 λοιπὸν,
902 4908 1158 4972 ἀπλανῶς
1185 4910 1277 4962 καὶ
1291 4908 1502 4979 ἀληθῶς
1530 4926 1690 4980 προσ-

113 5000 338 5074 εύχηται
367 5004 396 5055 6
419 5001 542 5063 νοῦς
571 5000 634 5054 τὸ
669 5000 992 5073 τηνικαῦτοί
1022 5002 1121 5055 οὐκ
1143 5001 1224 5055 ἔτι
1249 5005 1312 5056 ἐκ
1335 5002 1445 5056 τῶν
1469 5004 1689 5074 ἀριστε-

118 5096 226 5163 ρῶν
276 5094 604 5165 ὕπέρχονται
650 5095 698 5147 οῖ
736 5093 1012 5163 δαίμονες,
1052 5095 1170 5149 ἀλλ’
1227 5096 1290 5148 ἐκ
1332 5095 1442 5149 τῶν
1475 5095 1686 5161 δεξιῶνο

2333 4819 2565 4878 CAPUT
2601 4818 2812 4875 LXXII.

1859 4919 2030 4991 Igitur
2054 4917 2276 4988 quando
2299 4925 2458 4986 pure;
2493 4913 2780 4978 stabiliter,
2815 4926 2912 4967 seu
2947 4924 3056 4966 non
3088 4909 3362 4980 vagabun-

1789 5013 1876 5078 de,
1899 5025 2132 5079 vereque
2157 5023 2314 5064 mens
2341 5017 2500 5072 oret,
2526 5023 2635 5061 non
2662 5005 2899 5075 amplius
2928 5018 2960 5058 e
2988 5003 3230 5058 sinistris
3262 5000 3361 5054 ad-

1788 5113 2013 5161 ventant
2040 5103 2333 5167 daemones,
2365 5100 2458 5154 sed
2486 5114 2517 5152 a
2546 5097 2752 5153 dextris
2779 5114 2792 5150 :
2820 5103 3361 5166 suggeruntnamque

1861 3864 2006 3920 Pure
2032 3877 2190 3919 orare
2222 3877 2330 3917 non
2364 3862 2570 3932 poteris
2593 3901 2608 3925 ,
2650 3860 2696 3916 si
2728 3858 3100 3914 materialibus
3133 3857 3364 3928 negotiis
3460 3861 3465 3866 ’

116 5187 460 5240 ὑποτίθενται
486 5185 594 5256 γὰρ
619 5186 769 5257 αὐτῷ
802 5184 958 5252 δόξαν
987 5186 1141 5250 Θεοῦ,
1184 5187 1278 5240 καὶ
1309 5188 1689 5258 σχηματισμόν

119 5297 238 5332 τινα
264 5278 373 5332 τῶν
405 5281 471 5349 τῇ
505 5279 754 5350 αἰσθήσει
803 5278 994 5347 φίλων,
1028 5279 1103 5340 ὡς
1134 5279 1311 5332 δοκεῖν
1341 5279 1561 5343 τελείως
1598 5297 1688 5334 τε·-

117 5371 336 5442 τεῦχθαι
361 5372 523 5424 αὑτὸν
548 5371 640 5424 τοῦ
667 5370 799 5441 περὶ
821 5372 1126 5442 προσευχῆς
1153 5371 1380 5425 σκοποῦ.
1409 5372 1579 5425 Τοῦτο
1605 5372 1686 5439 δὲ,

119 5462 317 5533 ἔφρασε
349 5462 662 5532 θαυμαστὸς
692 5462 786 5514 καὶ
823 5460 1120 5529 γνωστικδς
1155 5461 1313 5531 ἀνὴρ,
1347 5460 1451 5514 ὑπὸ
1470 5461 1561 5516 τοῦ
1589 5463 1688 5533 τῆς

119 5551 417 5616 κενοδοξίας
467 5551 672 5615 πάθους
709 5551 979 5621 γίνεσθαι,
1023 5552 1117 5604 καὶ
1157 5551 1262 5605 ὑπὸ
1308 5551 1402 5605 τοῦ
1436 5551 1689 5622 δαίμονος

119 5641 209 5697 τοῦ
240 5642 572 5712 ἁπτομένου,
615 5642 709 5698 τοῦ
747 5643 888 5700 κατὰ
918 5643 1009 5698 τὸν
1042 5642 1340 5712 ἐγκέφαλον
1381 5643 1566 5714 τόπου,
1594 5645 1687 5701 καὶ

123 5735 278 5805 φλεψὶ
307 5734 618 5800 πάλλοντος.

1788 5197 1891 5268 ipsi
1929 5196 2024 5252 Dei
2062 5195 2324 5266 gloriam,
2353 5201 2408 5248 et
2431 5191 2724 5262 quamdam
2762 5189 3138 5260 ﬁgurationem
3171 5184 3358 5242 sensui

1789 5289 2103 5346 amabilium
2125 5326 2140 5351 ,
2184 5287 2259 5340 ita
2289 5294 2350 5340 ut
2379 5285 2627 5339 videatur
2667 5283 2782 5353 ipse
2825 5280 3062 5352 perfecte
3087 5280 3198 5349 jam
3233 5293 3359 5332 ora-

1787 5373 1955 5434 tionis
1987 5391 2212 5447 scopum
2251 5374 2526 5444 attigisse;
2584 5373 2689 5429 hoc
2735 5382 2915 5427 autem
2961 5370 3101 5424 dixit
3137 5368 3358 5440 quidam

1787 5469 2052 5527 mirabilis
2079 5479 2133 5524 et
2161 5469 2354 5523 doctus
2381 5467 2462 5520 vir
2494 5482 2523 5520 a
2554 5467 2804 5535 passione
2838 5478 2991 5518 vana:
3026 5461 3210 5532 gloriae
3237 5475 3361 5530 pro-

1789 5567 1977 5622 cedere
2001 5606 2017 5629 ,
2050 5571 2104 5618 et
2144 5577 2176 5616 a
2220 5561 2467 5618 daemone
2513 5569 2762 5631 tangente
2803 5555 3012 5614 cerebri
3045 5553 3220 5611 locum
3247 5591 3264 5620 ,
3304 5559 3361 5608 et

1787 5671 1954 5713 venas
1991 5662 2384 5714 commovente.
