3788 6224
426 248 563 315 L83
860 358 1049 434 495.
1074 355 1302 414 CAPUT
1340 312 1573 412 LXXIII.

499 471 765 526 Existimo
808 472 956 541 quod
994 470 1206 525 daemon
1231 509 1246 533 ,
1281 468 1370 523 ubi
1412 468 1624 531 locum,
1660 483 1821 537 quem
1864 466 2010 533 dixi,

425 560 688 630 tetigerit,
720 560 921 614 mentis
961 559 1139 612 lucem
1183 558 1463 622 obvertat,
1503 557 1727 626 perinde
1766 572 1829 612 ac
1861 557 2013 620 vult,

426 654 613 722 sicque
652 651 854 709 moveri
903 651 1213 720 passionem
1260 663 1414 702 vanae
1452 648 1674 717 gloriae,
1706 648 1836 702 Ilum
1873 647 2014 703 idem

427 743 626 797 format
660 751 893 796 mentem
923 742 979 795 in
1010 740 1391 810 cogitationem
1427 740 1617 794 leviter
1647 740 1972 794 sentientem
1994 780 2012 806 ,

429 822 502 888 ita
532 842 591 887 ut
626 832 856 888 formam
906 834 1104 887 habeat
1148 832 1346 886 divinae
1401 847 1466 886 ac
1512 831 1887 886 substantialis
1922 846 2019 884 co-

433 925 717 994 gnitionis.
754 925 855 979 IIic
888 924 1013 978 talis
1040 939 1168 979 vero
1203 926 1429 978 minime
1464 935 1692 978 vexatus
1720 937 1751 975 a
1781 921 2018 976 carnali-

429 1015 533 1069 bus
574 1023 736 1083 atque
776 1015 1004 1083 impuris
1054 1016 1429 1083 passionibus,
1485 1014 1576 1069 sed
1623 1027 1757 1083 pure
1802 1021 2015 1078 astans,

431 1106 677 1171 videtur,
720 1105 831 1160 sibi
878 1121 986 1159 IIon
1033 1107 1270 1176 amplius
1302 1106 1634 1162 contrariam
1678 1104 1918 1172 aliquam
1962 1103 2018 1157 in

434 1199 618 1267 seipso
662 1198 777 1251 ﬁeri
808 1200 1218 1267 onerationem;
1261 1200 1403 1254 unde
1438 1199 1752 1268 suspicatur
1777 1195 2018 1250 divinam

432 1304 555 1343 esse
591 1290 987 1358 apparitionem
1014 1332 1028 1355 ,
1077 1306 1199 1360 qua:
1236 1290 1379 1346 facta
1420 1299 1507 1345 est
1546 1289 1652 1359 ipsi
1707 1302 1739 1341 a
1772 1286 2022 1341 daemone

438 1382 742 1436 vehementi
771 1398 871 1438 uso
901 1382 1135 1450 vafritie,
1163 1393 1217 1439 et
1247 1400 1344 1453 per
1372 1384 1659 1439 cerebrum
1693 1382 1868 1435 lucem
1891 1393 2024 1433 con-

435 1475 683 1544 junctam
721 1476 1022 1543 alterante,
1062 1492 1127 1532 ac
1168 1477 1345 1547 ipsum
1369 1516 1383 1540 ,
1414 1483 1577 1547 prout
1604 1474 1872 1537 diximus,
1912 1469 2026 1524 Ior-

441 1571 641 1615 ntante.

966 1696 1195 1793 CA'PUT
1247 1696 1484 1755 LXXIV.

510 1817 605 1873 Dei
659 1822 886 1892 angelus
931 1832 1116 1877 astans
1176 1825 1295 1879 solo
1357 1824 1523 1880 verbo
1573 1834 1827 1880 cunctam
1891 1838 2026 1895 ope-

440 1911 708 1965 rationem
756 1915 1056 1982 Oppositam
1104 1931 1132 1968 a
1203 1916 1366 1971 nobis
1418 1932 1634 1972 cessare
1691 1916 1858 1983 facit,
1908 1932 2027 1971 mo-

440 2013 638 2075 vetque
670 2006 853 2061 lumen
898 2008 1096 2064 mentis
1127 2010 1192 2064 ad
1235 2012 1571 2080 operandum
1622 2011 1755 2066 sine-
1780 2010 1893 2066 ullo
1934 2025 2026 2065 er-

444 2110 589 2151 rore.

992 2234 1224 2291 CAPUT
1265 2234 1477 2293 LXXV.

515 2346 670 2413 Quod
729 2348 947 2405 dicatur
998 2349 1055 2403 in
1110 2349 1437 2423 Apocalypsi
1480 2348 1527 2384 ⁸¹
1575 2352 1823 2423 angelum
1881 2351 2026 2409 ferre

445 2442 781 2496 tlIuribulum
806 2444 1100 2499 sttﬂimenti
1123 2486 1138 2511 ,
1178 2454 1239 2500 ut
1283 2444 1438 2499 daret
1475 2447 1540 2500 ad
1584 2446 1864 2501 orationes
1895 2460 2024 2501 san-

444 2541 688 2600 ctorum,
747 2535 982 2589 arbitror
1022 2536 1169 2605 quod
1235 2537 1306 2593 sit
1343 2538 1456 2591 haec
1488 2537 1660 2606 gratia
1688 2579 1703 2601 ,
1752 2550 1873 2606 qua:
1928 2550 2025 2606 per

444 2624 695 2694 angelum
718 2624 947 2679 ellicitur
970 2644 984 2680 :
1011 2627 1148 2682 indit
1175 2627 1318 2681 enim
1349 2626 1716 2694 cognitionem
1740 2642 1881 2683 verte
1898 2640 2022 2681 ora.

445 2716 651 2781 tionis,
706 2715 781 2769 ita
832 2726 893 2771 ut
940 2733 1096 2771 mens
1146 2717 1404 2786 deinceps
1463 2725 1568 2773 stet
1608 2726 1761 2773 extra
1803 2732 2022 2775 omnem

444 2807 814 2878 agitationem,
844 2807 1115 2878 pigritiam
1156 2823 1221 2863 ac
1247 2809 1652 2880 negligentiam.

871 2919 1036 2992 495
1091 2918 1323 2976 CAPUT
1372 2921 1604 2977 LXXVI.

1933 246 1994 307 S.
2020 245 2187 308 NILI

1819 362 2083 421 ’,Δ

3584 240 3721 306 118$

2702 354 2954 410 ΚΕΦΑΛ.
2985 354 3104 408 ΟΡ.

2185 466 2357 540 Οἶμαι
2408 470 2500 523 τὸν
2548 468 2774 539 δαίμονα
2833 468 3212 539 ἐφαπτόμενον
3262 467 3360 521 τοῦ
3414 471 3723 542 εἰρημένω

2114 560 2283 615 τόπου
2309 560 2370 614 τὸ
2394 559 2522 630 περὶ
2546 560 2639 613 τὸν
2662 560 2787 614 νοῦν
2817 558 2935 627 φῶς
2958 558 3185 629 τρέπειν
3207 557 3406 623 καθὼς
3437 559 3721 630 βούλεται,

2115 654 2211 707 καὶ
2233 652 2376 706 οὕτω
2399 650 2665 705 κινεῖσθαι
2694 651 2756 704 τὸ
2776 650 2875 721 τῆς
2900 648 3205 714 κενεδοξῐας
3227 650 3439 717 πάθος,
3469 655 3565 716 εἰς
3592 655 3705 723 κατι

2118 744 2254 815 σμὸν
2301 742 2611 814 μορφοῦντα
2661 741 2755 796 τὸν
2807 739 2931 795 νοῦν
2975 739 3177 809 κοῦφον
3217 742 3544 812 γνωμόνως
3596 748 3722 816 πρξς

2114 836 2207 889 τὸν
2255 833 2606 904 ἀναπλασμὸν
2634 832 2734 904 τῆς
2778 830 2925 893 θείας
2959 831 3056 883 καὶ
3083 831 3385 896 ούσιὼδους
3433 834 3720 902 γνώσεως,

2120 925 2195 996 μὴ
2243 923 2567 995 ὁχλούμενος
2622 922 2679 976 δὲ
2723 923 2752 975 ὁ
2799 920 3040 984 τοιοῦτος
3091 921 3197 975 ὑπὸ
3252 923 3585 994 σαρκικῶν,
3638 931 3723 980 καὶ

2115 1014 2441 1087 ἀκαθάρτων
2472 1014 2679 1079 παθῶν,
2694 1012 2833 1066 ἀλλά
2855 1011 3109 1084 καθαρῶς
3122 1012 3289 1083 δῆθεν
3315 1018 3719 1087 παρεστηκὼς,

2116 1107 2266 1162 δοκεῖ
2310 1107 2511 1178 μηκέτι
2558 1104 2844 1175 ἐνέργειαν
2892 1122 3015 1158 τινα
3062 1105 3313 1159 ἐναντίαν
3356 1107 3626 1175 γίνεσθαι
3667 1112 3720 1161 ἐν

2119 1200 2316 1270 ἐαυτῷ,
2364 1200 2487 1254 ὅθεν
2530 1198 2827 1253 ὑποπτεύει
2873 1198 3022 1251 θεῖαν
3060 1193 3199 1252 εἶναι
3238 1200 3592 1269 ἐπιφάνειαν
3626 1204 3718 1270 τὴν

2119 1292 2419 1361 γενομένην
2461 1290 2610 1361 αύτῷ
2636 1289 2743 1343 ὑπὸ
2784 1288 2879 1343 τοῦ
2917 1289 3193 1361 δαίμονος,
3230 1290 3331 1344 καὶ
3369 1290 3719 1363 μορφοῦντος

2120 1382 2303 1447 αὐτὸν,
2344 1381 2526 1447 καθῶς
2555 1381 2895 1455 προέφαμεν.

2700 1709 2949 1764 ΚΕΦΑΛ.
2995 1710 3112 1764 οΔ’.

2206 1818 2267 1872 '0
2297 1817 2393 1873 τοῦ
2424 1818 2559 1873 Θεοῦ
2592 1819 2821 1889 ἄγγελος
2867 1818 3095 1883 ἐπιστὰς
3132 1819 3280 1891 λόγῳ
3311 1823 3470 1892 μόνῳ
3498 1817 3714 1878 ἅπασαν

2122 1906 2223 1980 τὴν
2248 1908 2631 1980 ἀντικειμένην
2670 1909 2954 1978 ἐνέργειαν
2989 1906 3155 1960 παύει
3184 1908 3244 1973 ἐξ
3285 1908 3484 1979 ἡμῶν,
3512 1908 3607 1961 καὶ
3632 1925 3713 1959 κι-

2122 2001 2207 2055 νεῖ
2227 2000 2289 2055 τὸ
2314 2001 2430 2071 φῶς
2456 2000 2551 2053 τοῦ
2574 1999 2664 2054 νοῦ
2690 1998 2949 2063 ἀπλανῶς
2976 2000 3240 2071 ἐνεργεῖν.

2698 2219 2949 2274 ΚΕΦΑΛ.
2987 2217 3114 2273 OE'.

2194 2335 2270 2390 Τὸ
2307 2334 2487 2404 λέγειν
2533 2334 2592 2388 ὲν
2624 2336 2690 2407 τῇ
2735 2331 3100 2403 Ἀποκαλύψει
3127 2330 3469 2404 κομίζεσθαι
3498 2332 3599 2386 τὸν
3624 2334 3711 2401 ἅγ-

2122 2428 2279 2500 γελον
2308 2428 2559 2499 θυμίαμα
2586 2427 2675 2482 ἵνα
2699 2426 2775 2498 δῷ
2804 2428 2883 2492 είς
2909 2427 3013 2491 τὰς
3041 2427 3356 2496 προσευχάς
3376 2427 3497 2481 τῶν
3526 2427 3709 2496 ἁγίων,

2123 2517 2278 2593 οῒμαι
2307 2522 2407 2590 τὴν
2435 2521 2597 2592 χάριν
2635 2516 2775 2576 εἶναι
2804 2522 3013 2592 ταύτην
3050 2520 3137 2574 διὰ
3168 2518 3264 2573 τοῦ
3292 2518 3542 2588 ἀγγέλου
3568 2521 3707 2589 ἐνερ-

2121 2613 2395 2684 γουμένην
2424 2629 2438 2644 ο
2466 2612 2665 2682 γνῶσιν
2694 2613 2802 2683 γάρ
2842 2613 3063 2685 ἐμποιεῖ
3088 2613 3187 2684 τῆς
3218 2611 3464 2685 ἀληθοῦς
3490 2630 3707 2684 προσευ-

2123 2708 2247 2777 χῆς,
2280 2704 2420 2758 ὥστε
2440 2704 2663 2758 ἑστάναι
2690 2704 2877 2759 λοιπὸν
2910 2704 3067 2769 ἐκτὸς
3096 2704 3300 2769 παντὸς
3330 2704 3555 2768 κλόνου,
3580 2707 3704 2774 ian,-

2121 2797 2241 2863 δίας
2263 2815 2344 2864 τε,
2372 2797 2467 2850 καὶ
2500 2798 2794 2869 ὀλιγωρίας
2811 2797 2905 2852 τὸν
2936 2797 3084 2852 νοῦν.

2698 2941 2951 2995 ΚΕΦΑΛ.
2982 2942 3117 3009 oq'.

416 3070 425 3081 .
518 3031 717 3088 PlIiaIIe
781 3034 1264 3091 odoramentorutn
1313 3036 1360 3068 ⁸¹
1433 3036 1691 3091 dicuntur
1749 3035 2021 3092 orationes

2193 3055 2262 3108 AI
2288 3054 2478 3124 φιάλαι
2507 3053 2619 3109 τῶν
2647 3054 3010 3126 θυμιαμάτων
3038 3056 3093 3108 αί
3116 3057 3431 3128 προσευχαὶ
3462 3053 3600 3111 εἶναι
3624 3057 3697 3109 li-

446 3141 570 3181 esse
607 3138 923 3183 sanctorum
954 3168 970 3194 ,
1022 3143 1159 3199 quas
1187 3128 1432 3186 seniores
1462 3128 1655 3200 viginti
1684 3137 1918 3200 quatuor
1944 3127 2030 3185 fe-

452 3226 599 3273 runt.

980 3352 1211 3411 CAPUT
1250 3352 1508 3409 LXXVII.

520 3464 952 3521 Existimamlum
985 3475 1164 3521 autem
1196 3474 1301 3530 est,
1331 3466 1565 3537 phialam
1619 3479 1857 3521 amorem
1909 3480 2033 3522 esse

448 3574 576 3628 erga
627 3558 793 3612 Deum
822 3601 837 3624 ,
905 3559 1018 3613 sive
1068 3557 1358 3627 perfectam
1393 3568 1448 3611 et
1488 3557 1818 3627 spiritualem
1851 3556 2032 3611 chari-

450 3660 649 3715 tatem,
697 3651 751 3704 in
791 3665 898 3720 qua
950 3648 1228 3719 perficitur
1269 3646 1445 3701 oratio
1476 3647 1530 3701 in
1566 3645 1772 3715 Spiritu
1813 3655 1868 3701 et
1890 3645 2033 3700 veri-

451 3753 502 3795 ta
510 3754 578 3797 te.

965 3872 1193 3931 CAPUT
1229 3870 1514 3928 LXXVIII.

522 3982 661 4038 Cum
704 3983 954 4053 opinatus
981 3982 1152 4041 fueris
1199 3996 1250 4040 te
1301 4000 1409 4039 non
1458 3999 1619 4055 egere
1675 3984 1928 4056 lacrymis
1977 3983 2035 4039 in

449 4072 701 4127 oratione
729 4082 821 4128 tua
846 4082 1066 4144 propter
1095 4083 1316 4143 peccata
1336 4114 1351 4137 ,
1394 4073 1602 4143 dispice
1633 4083 1896 4143 quantum
1935 4073 2035 4127 ab-

452 4163 624 4221 fueris
645 4182 674 4219 a
698 4165 825 4231 Deo,
852 4182 975 4221 cum
995 4168 1221 4222 deberes
1244 4166 1394 4221 omni
1418 4176 1662 4238 tempore
1700 4168 1757 4222 in
1797 4183 1866 4223 eo
1889 4182 2034 4236 esse,

450 4266 507 4311 et
539 4257 768 4312 calidius
801 4258 1213 4329 lacrymaberis.

981 4392 1212 4450 CAPUT
1259 4392 1497 4450 LXXIX.

527 4504 778 4562 Profecto
808 4522 1091 4563 mensuras
1125 4517 1246 4565 tuas
1278 4521 1616 4577 agnoscens,
1654 4505 1896 4562 suaviter
1941 4505 2026 4561 lu-

2128 3165 2315 3217 γονται
2334 3149 2441 3203 τῶν
2453 3148 2643 3218 ἀγίων,
2664 3147 2731 3211 ἀς
2743 3148 3082 3202 είκοσιτέσσα
3090 3164 3181 3218 ρες
3201 3148 3575 3220 πρεσϐύτεροι
3596 3149 3695 3201 ἐπι-

2130 3242 2410 3313 φέρονται.

2712 3373 2967 3429 ΚΕΦΑΛ.
2997 3375 3114 3428 ΟΖ’.

2200 3486 2402 3557 Φιάλην
2429 3485 2485 3541 δὲ
2514 3486 2857 3558 ὑποληπτέον
2893 3486 2995 3558 τὴν
3021 3488 3158 3560 πρὸς
3190 3486 3326 3543 Θεὸν
3366 3490 3568 3560 φιλίαν,
3593 3492 3690 3560 ἢτοι

2130 3578 2231 3649 τὴν
2274 3578 2486 3632 τελείαν
2511 3579 2607 3632 καὶ
2635 3578 3011 3650 πνευματικὴν
3037 3581 3283 3652 ἀγάπην,
3314 3582 3375 3634 ὲν
3414 3576 3450 3655 ᾖ
3480 3584 3513 3653 ἡ
3546 3596 3689 3652 προσ-

2132 3674 2266 3741 ευχὴ
2291 3671 2593 3742 ἐνεργεῖται
2622 3672 2681 3724 ὲν
2706 3670 2986 3742 Πνεύματι
3022 3672 3119 3726 καὶ
3149 3672 3405 3744 ἀληθείᾳ.

2710 3873 2963 3928 ΚΕΦΛΛ.
2994 3876 3102 3928 OH’

2206 3984 2375 4039 Ὅταν
2401 3983 2561 4056 δόξῃς
2590 3983 2667 4057 μὴ
2713 3984 2924 4040 δεῖσθαι
2955 3984 3210 4054 δακρύων
3232 3986 3293 4039 έν
3320 3987 3388 4057 τῇ
3432 3990 3686 4058 προσευχῇ

2135 4093 2230 4130 σου
2275 4074 2345 4130 δι’
2401 4076 2697 4148 ἁμαρτίας,
2725 4076 2921 4132 σκόπει
2983 4079 3163 4131 πόσον’
3194 4078 3514 4150 ἀφέστηκας
3550 4079 3687 4141 Θεοῦ,

2134 4169 2366 4239 ὀφείλων
2411 4166 2550 4225 εῖναι
2591 4171 2650 4225 ὲν
2680 4169 2830 4242 αὐτῷ
2872 4170 2961 4226 διὰ
2986 4170 3221 4236 παντὸς,
3259 4172 3357 4226 καὶ
3387 4172 3688 4243 θερμότερον

2134 4261 2448 4332 δακρύσεις.

2718 4393 2971 4449 ΚΕΦΔΛ.
3006 4393 3125 4450 ΟΘ’.

2199 4506 2306 4559 Ναὶ
2336 4506 2446 4575 μὴν
2470 4504 2851 4573 ἐπιγινώσκων
2878 4506 2947 4561 τά
2972 4506 3147 4576 μέτρα
3172 4523 3289 4571 σου,
3314 4506 3485 4577 ἡδέως
3506 4508 3680 4578 vra/Off

454 4598 642 4666 gebis,
698 4598 957 4652 miserum
995 4613 1477 4667 aerumnosumque
1518 4598 1750 4668 teipsum
1788 4598 2021 4654 vocitant

2166 4596 2566 4661 εις.ταλανίζων
2586 4597 2779 4650 ἑαυτὸν
2792 4598 2936 4651 κατά
2946 4598 3037 4653 τὸν
3051 4598 3385 4663 Ἡσαΐαν,ὡς
3409 4599 3680 4670 ἀκάθαρτος

458 4686 757 4742 secundum
795 4685 986 4742 Isaiam
1015 4687 1095 4752 ⁸³,
1126 4687 1409 4755 quodcum
1440 4687 1677 4755 pollutus
1700 4686 1811 4753 sis,
1841 4694 1896 4741 et
1916 4687 2033 4756 pol-

458 4778 571 4834 luta
599 4780 747 4834 labia
790 4779 1028 4847 habeas,
1083 4786 1140 4833 et
1197 4780 1252 4833 in
1296 4778 1476 4833 medio
1514 4777 1698 4848 papuli
1740 4779 1864 4833 talis
1892 4779 2037 4834 exsi-

458 4883 611 4941 stas,
673 4881 730 4929 tu
783 4887 817 4930 e
865 4872 1141 4929 contrario
1182 4859 1349 4927 audes
1406 4870 1638 4929 Domino
1694 4871 2031 4928 exercituum

457 4971 661 5019 astare.

1010 5091 1242 5151 CAPUT
1281 5092 1495 5148 LXXX.

535 5212 593 5268 Si
622 5227 750 5269 vere
781 5212 1025 5267 oraveris
1050 5254 1065 5278 ,
1098 5210 1473 5281 plenissimam
1504 5209 1808 5279 comperies
1838 5208 1997 5265 ﬁdem
2020 5249 2038 5275 ,

466 5319 563 5359 seu
606 5303 1091 5365 certillcationem,
1136 5312 1190 5356 et
1244 5302 1311 5356 ad
1362 5309 1413 5355 te
1454 5301 1628 5371 angeli
1672 5301 2031 5369 convenient,

2130 4689 2325 4754 ὣν,καὶ
2345 4688 2631 4760 ἀκάθαρτα
2651 4688 2801 4760 χείλη
2830 4688 2989 4759 έχων,
3012 4688 3106 4742 καὶ
3129 4690 3188 4741 ὲν
3210 4690 3362 4761 μέσῳ
3380 4690 3504 4745 λαοῦ
3529 4690 3675 4744 τοιούο

2127 4799 2221 4835 του
2284 4781 2565 4851 ὑπάρχων,
2617 4780 2931 4835 τούναντίον
2985 4781 3189 4852 τολμᾷς
3229 4782 3423 4853 Κυρίῳ
3480 4780 3672 4837 Σαὸαιὶιθ

2132 4875 2489 4946 παρεστάναι.

2734 5093 2992 5153 ΚΕΦΔΛ.
3027 5095 3111 5151 Π’.

2218 5208 2347 5264 Ἐὰν
2367 5207 2582 5281 ἀληθῶς
2606 5206 2907 5281 προσεύχῃ,
2931 5207 3132 5279 πολλὴν
3152 5207 3517 5280 πληροφορίαν
3528 5210 3665 5280 εὐρήο

2140 5320 2276 5372 σεις,
2303 5302 2401 5359 καὶ
2418 5302 2639 5373 ἄγγελοι
2686 5299 3099 5358 συνελεύσονταί
3133 5317 3215 5356 σοι
3242 5300 3339 5356 καὶ
3366 5302 3481 5366 τοὺς
3503 5301 3663 5371 λόγους

467 5404 522 5450 et
577 5394 814 5450 rationes
862 5409 1095 5459 eorum,
1138 5409 1260 5463 qua:
1313 5392 1477 5457 liunt,
1522 5391 1575 5446 in
1622 5392 1797 5448 lucem
1853 5391 2021 5463 profe-

2166 5395 2249 5453 τῶν
2275 5394 2576 5468 γινομένων
2602 5391 2885 5466 φωτιοῦσι.

471 5494 606 5542 rent.

544 5660 584 5693 "
626 5662 791 5731 Apoc.
828 5677 946 5728 vIIt,
975 5662 1030 5718 3.
1107 5662 1151 5695 ⁸¹
1189 5661 1355 5734 Apoc.
1394 5678 1447 5730 v,
1475 5662 1529 5718 8.
1605 5660 1651 5694 "
1682 5660 1886 5729 Isa.vt.
1911 5658 1966 5715 5.
