3788 6224
42 280 178 344 1ι85

637 393 890 449 ΚΕΦΑΛ.
928 396 1052 448 IIA'.

101 505 388 572 Γίνωσκε,
441 506 633 577 ὅτιπερ
675 508 725 559 οί
769 507 914 575 ἅγιοι
963 507 1185 576 ἄγγελοι
1240 509 1638 579 προτρέπονται

40 598 174 666 ἡμᾶς
216 597 304 661 εἰς
351 599 692 670 προσευχὴν,
727 602 821 652 καὶ
850 600 1332 670 συμπαρίστανται
1357 602 1489 671 ἡμῖν
1516 601 1640 670 χαί-

38 706 221 756 ροντες
259 691 415 759 ἄμα,
451 693 548 743 καὶ
575 692 1005 762 προσευχόμενοι
1047 693 1189 762 ὑπ’ςρ
1217 691 1392 761 ήμῶν’
1421 693 1519 745 ὲάν
1546 689 1640 746 οὖν

38 781 440 851 ἀμελήσωμεν,
464 785 559 836 καὶ
579 782 860 852 δεξώμεθα
883 783 1178 850 λογισμοὺς
1219 785 1496 847 ἐναντίους
1516 784 1638 839 λίαν

38 878 429 948 παροξύνομεν
463 880 887 950 αὐτοὺς,ὄτιπερ
915 880 1055 950 ὑπὲρ
1085 879 1241 949 ήμῶν
1279 879 1637 947 ἀγωνίζονται

38 969 317 1033 τοσοῦτον,
355 973 519 1040 ἡμεῖς
558 971 615 1024 δὲ
647 971 766 1024 οὐδὲ
801 971 940 1040 ὑπὲρ
967 971 1176 1022 ἑαυτῶν
1201 971 1499 1040 βουλόμεθα
1523 975 1638 1024 ἰκε-

36 1060 226 1113 τεῦσαι
274 1063 379 1113 τὸν
415 1062 548 1114 Θεόν
575 1078 588 1090 ⁸
640 1062 776 1115 ἀλλά
820 1062 1289 1131 καταφρονοῦντες
1323 1063 1419 1131 τῆς
1458 1062 1637 1116 αὐτῶν

36 1150 416 1223 λειτουργίας,
455 1156 548 1208 καὶ
575 1155 667 1208 τὸν
702 1155 907 1208 τούτων
942 1156 1096 1215 Θεὸν,
1127 1155 1222 1208 καὶ
1243 1154 1518 1224 Δεσπότην
1540 1171 1637 1206 κα-

36 1241 490 1310 ταλιμπάνοντες
572 1245 825 1314 δαίμοσιν
897 1242 1233 1315 ἀκαθάρτοις
1303 1243 1634 1312 ἐντυγχάνο-

36 1343 153 1394 μεν.

635 1442 885 1496 ΚΕΦΛΛ.
916 1443 1042 1498 IIB'.

96 1549 428 1620 Προσεύχου
458 1552 735 1616 ἐπιεικῶς,
766 1555 859 1607 καὶ
887 1555 1193 1626 ἀταράχως,
1213 1554 1305 1608 καὶ
1327 1553 1494 1623 sane
1513 1572 1636 1608 συν-

34 1642 165 1705 ετῶς
199 1644 306 1695 καὶ
357 1643 666 1714 εὐρύθμως,
699 1647 795 1699 καὶ
849 1646 948 1717 ἔσῃ
987 1647 1062 1710 ὡς
1108 1647 1326 1710 νεοσσὸς
1359 1646 1519 1700 ἀετοῦ
1573 1649 1634 1700 ἑν

33 1733 152 1800 illst
182 1736 508 1805 αἰρόμενος.

627 1853 877 1907 ΚΕΦΑΛ.
910 1854 1032 1908 III".

108 1959 173 2014 Ἡ
223 1963 338 2031 μὲν
378 1961 664 2034 ψαλμῳδία
700 1965 768 2018 τά
820 1966 967 2036 πάθη
1016 1967 1355 2032 κατευνάζει,
1388 1970 1484 2022 καὶ
1523 1966 1623 2039 τὴν

33 2052 310 2120 ἀκρασίαν
349 2055 442 2108 τοῦ
473 2055 724 2126 σώματος
767 2059 995 2128 ἠρεμεῖν
1033 2061 1427 2131 ἀπεργάζεται.
1473 2059 1536 2114 'II
1565 2061 1622 2115 δὲ

33 2151 324 2219 προσευχὴ
353 2151 596 2221 ἐνεργεῖν
637 2152 1047 2222 παρασκευάζει
1076 2153 1166 2206 τὸν
1196 2154 1320 2207 νοῦν
1349 2154 1449 2226 τὴν
1486 2154 1622 2208 ίδίαν

33 2238 356 2307 ἐνέργειαν.

603 2355 875 2426 ιΚΕΦΑΛ.
924 2359 1046 2413 mr.

102 2468 398 2539 Προσευχη
465 2469 582 2522 ἐστὶ
654 2470 937 2542 πρέπουσα
1001 2474 1251 2546 ἐνέργεια
1285 2518 1300 2541 ,
1362 2481 1428 2550 τῇ
1494 2478 1624 2553 ἀξίᾳ

33 2558 121 2611 τοῦ
159 2560 261 2614 νοῦ
288 2562 410 2633 ἦτοι
437 2564 720 2636 κρείττων,
755 2569 848 2620 καὶ
873 2567 1170 2642 εἰλικρινὴς
1193 2573 1372 2642 κρίσις
1397 2574 1583 2629 αὑτοῦ.

621 2768 874 2824 ΚΕΦΑΛ.
917 2771 1043 2826 ΠΕ’.

117 2881 179 2934 Ἦ
207 2881 315 2951 μὲν
334 2881 622 2954 ψαλμῳδία
642 2882 808 2946 τύπος
829 2885 926 2954 τῆς
955 2887 1204 2957 ποικίλης
1235 2889 1427 2958 σοφίας
1448 2893 1616 2959 ἐστὶν,

35 2970 68 3038 ὴ
107 2969 163 3022 δὲ
205 2973 516 3044 προσευχὴ,
554 2974 840 3052 προοίμιόν
869 2976 985 3029 ἐστι
1026 2977 1128 3047 τῆς
1157 2979 1345 3046 ἀΰλου,
1381 2982 1477 3036 καὶ
1507 2999 1628 3037 ποι-⁸

39 3078 65 3110 κ
76 3060 191 3129 ίλης
219 3062 498 3132 γνώσεως.

603 3177 849 3232 ΚΕΦΑΛ.
905 3180 1046 3248 [ις’.

113 3286 179 3340 'H
209 3289 438 3356 γνῶσις,
474 3289 732 3363 καλλίστη
763 3294 1019 3366 ὑπάρχει,
1051 3297 1312 3368 συνεργὸς
1355 3300 1462 3372 γάρ
1497 3297 1615 3354 ἐστι

38 3377 132 3447 τῆς
161 3382 501 3452 προσευχῆς,
535 3384 635 3452 τὴν
668 3385 860 3455 γοερὰν
895 3386 1124 3458 δύναμιν
1150 3388 1245 3444 τοῦ
1282 3391 1374 3446 νοῦ
1403 3392 1614 3448 διυπνί-

42 3470 202 3532 ζουσα
234 3474 375 3545 πρὸς
410 3475 644 3547 θεωρίαν
665 3478 762 3549 τῆς
785 3479 934 3543 θείας
964 3479 1240 3548 γνώσεως.

632 3681 880 3733 ΚΕΦΑΛ.
914 3681 1034 3735 IIZ'.

108 3784 168 3839 Εί
199 3785 419 3842 οὐδέπω
460 3788 650 3852 ἔλαϐες
695 3791 940 3862 χάρισμα
983 3793 1313 3865 προσευχῆς,
1357 3794 1392 3865 ἥ
1433 3795 1612 3867 ψαλμ-

42 3877 221 3945 ῳδίας,
260 3880 603 3954 ὲφέδρευσον,
638 3883 734 3935 καὶ
760 3883 928 3954 λήψῃ.

613 4015 866 4068 ΚΕΦΑΛ.
897 4014 1032 4068 ΠΗ’.

107 4129 306 4196 Ἔλεγε
337 4128 396 4182 δὲ
425 4128 615 4191 αὐτοῖς
643 4129 738 4183 καὶ
768 4128 1084 4200 παραϐολὴν
1110 4130 1246 4200 πρὸς
1268 4129 1328 4183 τὸ
1351 4129 1463 4183 δεῖν
1508 4130 1608 4183 αὐ-

40 4219 157 4284 τοὺς
182 4220 420 4273 πάντοτε
457 4218 875 4289 προσεύχεσθαι,
911 4221 1006 4272 καὶ
1037 4219 1114 4290 μὴ
1157 4221 1412 4274 ἑκκακεῖν
1435 4236 1450 4252 ο
1481 4223 1610 4275 οὑκ-

39 4307 128 4364 οῦν
185 4311 265 4384 μὴ
320 4311 545 4365 ὲκκάκει
585 4310 742 4374 τέως,
787 4310 921 4381 μηδὲ
952 4309 1151 4380 ἀθύμει
1185 4310 1261 4373 ὡς
1294 4310 1368 4380 μὴ
1405 4310 1605 4365 λαϐών⁶

39 4401 176 4475 λήψῃ
217 4404 328 4476 γὰρ
359 4404 587 4475 ὕστερον
614 4420 628 4432 ·
682 4403 776 4455 καὶ
807 4404 1050 4473 ἐπήγαγε
1079 4404 1146 4472 τῇ
1178 4403 1482 4474 παραϐολῇ,
1515 4403 1604 4457 τό⁶

43 4510 59 4542 t
92 4494 149 4546 El
181 4495 291 4564 γὰρ
333 4496 427 4546 καί
457 4493 590 4546 Θεὸν
624 4494 688 4546 οὐ
723 4492 1016 4563 φοϐοῦμαι,
1049 4493 1142 4546 καὶ
1187 4493 1474 4563 ἄνθρωπον
1507 4494 1608 4549 οὐκ

39 4585 388 4658 ἔπρέπομαι,
411 4585 548 4641 ἀλλά
573 4603 638 4654 γε
669 4585 757 4640 διὰ
783 4585 844 4638 τὸ
873 4585 1074 4647 κόπους
1108 4587 1368 4655 παρέχειν
1402 4603 1491 4656 μοι
1512 4587 1610 4656 τὴν

40 4679 289 4743 γυναῖκα,
331 4677 546 4747 ποιήσω
575 4676 674 4748 τὴν
704 4675 984 4746 ἐκδίκησιν
1009 4676 1209 4747 αὐτῆς·
1245 4695 1264 4728 ι
1314 4675 1488 4740 οὕτως
1517 4674 1609 4731 οὖν

38 4769 125 4820 καὶ
160 4769 190 4820 ό
222 4767 353 4833 Θεὸς
389 4770 606 4841 ποιήσει
639 4767 736 4840 τὴν
761 4768 1038 4838 ἐκδίκησιν
1054 4767 1162 4820 τῶν
1197 4766 1441 4837 βοώντων
1473 4769 1610 4839 πρὸς

41 4861 199 4913 αὑτὸν
247 4861 441 4924 νυκτὸς
484 4861 580 4915 καὶ
628 4861 843 4932 ἡμέρας
892 4861 951 4912 ὲν
993 4859 1439 4931 τάχει.Εὒθύμει
1495 4877 1609 4914 τοι-

41 4951 240 5023 γαροῦν
299 4951 727 5024 προσκαρτερῶν
783 4951 1037 5022 ὲμπόνως
1097 4945 1176 5022 τῇ
1237 4949 1369 5022 ἁγίᾳ
1434 4967 1607 5021 προσ-

43 5047 193 5115 ευχῇ.

607 5175 859 5231 ΚΕΦΑΛ.
883 5171 1012 5228 ΠΘ’.

104 5289 195 5359 Μὴ
229 5288 460 5360 θελήσῃς
484 5290 560 5354 ὦς
588 5307 671 5346 σοι
698 5291 865 5351 δοκεῖ,
902 5289 1017 5344 ἀλλ’
1053 5290 1128 5353 ὡς
1153 5287 1272 5358 Θεῷ
1291 5287 1514 5359 ἀρέσκει
1536 5287 1604 5342 τά

45 5381 174 5436 κατά
202 5381 258 5434 σε
288 5383 564 5452 γενέσθαι,
598 5385 694 5438 καὶ⁵
723 5385 824 5457 ἔσῃ
847 5384 1145 5455 ἀτάραχος,
1169 5383 1262 5436 καὶ
1287 5380 1607 5452 εὐχάριστος

47 5474 96 5525 ὲν
123 5478 389 5546 προσευχῇ
418 5493 537 5533 σου.

113 5701 155 5729 ³⁸
191 5699 316 5755 Luc.
348 5717 504 5768 xvut,
527 5699 647 5754 2-6.

1404 283 1502 342 DE
1539 282 1945 343 ORATIONE.

2170 393 2347 469 ωε
2382 397 2610 454 CAPUT
2644 397 2881 454 LXXXI.
3179 287 3318 356 “85

1809 508 2004 572 Nosce,
2035 509 2178 580 quod
2203 512 2379 565 sancti
2404 512 2580 582 angeli
2616 527 2714 567 nos
2748 514 2987 568 excitant
3015 514 3081 568 ad
3111 516 3319 569 oratio-

1738 613 1894 664 nem,
1931 610 1986 653 et
2029 615 2135 654 una
2167 602 2449 656 nobiscum
2488 613 2706 668 astant,
2746 606 3042 674 gaudentes
3076 607 3322 661 simulet

1738 703 1958 745 orantes
1997 708 2096 762 pro
2134 694 2331 758 nobis;
2371 696 2414 747 si
2449 695 2613 764 igitur
2643 696 3070 765 neglexerimus,
3097 706 3150 750 et
3190 713 3319 750 con-

1738 784 1933 839 trarias
1959 787 2360 855 susceperimus
2386 788 2773 857 cogitationes,
2802 789 2955 842 valde
2983 789 3320 842 irritabimus

1739 874 1922 943 ipsos,
1957 877 2098 944 quod
2143 877 2180 930 ii
2222 891 2322 946 pro
2353 879 2512 932 nobis
2551 887 2831 948 tantopere
2865 881 3172 944 decerteut,
3220 895 3322 932 nos

1737 982 1866 1020 vero
1899 982 1999 1021 nec
2027 983 2124 1036 pro
2164 970 2321 1024 nobis
2364 969 2498 1039 ipsis
2544 972 2794 1025 volumus
2823 973 3132 1040 supplicare
3174 971 3315 1035 Deo,

1738 1057 1834 1110 sed
1872 1072 2062 1110 eorum
2089 1068 2502 1113 contemnentes
2530 1060 2894 1113 ministerium
2919 1105 2931 1124 ,
2962 1062 3316 1130 ipsorumque

1736 1145 1902 1199 Deum
1946 1161 2008 1200 ac
2067 1146 2356 1200 Dominum
2397 1148 2838 1219 derelinquentes
2863 1191 2878 1215 ,
2925 1150 3151 1217 impuris
3189 1164 3314 1202 cum

1733 1239 2074 1294 daemonibus
2111 1255 2518 1296 conversamur.

2253 1435 2483 1491 CAPUT
2523 1436 2784 1491 LXXXII.

1801 1546 1984 1618 Equo
2026 1549 2278 1619 bonoque
2335 1552 2546 1618 animo,
2578 1563 2632 1606 et
2664 1553 2870 1622 absque
2903 1551 3310 1622 perturbatione

1732 1655 1848 1706 ora,
1881 1650 1934 1693 et
1968 1644 2261 1709 prudenter
2283 1653 2446 1712 atque
2478 1645 2744 1698 concinne
2778 1646 2963 1715 psalle,
2991 1646 3206 1714 erisque
3231 1644 3306 1698 uti

1657 1738 1705 1798 Β
1731 1731 1910 1800 pullus
1954 1732 2150 1800 aquila:
2183 1731 2238 1785 in
2273 1732 2440 1785 altum
2478 1733 2742 1788 elevatus.

2247 1845 2474 1900 CAPUT
2509 1845 2794 1903 LXXXIII.

1797 1953 2138 2008 Psalmorum
2171 1965 2364 2009 cantus
2406 1956 2687 2024 passiones
2723 1955 2907 2022 sedat,
2936 1965 2989 2011 et
3021 1959 3308 2028 consopit,

1727 2048 2081 2118 corporisque
2108 2048 2579 2117 intemperantiam
2617 2050 2900 2119 quiescere
2927 2048 3074 2105 facit.
3119 2049 3309 2105 Oratio

1727 2150 1906 2194 autem
1946 2134 2180 2194 mentem
2213 2150 2500 2210 praeparat,
2533 2152 2594 2194 ut
2631 2143 3005 2211 operationem
3032 2143 3307 2213 propriam

1725 2242 1994 2288 exerceat.

2235 2347 2464 2403 CAPUT
2506 2348 2791 2404 LXXXIV.

1798 2463 1986 2520 Oratio
2025 2474 2110 2520 est
2170 2466 2414 2534 operatio
2439 2508 2454 2532 ,
2481 2481 2604 2536 qua:
2628 2466 2785 2522 decet
2811 2465 3126 2537 dignitatem
3155 2482 3308 2522 men-

1739 2557 1852 2624 tis,
1905 2572 2001 2612 seu
2052 2565 2138 2613 est
2181 2557 2445 2626 judicium
2504 2558 2676 2627 ipsius
2729 2558 2968 2624 melius,
3021 2568 3076 2614 et
3127 2560 3303 2614 since-

1725 2666 1870 2706 rum.

2243 2764 2472 2823 CAPUT
2515 2764 2775 2820 LXXXV.

1793 2877 2135 2934 Psalmorum
2176 2888 2369 2934 cantus
2407 2888 2492 2934 est
2543 2879 2722 2948 imago
2753 2879 3041 2950 variegatae
3080 2880 3298 2951 sapien-

1723 2975 1846 3041 tiae;
1881 2975 2058 3028 oratio
2099 2972 2261 3045 497
2315 2989 2480 3038 vero,
2539 2972 2868 3044 prooemium
2930 2983 3014 3028 est
3049 2974 3300 3030 immate-

1643 3097 1688 3156 α
1724 3059 1874 3114 rialis
1913 3069 1965 3114 et
1993 3059 2153 3113 variae
2179 3059 2524 3128 cognitionis.

2235 3172 2461 3228 CAPUT
2492 3171 2777 3227 LXXXVI.

1787 3275 2062 3360 Cognitio‘
2094 3287 2462 3357 pulcherrima
2497 3293 2602 3348 est,
2637 3285 2836 3354 quippe
2866 3299 2988 3354 quae
3027 3283 3296 3338 orationis

1718 3389 1802 3435 est
1848 3380 2213 3451 coeperatrix,
2250 3379 2360 3432 vim
2421 3378 2618 3433 mentis
2668 3376 3065 3448 intelligibilem
3097 3392 3293 3445 exper-

1720 3470 1854 3541 gisci
1916 3469 2124 3525 faciens
2191 3469 2260 3523 ad
2336 3468 2540 3523 notitia:
2611 3465 2808 3521 divina:
2881 3467 3294 3535 contemplatio-

1719 3577 1842 3616 nem
1852 3600 1868 3616 ο

2217 3669 2447 3727 CAPUT
2474 3669 2785 3727 LXXXVII.

1789 3786 1848 3842 Si
1874 3787 2104 3843 necdum
2131 3786 2388 3856 accepisti
2418 3788 2650 3857 gratiam
2689 3787 2978 3854 orationis,
3006 3794 3102 3841 aut
3144 3786 3294 3857 psal-

1718 3880 1932 3947 modiae,
1965 3880 2157 3935 insiste
2192 3879 2440 3945 sedulus,
2477 3888 2532 3934 et
2571 3879 2832 3947 accipies.

2199 4009 2430 4067 CAPUT
2467 4007 2802 4064 LXXXVIII.

1787 4124 2012 4180 Dicebat
2043 4135 2222 4179 autem
2251 4125 2386 4194 ipsis
2413 4133 2467 4180 et
2507 4124 2845 4194 parabolam,
2874 4123 3020 4194 quod
3044 4130 3294 4193 oporteat

1716 4217 1864 4286 ipsos
1892 4233 2106 4286 semper
2129 4232 2307 4282 orare,
2336 4232 2510 4286 neque
2539 4217 2771 4272 deiicere
2806 4237 2818 4272 :
2851 4235 2960 4276 non
2995 4221 3158 4292 igitur
3192 4223 3291 4277 de-

1715 4311 1865 4364 Iicias
1887 4309 2170 4374 hactenus,
2203 4324 2376 4379 neque
2408 4309 2748 4377 despondeas
2777 4312 2984 4375 animo,
3017 4312 3144 4382 quia
3180 4330 3287 4368 non

1715 4401 2028 4470 acceperis;
2085 4400 2318 4469 accipies
2386 4401 2584 4454 etenim
2648 4411 2834 4470 postea
2892 4423 2905 4458 :
2957 4411 3012 4457 et
3063 4403 3296 4472 subjecit

1716 4494 1912 4548 deinde
1941 4493 2212 4562 parabolae
2239 4493 2368 4548 illud
2407 4494 2655 4547 dictum:
2693 4513 2712 4546 ι
2755 4493 2811 4547 Si
2847 4510 3082 4564 namque
3119 4494 3290 4548 Deum

1715 4585 1940 4639 minime
1971 4585 2157 4650 timeo,
2186 4593 2241 4639 et
2281 4585 2557 4640 hominem
2600 4601 2708 4639 non
2751 4601 3036 4652 revereor;
3110 4597 3289 4640 tamen

1714 4687 1997 4748 propterea
2025 4677 2170 4748 quod
2212 4677 2407 4731 mulier
2437 4678 2570 4731 mihi
2618 4678 2818 4748 praebet
2850 4679 3150 4742 molestias,
3205 4680 3291 4747 ip-

1713 4773 1828 4827 sius
1865 4771 2124 4826 ultionem
2149 4769 2343 4824 faciam
2371 4770 2450 4835 ";
2497 4789 2516 4821 ι
2551 4769 2631 4823 sic
2657 4785 2786 4839 ergo
2814 4779 2868 4824 et
2924 4770 3068 4824 Deus
3126 4769 3292 4824 faciet

1712 4862 2004 4916 vindictam
2055 4860 2409 4916 clamantium
2462 4858 2530 4913 ad
2593 4860 2771 4928 ipsum
2840 4869 3003 4913 noctu
3065 4859 3286 4927 diuque.

1711 4950 1842 5006 Esto
1868 4951 2053 5020 itaque
2085 4951 2230 5005 bono
2260 4949 2444 5005 animo
2497 4965 2851 5020 perseverans
2909 4949 3176 5005 laboriose
3233 4951 3289 5006 iu

1712 5051 1898 5098 sancta
1937 5041 2201 5097 oratione.

2215 5175 2446 5251 CAPUT
2475 5175 2775 5232 LXXXIX.

1780 5291 1876 5354 Ne.
1901 5303 1959 5346 ut
1987 5292 2082 5346 tibi
2114 5290 2347 5354 videtur,
2381 5291 2516 5346 velis
2533 5291 2672 5354 ﬁeri,
2694 5305 2814 5360 qua:
2841 5289 2907 5345 ad
2938 5299 2988 5343 te
3019 5298 3286 5359 spectant,

1710 5387 1803 5441 sed
1843 5398 1902 5440 ut
1940 5384 2048 5440 Deo
2079 5385 2274 5454 placet,
2306 5363 2523 5448 erisque
2558 5382 3003 5455 imperturbatus,
3057 5390 3112 5436 et
3161 5397 3285 5452 gra-

1712 5475 1813 5530 tias
1836 5488 2002 5545 agens
2032 5473 2084 5528 in
2119 5484 2208 5528 tua
2235 5472 2499 5528 oratione.
