3788 6224
477 294 615 364 1137
1975 283 2037 341 s.
2078 282 2250 343 ‘NILI
3611 278 3736 344 uss

967 398 1133 472 493
1162 393 1390 452 CAPUT
1451 393 1567 448 xc.

2773 382 3024 439 KEMA.
3054 386 3128 450 ιιι.

544 519 695 573 Licet
727 528 853 569 cum
896 512 1006 567 Deo
1036 510 1270 564 videaris
1299 523 1441 572 esse,
1480 520 1614 560 cave
1645 519 1675 559 a
1707 504 1934 558 luxuriae
1955 501 2061 556 da:-

2232 499 2354 554 Κᾶν
2381 500 2517 571 μετά
2538 498 2677 551 Θεοῦ
2698 498 2859 568 δοκῇς
2892 494 3051 559 εἶναι,
3073 495 3341 564 φυλάττου
3360 495 3468 564 τῆς
3487 502 3735 567 πορνείις

476 627 637 666 mone
661 626 675 674 ;
714 606 868 661 valde
896 618 1135 673 namque
1158 601 1317 656 fallax
1344 611 1449 661 est,
1472 608 1527 651 et
1555 597 1791 651 maxime
1821 594 2059 658 invidus,

2190 593 2412 663 αίμονα.
2445 592 2580 645 Δίαν
2620 591 2730 658 γάρ
2784 590 2932 641 ἐστιν
2975 586 3253 649 ἀπατεὼν,
3277 588 3370 639 καὶ
3400 587 3736 659 φθονερὼτι-

475 715 530 757 et
560 701 711 755 ocior
735 712 857 753 esse
897 696 1014 749 vult
1047 694 1285 747 motione
1312 707 1376 744 ac
1407 688 1683 758 vigilantia
1710 685 1910 740 mentis
1935 693 2061 746 tuae,

2190 703 2254 750 τος
2283 726 2299 749 ,
2357 686 2452 737 καὶ
2508 684 2757 754 βούλεται
2821 682 3077 752 ὀξύτερος
3121 676 3263 735 εἷναι
3322 682 3428 750 τῆς
3479 683 3735 751 κινήσεως

479 794 553 846 ita
585 800 645 844 ut
695 804 816 843 eam
848 787 1046 841 avellat
1073 800 1103 839 a
1131 784 1263 849 Deo,
1297 781 1386 836 cui
1412 779 1704 837 assistebat
1742 794 1867 833 cum
1901 777 2064 832 devo-

2190 777 2260 830 ιαὶ
2315 775 2528 845 νήψεως
2573 773 2665 826 τοῦ
2727 772 2847 836 νοός
2911 788 3026 831 σου,
3087 771 3183 824 καὶ
3240 771 3349 824 ἀπὸ
3413 770 3559 823 Θεοῦ
3621 774 3735 824 ἀτο-

479 884 625 937 tiune
655 898 719 936 ac
748 881 962 935 timore.

2190 867 2309 937 τπᾷν
2342 864 2504 917 αὐτὸν
2537 864 2867 933 παρεστῶτα
2922 859 3073 930 αὐτῷ
3127 859 3247 929 μετ’
3288 858 3611 924 εὐλαϐείας,
3656 864 3737 913 καί

2167 959 2356 1029 φόϐου.

1064 1091 1293 1151 CAPUT
1326 1093 1466 1148 XCI.

2480 1058 2483 1063 '
2756 1067 3003 1121 ΚΕΦΑΛ.
3038 1067 3155 1132 ιιΑν.

552 1214 608 1269 Si
638 1212 732 1269 tibi
760 1190 890 1268 cura
912 1221 995 1267 est
1009 1208 1290 1273 orationis.
1312 1221 1554 1278 praepara
1574 1218 1625 1261 te
1637 1204 1703 1259 ad
1722 1203 1946 1259 hostiles
1962 1201 2064 1257 dae-

2247 1187 2376 1242 Ἑάν
2406 1189 2715 1257 προσευχῆς
2739 1182 2995 1253 ἐπιμελῇ,
3021 1179 3313 1250 ἐτοιμάζου
3355 1178 3503 1248 πρὸς
3536 1180 3735 1243 ἐπαγω-

480 1319 703 1359 monum
733 1301 1067 1363 invasiones,
1101 1308 1154 1353 et
1175 1306 1491 1352 constanter
1513 1296 1735 1349 verbera
1770 1309 1890 1364 quae
1922 1292 2067 1346 inﬂi-

2190 1281 2269 1343 ’ἀς
2302 1279 2591 1350 δαιμόνων,
2626 1279 2719 1333 καὶ
2742 1274 3025 1347 καρτερῶς
3056 1273 3155 1335 τάς
3185 1272 3317 1339 παρ’
3342 1270 3533 1323 αὐτῶν
3566 1272 3733 1339 μάστι.

482 1404 635 1467 gunt,
656 1394 865 1450 sustine
888 1409 903 1458 ;
924 1407 1044 1446 nam
1080 1400 1337 1459 tanquam
1364 1387 1572 1442 feroces
1609 1386 1795 1442 bestia:
1828 1385 2067 1439 insilient

2190 1389 2268 1435 νας
2307 1371 2566 1441 ὑπόμενεο
2587 1369 2663 1435 ὠς
2689 1369 2799 1439 γὰρ
2822 1367 2987 1437 θῆρες
3016 1364 3198 1435 ἄγριοι
3224 1360 3619 1415 ὲπελεύσονταί
3644 1378 3732 1423 σοι,

483 1457 539 1541 in
573 1457 646 1549 te,
680 1494 942 1553 tuumque
975 1495 1174 1551 corpus
1195 1457 1373 1533 totum
1406 1478 1679 1532 vexabunt
1702 1485 1757 1532 et
1786 1474 2040 1546 aﬂligent.

2190 1466 2261 1519 ιαὶ
2288 1466 2397 1519 πᾶν
2421 1480 2516 1517 σου
2548 1459 2862 1517 κακώσουσι
2884 1457 2947 1511 τὸ
2977 1457 3153 1526 σῶμα.

1056 1591 1283 1648 CAPUT
1314 1590 1473 1647 XCII.

2763 1571 3014 1626 ΚΕΦΑΛ.
3043 1568 3155 1638 ιιθν.

562 1710 794 1766 Paratus
834 1710 933 1781 sis,
974 1709 1052 1762 uti
1077 1708 1285 1777 peritus
1309 1714 1570 1767 certator,
1613 1712 1692 1764 nt,
1720 1702 1975 1773 quamvis
1998 1717 2065 1755 ex

2236 1688 2664 1763 Παρασκευάζου
2684 1689 2758 1751 ὡς
2780 1686 3039 1757 ἔμπειρος
3060 1681 3389 1751 ἀγωνιστὴς,
3412 1680 3519 1732 κᾶν
3544 1678 3731 1747 ἀθρόως

2190 1784 2217 1796 ι..
2537 1782 2548 1796 .
2727 1779 2739 1796 ι
2801 1778 2881 1796 λέ
2932 1775 3094 1796 -._n
3158 1773 3259 1796 --ιη
3294 1770 3576 1796 ι-.-..-ι-..
3609 1774 3731 1796 νηι

487 1804 773 1873 inopinato
802 1778 1004 1855 videris
1040 1809 1340 1868 spectrum,
1394 1813 1503 1851 non
1538 1793 1893 1857 cuncutiaris,
1919 1801 1973 1847 et
1997 1792 2067 1845 li—

2190 1784 2285 1854 δῃς
2318 1782 2642 1851 φαντασίαν,
2681 1779 2756 1850 μὴ
2796 1775 3122 1841 κλονεῖσθαι,
3157 1773 3259 1827 κάν
3288 1770 3576 1842 ῥομφαίαν
3609 1774 3732 1821 κατὰ

486 1860 910 1963 cet'dispexeris
941 1860 1180 1961 gladium
1212 1860 1515 1944 districtum
1556 1887 1843 1941 adversum
1880 1894 1952 1950 te,
1976 1892 2072 1937 aut

2190 1873 2265 1927 τοῦ
2304 1872 2680 1943 ὲσπασμένην,
2724 1870 2757 1940 ἢ
2809 1867 3067 1939 λαμπάδα
3115 1864 3460 1933 κατέχουσάν
3515 1878 3610 1913 σου
3650 1860 3731 1929 τὴν

485 1986 815 2056 lampadem,
849 2000 971 2054 qua!
1002 1992 1156 2038 tuum
1215 1979 1642 2050 comprehendat
1697 1979 1899 2044 visum,
1957 1992 2067 2031 non

2190 1966 2290 2035 klnv
2321 1965 2395 2035 μὴ
2428 1961 2811 2035 ταράττεσθαι,
2867 1959 2972 2013 κᾶν
3031 1956 3244 2028 μορφήν
3281 1971 3406 2006 τινα
3446 1951 3612 2021 ἀηδῆ,
3652 1950 3733 2002 καὶ

485 2042 745 2140 turberis,
774 2086 829 2131 et
858 2042 1109 2146 quamvis
1167 2075 1402 2145 speciem
1458 2073 1698 2143 aliquam
1746 2042 2065 2134 deformem,

2190 2054 2472 2125 ιίματώδη,
2534 2052 2780 2123 μηδόλως
2832 2047 3197 2103 καταπίπτειν
3261 2061 3357 2097 σου
3408 2043 3512 2114 τὴν
3551 2042 3731 2110 ψυχὴν,

486 2181 543 2227 et
612 2179 897 2226 cruentam
963 2166 1312 2237 spectaveris,
1373 2166 1524 2220 nullo
1590 2164 1752 2219 modo
1815 2164 2070 2217 concidas

2190 2148 2307 2200 ιλλά
2347 2146 2503 2215 στῆθι
2542 2142 2820 2214 ὁμολογῶν
2847 2142 2944 2212 τὴν
2969 2139 3142 2210 καλήν
3178 2155 3274 2191 σου
3305 2136 3625 2207 ὁμολογίαν,
3656 2134 3734 2185 καὶ

487 2266 693 2329 anima,
734 2277 922 2317 verum
955 2271 1036 2315 sta
1065 2268 1214 2314 tuam
1246 2259 1555 2313 conﬁtendo
1592 2256 1908 2327 praeclaram
1936 2269 2070 2309 cou-

2190 2242 2302 2313 Εᾷον
2329 2239 2504 2311 ὲπόψῃ
2534 2239 2630 2290 ἐπὶ
2659 2238 2785 2300 τοὺς
2810 2233 3036 2305 ἐχθρούς
3061 2250 3175 2286 σου.

488 2356 804 2417 fessionem.
834 2363 889 2409 et
917 2353 1130 2409 facilius
1157 2363 1279 2407 tuos
1308 2350 1563 2421 inspicies
1581 2349 1849 2404 inimicos.

1043 2464 1273 2521 CAPUT
1326 2464 1509 2519 XCIII.

2776 2436 3027 2490 ΚΕΦΛΛ.
3057 2433 3171 2500 ιιι-ν.

2254 2552 2315 2603 '0
2348 2550 2415 2603 τά
2440 2549 2658 2620 λυπηρά
2692 2549 3002 2619 ὑποφέρων,
3022 2547 3118 2600 καὶ
3137 2545 3247 2598 τῶν
3277 2544 3603 2616 περιχαρῶν
3628 2544 3731 2595 rei.

2174 2642 2345 2708 ξεται,
2382 2643 2475 2697 καὶ
2496 2645 2524 2695 ό
2546 2645 2602 2695 ὲν
2628 2646 2739 2706 τοῖς
2766 2641 2960 2711 ἀηδέσι
2987 2641 3293 2712 καρτερῶν,
3315 2638 3430 2693 τῶν
3460 2641 3626 2709 ἡδέων
3648 2640 3732 2691 οὐκ

2172 2736 2487 2805 ὰμοιρήσει.

560 2583 667 2652 Qui
701 2585 928 2638 molesta
960 2582 1173 2647 suffert,
1229 2588 1553 2651 assequetur
1582 2580 1747 2634 etiam
1779 2593 1899 2650 quae
1927 2592 2068 2648 gau-

491 2665 641 2732 dium
670 2677 911 2747 pariunt,
950 2684 1005 2729 et
1036 2675 1129 2745 qui
1158 2682 1417 2729 constans
1445 2672 1641 2726 tulerat
1669 2670 1939 2736 insuavia,
1961 2683 2071 2724 non

493 2771 702 2825 carebit
730 2769 1013 2824 suavibus.

958 2880 1125 2954 499
1153 2875 1386 2935 CAPUT
1424 2874 1605 2932 χειν.

2770 2845 3021 2899 ΚΕΦΑΛ.
3053 2846 3165 2909 ιιΑν.

2248 2940 2388 3010 Ὅρα
2421 2939 2495 3009 μή
2533 2954 2591 2990 σε
2619 2936 2940 3006 άπατὴσωσι
2980 2936 3068 2989 διά
3105 2952 3250 2998 τινος
3282 2935 3555 2999 ὀπτασίας
3582 2937 3626 2988 oi
3651 2953 3726 2987 πο-

2174 3030 2331 3101 νηρώ⁴
2376 3028 2658 3098 δαίμονες’
2688 3024 2824 3080 άλλά
2856 3026 3010 3092 γίνου
3053 3024 3275 3087 σύννους
3305 3026 3640 3095 τρεπόμενος
3664 3028 3724 3086 εἰς

2174 3121 2360 3192 εὐχὴν,
2404 3122 2499 3173 καὶ
2536 3118 2843 3189 παρακάλει
2875 3117 2965 3169 τὸν
3004 3116 3157 3179 θεὸν,
3195 3118 3303 3182 ἴνα,
3332 3120 3382 3170 εί
3424 3119 3525 3188 μὲν
3566 3121 3620 3185 ἐξ
3646 3122 3721 3172 αὑ-

2174 3214 2267 3267 τοῦ
2298 3215 2414 3266 ἐστι
2441 3212 2502 3264 τὸ
2529 3210 2731 3281 νόημα,
2763 3208 2922 3271 αὐτός
2949 3225 3008 3261 σε
3056 3208 3288 3279 φωτίσῃ,
3321 3212 3369 3262 εί
3392 3210 3453 3262 δὲ
3491 3212 3647 3283 μήγε,
3679 3214 3721 3261 τὸ

2175 3308 2339 3376 τάχος
2376 3305 2466 3358 τὸν
2503 3302 2702 3356 πλάνον
2738 3302 2985 3371 ἀπελάσῃ
3013 3300 3121 3354 ἀπὸ
3152 3301 3269 3364 σοῦ,
3295 3303 3393 3354 καὶ
3432 3302 3639 3373 θάρσει,
3667 3305 3720 3365 ὡς

2177 3400 2239 3452 ού
2288 3398 2575 3466 στήσονται
2617 3395 2667 3446 οἱ
2711 3392 2891 3457 κύνες,
2930 3392 3026 3446 σοῦ
3066 3393 3330 3463 ὲμπύρως
3358 3396 3429 3464 τῇ
3463 3396 3593 3465 πρὸς
3618 3396 3719 3447 Bais

2178 3486 2415 3553 ἐντεύξει
2480 3483 2817 3555 κεχρημένου
2851 3499 2866 3514 ·
2894 3482 3097 3547 εὐθέως
3157 3483 3265 3555 γάρ
3332 3485 3598 3553 ἀοράτως,
3650 3488 3719 3537 καὶ

2178 3578 2399 3649 ἀφανῶς
2424 3575 2559 3630 Θεοῦ
2581 3576 2809 3647 δυνάμει
2841 3574 3248 3647 μαστιζόμενοι,
3283 3576 3506 3646 μακράν
3529 3578 3718 3646 ﬂag-67".

2184 3688 2389 3727 σονται.

566 2996 711 3052 Cave
741 3009 809 3049 ne
840 3002 894 3050 te
920 2993 1196 3062 decipiant
1228 3007 1320 3062 per
1364 2990 1605 3061 aliquam
1634 2990 1901 3045 visionem
1956 3004 2076 3043 ma-

497 3088 630 3160 ligni
662 3089 967 3152 daemones;
1020 3099 1204 3138 verum
1238 3093 1358 3137 esto
1385 3083 1645 3153 prudens,
1673 3091 1726 3137 te
1754 3090 2074 3137 convertens
2100 3086 2145 3148 ο

499 3180 566 3234 ad
598 3180 920 3241 orationem,
1004 3174 1290 3245 Deumque
1332 3190 1573 3244 precare,
1634 3184 1694 3228 ut
1738 3174 1786 3228 si
1825 3190 1890 3229 ex
1959 3173 2076 3243 ipso

499 3270 720 3340 quidem
751 3276 836 3321 est
862 3266 1181 3338 cogitatum,
1233 3264 1349 3334 ipse
1382 3274 1434 3318 te
1484 3264 1774 3330 illuminet,
1803 3272 1860 3317 at
1890 3263 1934 3317 si
1968 3278 2076 3316 non

499 3368 585 3414 est
648 3358 895 3413 celeriter
925 3372 956 3410 a
987 3364 1042 3411 te
1104 3357 1447 3425 deceptorem
1475 3356 1727 3425 depellat,
1761 3365 1815 3409 et
1842 3356 2075 3419 confide,

501 3450 651 3522 quod
686 3464 795 3503 non
846 3448 1073 3503 stabunt
1097 3462 1283 3512 canes,
1331 3456 1383 3502 te
1431 3447 1652 3503 ardente
1708 3463 1831 3501 cum
1894 3447 2078 3503 animo

504 3542 615 3595 Deo
640 3540 982 3608 colloquente
1012 3557 1026 3593 :
1068 3538 1353 3594 confestim
1384 3552 1577 3607 nempe
1605 3535 1967 3601 invisibiliter,
1992 3544 2078 3590 at-

503 3646 610 3700 que
644 3629 855 3684 occulte
878 3627 975 3683 Dei
1023 3628 1266 3699 potentia
1296 3626 1567 3698 ﬂagellati,
1635 3627 1826 3698 procul
1891 3627 2079 3696 expek

506 3721 704 3775 Icltl'll‘.

1075 3825 1305 3883 CAPUT
1339 3826 1502 3883 XCV.

2772 3827 3024 3879 ΚΕΦΑΛ.
3047 3824 3163 3892 L,E'.

574 3939 793 3996 Justum
843 3947 928 3995 est
963 3940 1108 4010 quod
1157 3955 1331 4009 neque
1386 3940 1653 3995 fallaciam
1714 3940 1874 3996 istam
1924 3940 2072 4010 igno-

2252 3943 2469 3997 Δίκαιόν
2504 3944 2620 3994 ἐστι
2651 3940 2784 4010 μηδὲ
2812 3940 2899 3993 τὸν
2920 3940 3070 3993 δόλον
3105 3938 3298 3992 τοῦτόν
3325 3957 3386 3993 σε
3412 3942 3637 4011 ἀγνοεῖν,
3659 3949 3723 3997 ὅτι

507 4047 636 4100 res;
665 4032 923 4086 nimirum
976 4029 1120 4101 quod
1172 4030 1240 4085 ad
1276 4042 1487 4101 tempus
1538 4046 1660 4093 sese
1691 4031 1941 4087 dividunt
1972 4032 2072 4086 dae-

2190 4038 2242 4090 ὲν
2272 4033 2449 4106 καιρῷ
2478 4031 2790 4104 μερίζονται
2817 4029 3044 4093 ἑαυτοὺς
3083 4030 3133 4082 oi
3160 4028 3436 4099 δαίμονες,
3464 4036 3554 4086 καὶ
3580 4038 3624 4087 ει
3654 4037 3722 4087 δέ-

507 4138 721 4185 mones,
756 4122 911 4192 sique
963 4122 1227 4177 auxilium
1270 4123 1622 4193 quaerendum
1656 4123 1959 4187 censueris,
1990 4122 2072 4175 in-

2190 4129 2279 4199 ξης
2307 4127 2559 4198 βοήθειαν
2580 4123 2878 4193 ἐπιζητεῖν,
2906 4121 3139 4174 εἰσίασιν
3161 4123 3211 4174 οἱ
3237 4120 3419 4176 λοιποὶ
3450 4127 3506 4178 ὲν
3539 4130 3721 4197 σχῆμα.

514 4222 660 4268 trant
687 4212 878 4282 reliqui
912 4211 1171 4281 angelicis
1224 4212 1280 4266 in
1326 4211 1538 4279 formis,
1598 4213 1913 4283 expellendo
1967 4213 2072 4282 pri-

2190 4234 2271 4270 σιν
2310 4215 2623 4283 ἀγγελικοῖς
2658 4215 2786 4276 τοὺς
2816 4211 3070 4281 πρώτους
3096 4209 3493 4277 ἐξελαύνοντες,
3532 4218 3653 4284 πρὸς
3676 4218 3720 4267 τὸ

517 4318 661 4367 mos,
701 4318 812 4374 quo
865 4314 921 4357 tu
976 4304 1265 4373 decipiaris
1306 4303 1377 4358 ab
1427 4304 1580 4375 ipsis,
1607 4303 1901 4375 iudicando
1938 4303 2072 4375 quod

2190 4325 2246 4361 σε
2296 4304 2670 4371 ἐξαπατᾶσθαι
2725 4302 2818 4356 ὑπ’
2850 4302 3052 4368 αὐτῶν,
3100 4305 3165 4374 τῇ
3216 4303 3434 4375 γνώμῃ,
3476 4308 3552 4370 ὼς
3591 4308 3717 4377 δῆθεν

512 4395 765 4451 videlicet
788 4393 965 4449 forent
1003 4396 1179 4466 angeli
1210 4396 1402 4451 sancti.

2190 4399 2362 4469 ἁγίων
2386 4399 2555 4451 ὄντων
2580 4395 2847 4465 ἀγγέλων.

1059 4506 1291 4562 CAPUT
1340 4506 1521 4562 XCVI.

2764 4510 3015 4564 KE<b.\A.
3042 4513 3168 4578 ις’·

582 4617 765 4675 Multae
809 4618 1099 4673 humilitati
1154 4633 1217 4673 ac
1261 4617 1609 4687 generositati
1664 4619 1840 4684 stude,
1893 4625 1950 4673 et
1997 4617 2072 4673 in-

2259 4621 2775 4695 Ταπεινοφροσύνης
2819 4620 3019 4692 πολλῆς
3060 4620 3412 4693 ὲπιμέλησαι,
3440 4623 3531 4674 καὶ
3566 4624 3620 4675 οὐ
3659 4626 3709 4689 μή

515 4712 692 4765 sultns
720 4710 1032 4765 daemonum
1067 4709 1305 4763 animant
1337 4720 1485 4764 tuam
1520 4726 1628 4765 non
1651 4710 1950 4780 continget,
1993 4725 2072 4764 ne-

2194 4735 2288 4771 σου
2340 4715 2611 4785 δαιμόνων
2661 4715 2897 4783 ἑπήρεια
2937 4712 3248 4782 καθάψηται
3295 4713 3395 4782 τῆς
3433 4714 3617 4783 ψυχῆς,
3644 4714 3712 4764 καὶ

516 4817 627 4873 que
688 4801 956 4871 flagellum
1035 4801 1488 4871 apprOpinquahit
1563 4801 1911 4856 tabernaculo
1977 4810 2070 4854 tuo

2197 4808 2393 4881 μάστιξ
2426 4808 2527 4860 οὐκ
2549 4808 2723 4874 ὲγγιεϊ
2754 4806 2831 4875 τῷ
2856 4806 3171 4876 σκηνώματι
3202 4822 3318 4869 σου,
3344 4807 3424 4859 ὅτι
3454 4810 3558 4869 τοῖς
3582 4808 3710 4873 ἀγγέ-

516 4892 642 4964 quia
673 4891 879 4962 angelis
906 4892 1023 4946 suis
1057 4892 1335 4945 mandavit
1351 4892 1417 4946 de
1434 4901 1508 4960 te,
1530 4901 1589 4947 ut
1610 4892 1921 4947 custodiant
1945 4900 1995 4945 te
2014 4891 2072 4956 ⁸⁸,

2193 4901 2306 4963 λοις
2336 4898 2503 4953 αὐτοῦ
2552 4899 2845 4951 ἐντελεῖται
2894 4899 3026 4969 περὶ
3058 4898 3151 4950 σοῦ
3191 4898 3286 4950 τοῦ
3325 4898 3707 4967 διαφυλάξαι

515 4994 572 5040 et
618 4983 960 5038 invisibiliter
984 4984 1206 5054 abigant
1234 4998 1267 5038 a
1304 4992 1357 5038 te
1385 4999 1602 5039 omnem
1629 4984 1931 5055 oppositam
1954 4998 2072 5053 ope-

2194 4997 2287 5049 καὶ
2310 4992 2532 5061 ἀφανῶς
2562 4991 2778 5044 ἆπασαν
2815 4990 2916 5061 τὴν
2947 4991 3334 5061 ἀντικειμένην
3361 4991 3618 5059 ἐνέργειαν
3641 4992 3709 5041 ἑκ-

517 5075 808 5130 τειίοιιθωο
2194 5085 2476 5150 διώξουσιν
2503 5082 2608 5136 ἀπὸ
2640 5082 2754 5135 σοῦ.

1048 5185 1278 5245 CAPUT
1338 5188 1548 5245 XCVII.

2794 5194 3045 5247 ΚΕΦΑΛ.
3082 5196 3196 5261 ιΖν.

588 5306 694 5373 Qui
722 5305 957 5362 orationi
983 5304 1077 5361 dat
1103 5320 1329 5377 operam
1350 5305 1552 5367 audiet
1582 5307 1799 5377 quidem
1829 5308 2072 5377 strepitu:

2262 5310 2486 5378 Ψόφους
2519 5307 2617 5378 μὲν
2648 5305 2740 5359 καὶ
2767 5305 3007 5369 κτύπους
3035 5307 3128 5359 καὶ
3152 5306 3336 5375 φωνάς
3360 5306 3445 5358 καὶ
3469 5307 3711 5375 αἰκισμός

521 5407 576 5453 et
613 5398 876 5469 fragores,
908 5409 963 5453 et
989 5414 1175 5467 voces,
1204 5410 1368 5470 atque
1401 5399 1564 5470 500
1592 5400 1876 5455 verberum
1910 5401 2072 5470 pulsa-

2194 5403 2260 5454 ἐκ
2308 5399 2578 5469 δαιμόνων
2626 5396 2918 5448 ἀκούσεται
2978 5396 3007 5446 ὁ
3051 5394 3298 5465 καθαρᾶς
3339 5394 3710 5464 imitandam;

524 5492 720 5554 tiones,
751 5491 847 5544 sed
899 5507 1007 5545 non
1048 5492 1319 5557 concidet,
1352 5507 1526 5564 neque
1572 5493 1765 5563 prodet
1797 5493 2061 5548 ratiocina

2194 5490 2521 5565 προσευχῆς,
2556 5488 2693 5542 άλλά
2724 5488 2785 5540 ού
2815 5490 3193 5557 συμπετείται,
3225 5488 3343 5540 οὐδὲ
3378 5486 3617 5561 προδώσει
3639 5488 3708 5537 τήν

596 5669 643 5701 ⁸⁸
676 5668 823 5725 Psal.
855 5685 943 5733 xc,
977 5669 1067 5734 lt),
1104 5669 1188 5723 ll.
