3788 6224
85 262 211 327 I189

1430 254 1526 315 DE
1554 253 1960 314 ORATIGNE.

3183 249 3319 313 1190

83 369 326 441 λογισμὸν
376 366 549 435 λέγων
601 364 737 435 πρὸς
792 363 885 417 τὸν
936 361 1089 415 Θεόν·
1137 360 1213 413 Ού
1264 360 1647 431 φοϐηθήσομαι

1795 375 1978 421 onem,
2035 359 2220 415 dicens
2243 359 2309 413 ad
2340 359 2546 416 Deum:
2582 361 2706 415 Non
2727 362 2927 416 timebo
2973 360 3135 426 mala,
3181 376 3313 430 quo-

82 462 235 527 κακὲ,
264 461 350 514 ὅτι
376 459 442 513 σὺ
471 457 591 530 μετ’
624 455 759 526 ἐμοῦ
790 451 859 517 εἷ,
892 455 987 507 καὶ
1008 453 1077 506 τὰ
1105 454 1288 522 ὅμοια.

666 568 923 621 ΚΕΦΑΛ.
955 566 1080 632 ur.

154 684 238 735 Ἐν
266 680 445 752 καιρῷ
472 679 583 733 τῶν
606 678 866 733 τοιούτων
904 674 1258 749 πειρασμῶν,
1292 673 1528 747 βραχείᾳ
1552 676 1649 730 καὶ

81 774 436 845 ὶπιτεταμένῃ
466 775 747 844 προσευχῇ
781 771 1049 842 κέχρησο.

272 892 275 897 λ
674 882 929 937 ΚΕΦΑΑ.
957 880 1052 947 ne

158 1001 276 1055 Ἐὰν
310 997 657 1071 ἀπειλήσωσί
695 1012 778 1049 σοι
822 996 871 1047 οἱ
902 994 1177 1064 δαίμονες,
1213 992 1424 1064 ἀθρόως
1461 992 1525 1045 ὲκ
1556 990 1649 1044 τοῦ

81 1098 231 1169 ἀέρος
256 1091 677 1169 προφαίνεσθαι,
708 1090 807 1144 καὶ
831 1087 1157 1159 ἐκπλήττειν
1188 1103 1269 1151 σε,
1294 1085 1386 1139 καὶ
1415 1084 1650 1154 διαρπάσ-

82 1192 186 1254 ζειν
215 1190 311 1243 τὸν
333 1187 463 1243 νοῦν
494 1202 611 1249 σου,
641 1184 675 1254 ἢ
698 1183 772 1246 ὡς
794 1181 959 1254 θῆρες
978 1181 1183 1234 ἀδικεῖν
1202 1179 1298 1250 τὴν
1326 1178 1503 1247 σάρκα
1532 1193 1649 1238 σου,

86 1282 154 1349 μὴ
200 1278 450 1348 πτοηθῇς
482 1273 702 1337 αὐτοὺς,
738 1270 873 1342 μηδὲ
902 1269 1040 1332 ὅλως
1070 1267 1363 1340 φροντίσῃς
1396 1267 1494 1333 τῆς
1526 1263 1652 1317 τού-

82 1388 181 1424 των
204 1369 465 1440 ἁπειλῆςο
487 1362 782 1435 ἑκφοὸοὖσι
811 1362 918 1434 γάρ
949 1378 1009 1415 σε
1035 1358 1410 1432 πειράζοντες,
1439 1357 1488 1410 εί
1517 1357 1652 1418 ὅλως

85 1463 366 1534 προσέχεις
421 1460 630 1524 αὐτοῖς,
691 1457 741 1510 εί
798 1454 1007 1509 τέλειον
1072 1451 1253 1506 αὐτῶν
1310 1448 1653 1519 κατεφρόνη-

84 1572 192 1620 σας,
221 1557 269 1608 εί
291 1552 416 1625 Θεῷ
445 1548 867 1622 παντοκράτορι,
902 1544 999 1599 καὶ
1035 1540 1372 1613 δημιουργῷ,
1398 1540 1491 1593 καί
1516 1554 1651 1608 προ-

92 1649 236 1718 δοητῇ
269 1645 370 1700 τοῦ
409 1642 611 1707 παντὸς
639 1638 980 1712 παρίστασαι
1005 1637 1063 1688 ὲν
1084 1637 1150 1705 τῇ
1174 1633 1475 1702 προσευχῇ.

690 1853 944 1908 ΚΕΦΑΛ.
972 1850 1053 1905 Ρ’.

145 1967 209 2020 Τί
231 1966 411 2030 οὕτως
438 1964 649 2034 αλὸγως
672 1962 824 2035 αύτῷ
852 1962 1224 2034 παρέστηκας,
1255 1961 1330 2025 ὡς
1353 1961 1650 2031 παρελθόνο

85 2075 146 2111 τα
193 2059 285 2112 τὸν
342 2056 754 2129 ἀνυπέρϐλητον
800 2053 965 2108 αὐτοῦ
1004 2053 1189 2123 φόὸον,
1224 2054 1320 2107 καὶ
1360 2053 1649 2117 κώνωπας,

85 2150 172 2202 καὶ
203 2151 514 2221 κανθάρους
547 2146 909 2210 δεδίττεσθαις
941 2145 974 2217 ἢ
1010 2146 1111 2199 οὐκ
1147 2145 1387 2217 ἤκουσας
1431 2144 1526 2198 τοῦ
1562 2143 1653 2197 λέ-

98 2258 301 2308 γοντος·
317 2263 335 2294 ι
363 2242 572 2313 Κύριον
587 2240 680 2295 τὺν
705 2240 841 2293 Θεόν
856 2255 951 2292 σου
979 2237 1286 2311 φοϐηθήσῃ;
1313 2256 1332 2288 ι
1356 2237 1451 2292 καὶ
1467 2236 1650 2291 πάλιψ

92 2352 108 2383 ι
140 2335 232 2386 Ὃν
266 2334 484 2406 φρίττει
517 2332 614 2388 καὶ
666 2330 863 2403 τρέμει
902 2330 1081 2384 πάντα
1104 2328 1213 2385 ἀπὸ
1238 2327 1530 2400 προσώπου
1553 2327 1654 2397 τῆς

85 2424 359 2496 δυνάμεως
383 2425 584 2492 animo;
622 2442 642 2477 ι
674 2424 858 2478 καὶτὰ
885 2422 1034 2493 ἑξῆς.

655 2537 911 2593 ΚΕΦΔΛ.
946 2538 1071 2592 PA'.

154 2648 363 2720 Ὥσπερ
390 2649 419 2701 ὁ
442 2648 608 2721 ἄρτος
634 2649 808 2720 τροφή
836 2650 952 2702 ἐστι
997 2647 1077 2720 τῷ
1102 2646 1337 2718 σώματι,
1363 2646 1459 2700 καὶ
1483 2644 1653 2717 ἀρετὴ

86 2741 146 2810 τῇ
184 2741 354 2812 ψυχῇ,
395 2739 539 2795 οὔτω
567 2741 662 2794 καὶ
696 2739 790 2794 τοῦ
821 2739 915 2795 νοῦ
942 2741 977 2810 ἡ
1002 2738 1348 2809 πνευματικὴ
1376 2737 1653 2810 προσευχὴ

88 2834 251 2905 τροφὴ
286 2834 545 2905 ὑπάρχει.
1615 2834 1620 2838 ’

666 2939 920 2994 ΚΕΦΔΛ.
960 2938 1084 2994 PB'.

151 3057 239 3128 Μὴ
266 3053 634 3127 φαρισαῖκῶς,
666 3052 804 3108 ἀλλὰ
831 3050 1140 3153 τεέωνικὶύς
1164 3051 1467 3153 πρρσεύχου
1497 3050 1654 3153 eam?
1680 3093 1723 3153 ο

91 3145 212 3216 ἱερῷ
240 3147 393 3218 τόπῳ
415 3145 517 3211 τῆς
540 3144 869 3215 προσευχῆς,
899 3142 986 3195 ἵνα
1015 3142 1112 3195 καὶ⁵
1137 3143 1201 3195 σὺ
1230 3140 1525 3212 δικαιωθῇς
1550 3140 1654 3194 ὑπὸ

92 3240 308 3313 Κυρίου.

676 3352 931 3406 ΚΕΦΑΛ.
970 3350 1092 3405 ΡΓ¹.

167 3444 461 3514 ’Ᾱγωνίζου
496 3444 572 3515 μὴ
603 3441 966 3507 κατεύξασθαι
1001 3457 1147 3504 τινος
1192 3440 1249 3495 ἐν
1277 3442 1342 3511 τῇ
1377 3442 1653 3513 προσευχῇ

95 3551 200 3597 σου.
234 3538 324 3590 ἵνα
347 3535 421 3607 μὴ
448 3535 484 3589 ἃ.
506 3534 807 3598 οἱκοδοαείς
833 3531 1144 3604 καταλύσῃς
1165 3531 1460 3603 βδελυκτὴν
1485 3532 1659 3587 ποιῶν

93 3625 181 3695 τὴν
210 3626 525 3697 προσευχήν
561 3641 676 3678 σου.

683 3738 938 3792 ΚΕΦΑΛ.
964 3735 1083 3792 ΡΔ’.

165 3830 223 3884 '0
251 3831 655 3904 χρεωφειλέτης
680 3832 789 3885 τῶν
815 3830 1026 3903 μυρίων
1051 3829 1329 3883 ταλάντων
1354 3829 1658 3885 παιδευέτω

95 3924 281 3991 σε.ὼς,
317 3925 367 3977 εί
406 3925 482 3995 μὴ
514 3925 731 3996 ἀφήσῃς
754 3924 833 3996 τῷ
854 3924 1128 3995 ὀφειλέτῃ,
1159 3921 1280 3975 οὐδὲ
1299 3922 1462 3987 αὐτὸς
1494 3923 1657 3998 τεύξῃ

95 4015 184 4084 τῆς
212 4017 481 4086 ἀφέσεως·
510 4016 796 4088 παρέδωκε
832 4017 962 4087 γὰρ,
999 4014 1183 4088 φησὶν,
1225 4016 1389 4071 αὑτὸν
1415 4019 1528 4081 τοῖς
1556 4016 1658 4087 βαο

95 4110 384 4172 σανισταῖς.

682 4217 937 4274 ΚΕΦΑΛ.
965 4219 1089 4277 ΡΕ’.

158 4306 538 4379 Παραπέμπου
590 4306 690 4372 τὰς
734 4310 982 4379 ἀνάγκας
1027 4311 1122 4366 τοῦ
1171 4315 1445 4387 σώματος,
1494 4317 1554 4370 ὲν
1588 4320 1655 4390 τῇ

94 4399 426 4469 παραστάσει
457 4397 558 4467 τῆς
586 4401 914 4471 προσευχῆς,
958 4402 1045 4455 ἵνα
1076 4404 1151 4475 μὴ
1195 4405 1520 4476 νυττόμενος
1551 4406 1657 4461 ὑπὸ

94 4485 311 4559 ψύλλης,
338 4485 683 4558 ῆφθειρδς,ἢ
715 4488 1049 4564 κώνωπος,ῆ
1082 4494 1265 4563 μυίας,
1285 4495 1571 4569 ζημιωθῇς
1596 4496 1659 4550 τὸ

99 4578 346 4647 μέγιστον
379 4576 570 4650 κέρδος
596 4576 697 4648 τῆς
720 4583 1030 4653 προσευχῆς
1065 4601 1181 4639 σου.

679 4671 932 4727 ΚΕΦΑΛ.
972 4670 1111 4742 Pq'.

157 4751 357 4813 Ἦλθεν
382 4760 464 4823 είς
495 4759 665 4832 ἡμᾶς,
696 4759 774 4823 ὥς
798 4777 907 4814 τινι
937 4762 1048 4815 τῶν
1079 4763 1251 4833 ἁγίων
1285 4767 1656 4837 προσευχομέ-

98 4864 187 4920 νῳ,
207 4849 456 4905 τοσοῦτον
481 4850 770 4905 ἀνθίστατο
796 4850 827 4904 ὁ
853 4851 1108 4924 πονηρὸς,
1131 4853 1209 4917 ὡς
1232 4855 1349 4925 ἅμα
1375 4854 1454 4926 τῷ
1488 4855 1661 4909 ἐκτεῖ-

97 4955 180 4994 ναι
205 4944 304 5006 τὰς
330 4944 552 5013 χεῖρας,
581 4941 788 4995 ἐκεῖνον
825 4943 907 5006 εἰς
954 4943 1142 4998 λέοντα
1190 4946 1663 5017 μετασχηματίζε-

102 5032 236 5101 σθαι,
267 5035 360 5089 καὶ
386 5033 693 5106 ἀνεγείρειν
720 5037 802 5096 είς
824 5036 986 5108 ὀρθὸν
1018 5038 1147 5102 τοὺς
1176 5039 1544 5111 ἐμπροσθίους
1565 5040 1664 5093 πόα

101 5122 211 5191 δας,
234 5129 328 5181 καὶ
356 5129 484 5194 τοὺς
506 5130 741 5197 οἰκείους
776 5130 974 5202 ὄνυχας
1010 5131 1355 5202 ἑκατέρωθεν
1386 5135 1509 5197 ταῖς
1541 5133 1664 5187 δυσὶ

103 5215 257 5285 ψύαις
285 5221 567 5293 ὲμπείρειν
600 5222 697 5277 τοῦ
733 5221 1059 5293 ἀγωνιστοῦ,
1091 5223 1187 5276 καί
1217 5222 1294 5294 μὴ
1333 5223 1665 5292 ἀφίστασθαι

104 5311 226 5379 πρὶν
274 5313 373 5376 τὰς
427 5317 616 5385 χεῖρας
670 5315 919 5381 κατάξει.
979 5314 1083 5368 Τὸν
1146 5314 1203 5367 δὲ
1258 5314 1395 5385 μηδὲ
1447 5314 1665 5369 πώποτε

1749 454 1895 508 niam
1925 462 1981 507 tu
2030 468 2242 508 mecum
2272 470 2332 509 es
2357 471 2371 519 ;
2409 465 2465 509 et
2491 457 2713 510 similia.

2279 567 2511 625 CAPUT
2564 569 2793 625 XCVIII.

1818 677 1875 734 In
1904 688 2147 751 tempore
2177 681 2551 751 hujuscemodi
2583 683 2940 738 tentationnm
2974 692 3124 738 utere
3175 685 3321 739 brevi

1747 780 1804 827 et
1833 770 2043 827 intensa
2067 772 2332 828 oratione.

2311 885 2544 942 CAPUT
2573 886 2758 942 XCIX.

1821 994 1879 1050 Si
1912 995 2189 1053 daemones
2218 999 2622 1053 comminemur
2667 1000 2761 1054 tibi
2791 1015 2913 1056 sese
2940 1015 3005 1055 ex
3030 1000 3323 1070 improviso

1751 1089 2095 1158 apparituros
2123 1106 2190 1145 ex
2223 1105 2368 1156 aere,
2425 1100 2582 1162 teque
2610 1093 3114 1161 perterrefacturos,
3145 1104 3323 1149 tuam-

1750 1196 1858 1250 que
1885 1191 2120 1235 mentem
2154 1190 2428 1250 rapturos,
2453 1191 2565 1245 aut,
2597 1191 2854 1253 tanquam
2885 1192 3100 1239 atroces
3125 1186 3315 1239 bestiae

1751 1283 1901 1329 tuam
1927 1288 2144 1328 carnem
2188 1274 2450 1330 violenter
2478 1273 2868 1339 dilaniaturos,
2942 1291 3008 1329 ne
3044 1276 3193 1343 ipsos
3224 1291 3324 1345 pa-

1751 1381 1897 1430 veas,
1929 1381 2063 1421 neve
2095 1366 2366 1422 ullatenus
2395 1366 2608 1421 illorum
2626 1368 3105 1423 comminationem
3138 1385 3321 1434 cures;

1754 1457 2007 1526 injiciunt
2060 1458 2269 1528 quippe
2319 1468 2524 1513 metum
2574 1467 2839 1514 tentantes
2868 1469 2941 1527 te,
2992 1463 3325 1515 an‘omnino

1752 1546 1883 1615 ipsis
1908 1550 2156 1602 attendas
2178 1589 2196 1613 ,
2226 1563 2295 1602 an
2325 1563 2420 1603 eos
2446 1548 2684 1603 totaliter
2701 1550 3031 1618 despexeris.
3055 1565 3122 1604 an
3146 1565 3325 1605 omm-

1751 1638 1955 1706 potenti
1986 1638 2112 1702 Deo,
2144 1649 2197 1693 et
2233 1638 2503 1705 Creatori,
2562 1640 2914 1711 omniumque
2968 1656 3148 1695 rerum
3202 1658 3328 1712 pro-

1682 1747 1725 1801 B
1754 1728 1942 1797 visori,
1970 1729 2025 1783 in
2076 1728 2323 1784 oratione
2350 1730 2611 1785 astiteris.

2379 1844 2609 1900 CAPUT
2651 1846 2713 1901 (ἶ.

1821 1950 1960 2019 Quid
1999 1954 2172 2009 eidem
2202 1953 2314 2011 Deo
2347 1954 2421 2011 ita
2464 1955 2867 2011 inconsiderate
2909 1965 3080 2018 astas.
3116 1966 3174 2011 ut
3200 1955 3322 2026 ejus

1752 2042 2176 2112 insuperabilem
2227 2046 2484 2102 omittens
2542 2048 2813 2113 timorem,
2887 2058 2943 2103 et
2999 2048 3202 2103 culices
3273 2060 3330 2103 et

1752 2135 2040 2190 scarabeos
2072 2134 2467 2204 pertimescas?
2528 2138 2726 2191 Annon
2781 2137 2978 2192 audisti
3009 2138 3276 2194 dicentem
3302 2158 3314 2191 :

1760 2243 1779 2276 ι
1816 2226 2103 2280 Dominum
2138 2227 2306 2282 Deum
2370 2237 2525 2284 tuum
2571 2229 2786 2285 timebis
2807 2230 2873 2296 ⁸⁷,
2933 2248 2953 2281 ι
2992 2238 3046 2283 et
3098 2246 3324 2285 rursus:

1755 2332 1778 2367 ι
1816 2316 1989 2382 Quem
2050 2325 2321 2384 metuunt,
2380 2328 2437 2375 et
2493 2330 2730 2376 tremunt
2789 2336 2822 2376 a
2882 2320 3020 2375 facie
3072 2320 3329 2389 potentiae

1751 2408 1871 2479 ejus
1891 2409 1976 2463 “1'
2012 2428 2031 2462 ι
2058 2419 2107 2465 et
2138 2412 2359 2483 reliqua.

2259 2522 2416 2595 501
2460 2523 2690 2579 CAPUT
2724 2522 2811 2579 Cl.

1826 2636 1980 2691 Sicut
2009 2639 2165 2708 panis
2194 2648 2278 2693 est
2301 2640 2624 2695 alimentum
2649 2639 2890 2709 corpori,
2914 2650 2971 2694 et
3003 2637 3174 2693 virtus
3198 2639 3318 2693 ani-

1755 2744 1879 2797 mar,
1917 2730 1991 2785 ita
2025 2739 2081 2786 et
2114 2730 2412 2787 intellectui
2471 2730 2773 2802 spiritualis
2814 2732 2992 2787 oratio
3028 2732 3334 2787 nutrimen-

1756 2829 1871 2876 tum
1902 2832 2004 2878 est.

2356 2937 2588 2994 CAPUT
2616 2938 2727 2995 CII.

1828 3051 1906 3107 Ne
1933 3054 2240 3124 pliarisaice
2260 3093 2275 3118 ,
2312 3054 2404 3108 sed
2438 3069 2588 3109 more
2620 3053 2896 3123 publicani
2925 3068 3050 3109 ores
3087 3054 3142 3109 in
3172 3069 3331 3109 sacro

1757 3146 2023 3202 orationis
2052 3146 2193 3211 loco,
2222 3155 2282 3201 ut
2301 3146 2465 3201 etiam
2496 3155 2556 3200 tu
2582 3162 2613 3200 a
2640 3145 2873 3201 Domino
2907 3146 3247 3216 justiticeris.

2348 3346 2577 3403 CAPUT
2603 3345 2738 3402 CIII.

1825 3436 2129 3503 Contende,
2171 3452 2280 3492 non
2311 3451 2468 3492 orare
2526 3437 2792 3492 adversus
2824 3436 3061 3506 aliquem
3120 3438 3174 3491 in
3233 3448 3326 3493 tua

1756 3528 2022 3593 oratione,
2058 3543 2125 3582 ne
2150 3528 2401 3583 destruas
2419 3542 2542 3597 quae
2568 3526 2828 3595 aadilicas,
2850 3529 3148 3582 orationem
3178 3538 3331 3584 tuam

1754 3620 2147 3676 exsecrandam
2182 3620 2480 3676 reddendo.

2339 3733 2573 3791 CAPUT
2598 3734 2740 3792 CIV.

1826 3825 2030 3883 Doceat
2076 3835 2129 3882 te
2172 3828 2265 3898 qui
2308 3827 2521 3884 debitor
2572 3840 2690 3884 erat
2729 3829 2915 3885 decem
2952 3830 3100 3885 mille
3157 3830 3326 3884 talen-

1757 3928 1962 3983 torum,
2003 3919 2291 3991 quodnisi
2323 3920 2568 3976 dimittas
2633 3920 2891 3988 debitori,
2947 3938 3046 3978 nec
3083 3923 3198 3993 ipse
3246 3923 3330 3977 di-

1755 4012 2076 4067 missionem
2144 4013 2541 4083 consequeris;
2606 4013 2829 4070 tradidit
2883 4015 3052 4082 enim,
3132 4015 3330 4086 inquit,

1756 4102 1938 4175 ipsum
1987 4105 2286 4162 tortoribus
2319 4105 2389 4163 ".

2356 4216 2585 4275 CAPUT
2611 4217 2724 4274 CV.

1827 4308 2186 4368 Praetermitte
2208 4312 2453 4383 corporis
2484 4313 2864 4379 necessitates,
2904 4313 3033 4368 dum
3086 4313 3327 4368 orationi

1686 4436 1733 4495 υ
1762 4404 2003 4470 assistis,
2053 4419 2122 4461 ne
2156 4405 2426 4462 fodicatus
2455 4420 2487 4460 a
2520 4406 2719 4476 pulice,
2756 4416 2851 4460 aut
2882 4421 2914 4461 a
2941 4406 3208 4477 pediculo,
3248 4406 3335 4460 vel

1758 4495 1936 4551 culice
1968 4511 2066 4551 seu
2099 4510 2309 4562 musca,
2345 4496 2572 4552 maximi
2616 4497 2753 4553 lucri
2788 4506 2894 4552 tua:
2921 4497 3189 4551 orationis
3238 4497 3336 4550 de-

1756 4587 2077 4642 trimentum
2104 4586 2354 4658 patiaris.

2337 4673 2567 4731 CAPUT
2597 4674 2733 4731 CVI.

1829 4768 2082 4827 Pervenit
2110 4768 2179 4824 ad
2205 4782 2327 4835 nos,
2359 4784 2456 4824 seu
2485 4769 2552 4824 ad
2578 4784 2741 4824 aures
2775 4765 3016 4830 nostras,
3048 4766 3193 4838 quod
3217 4766 3339 4823 cui-

1760 4859 1887 4916 dam
1912 4868 2228 4915 sanctorum
2285 4859 2464 4914 oranti
2488 4860 2622 4915 adeo
2651 4859 2812 4930 502
2846 4859 3117 4928 malignus
3150 4857 3338 4912 obsta-

1764 4950 1881 5015 bat,
1916 4960 1996 5018 ut,
2020 4950 2186 5006 simul
2224 4965 2289 5006 ac
2314 4965 2512 5006 manus
2542 4951 2887 5016 extendebat,
2920 4950 3009 5004 ille
3045 4950 3097 5003 in
3125 4949 3336 5003 leonem

1763 5041 2269 5112 transﬁguraretur,
2312 5053 2367 5096 et
2394 5050 2543 5096 recta
2572 5056 2793 5097 sursum
2850 5042 3064 5111 erigens
3096 5039 3338 5092 anterio-

1766 5148 1857 5188 res
1900 5134 2087 5203 pedes,
2136 5133 2500 5203 propriosque
2560 5148 2770 5203 ungues
2820 5132 3080 5200 utrinque
3124 5131 3339 5185 duabus

1768 5223 1929 5280 malis
1960 5223 2251 5279 certatoris
2282 5222 2528 5293 inﬁgeret
2547 5263 2563 5287 ,
2590 5238 2766 5293 neque
2794 5223 3103 5283 desisteret,
3158 5222 3341 5291 prius-

1768 5332 1934 5387 quam
1982 5331 2179 5371 manus
2210 5314 2304 5370 ille
2331 5315 2649 5382 diduceret;
2695 5315 2813 5385 ipse
2874 5329 3007 5369 vero
3056 5329 3339 5383 nunquam

107 5401 434 5475 ὑποχαλάσαι
484 5406 690 5471 ταύτας
747 5406 909 5479 ἄχρις
959 5398 1022 5461 οὖ
1060 5404 1167 5477 θεάς
1212 5406 1466 5475 συνήθεις
1502 5406 1654 5476 εὐχὰς

1794 5409 2029 5465 elaxavit
2056 5423 2173 5475 eas,
2204 5407 2379 5465 donec
2410 5423 2598 5493 preces
2653 5416 2946 5464 consuetas
2971 5405 3232 5478 explevit.

110 5493 234 5569 ὲπλή
242 5515 405 5569 ρωσε.

182 5679 225 5713 ⁸⁷
248 5681 400 5737 Deut.
433 5698 490 5748 ι,
514 5681 607 5737 20.
678 5681 726 5715 ⁸⁸
759 5678 895 5738 Joel.
924 5694 985 5749 ιι,
1020 5678 1128 5747 1ος
1160 5676 1393 5734 Nalmm.
1446 5690 1486 5742 I,
1516 5673 1571 5730 5.
1645 5678 1654 5707 ¹

1794 5675 1913 5732 mh.
1948 5688 2102 5742 xvm,
2125 5674 2212 5729 δι.
