3788 6224
422 295 552 362 1191

1020 393 1251 452 CAPUT
1280 388 1436 447 CVII.

490 511 880 586 lIujuscemodi
914 509 1086 563 fuisse
1114 505 1369 561 novimus
1420 514 1567 563 eum,
1600 495 1695 567 qui
1725 495 1780 549 in
1839 492 1996 547 fovea

420 611 662 666 solitaria
696 606 877 676 quiete
913 602 1127 666 silebat,
1157 597 1421 652 Joannem
1460 592 1718 655 Parvum,
1750 586 1863 642 sive
1898 600 2000 654 po-

423 704 529 757 tius
561 711 934 771 praemagnum
968 691 1320 754 monachum,
1360 687 1454 756 qui
1493 700 1561 739 ex
1592 682 1688 736 Dei
1717 678 1998 735 consortio

420 796 625 850 mansit
654 794 937 851 immotus,
968 789 1215 841 dtemone
1247 783 1303 836 in
1337 778 1521 850 specie
1572 772 1829 830 draconis
1888 771 1999 823 cir-

419 888 755 948 cumvoluto,
788 883 1016 953 ejusque
1044 892 1239 934 carnes
1270 872 1584 936 mandente,
1616 878 1671 923 et
1710 867 1763 921 in
1800 864 1996 919 faciem

420 982 542 1052 ejus
604 986 913 1035 eructante.

979 1082 1213 1143 CAPUT
1243 1078 1426 1137 CVIII.

492 1203 694 1273 Legisti
726 1199 955 1255 omnino
986 1204 1043 1252 et
1075 1196 1215 1250 vitas
1268 1191 1662 1247 monachorum
1709 1185 2000 1241 Tabenne-

422 1299 711 1358 siotarum,
753 1293 848 1346 ubi
878 1291 1102 1351 dicitur,
1141 1286 1286 1357 quod
1332 1285 1530 1339 abbate
1559 1280 1850 1335 Theodoro
1879 1292 1997 1332 ser—

421 1404 637 1445 monem
674 1386 742 1439 ad
782 1384 976 1438 fratres
1005 1381 1263 1443 habente,
1303 1383 1567 1432 venerunt
1615 1374 1739 1427 dua;
1800 1372 2002 1440 vipera:

421 1481 527 1537 sub
546 1480 667 1549 ejus
700 1472 896 1547 pedes;
927 1475 1019 1529 ille
1055 1488 1185 1527 vero
1220 1469 1611 1540 imperturbate
1643 1480 1737 1519 eas
1763 1462 1842 1517 uti
1883 1461 2001 1515 for-

422 1571 603 1625 nicem
631 1568 858 1633 faciens,
900 1563 1142 1633 suscepit
1183 1561 1437 1623 interius,
1475 1558 1648 1611 donec
1691 1566 2001 1610 sermonem

419 1662 638 1716 locutus
688 1657 935 1728 perfecit,
989 1664 1226 1724 tuncque
1249 1653 1395 1721 ipsas
1426 1648 1687 1703 fratribus
1739 1644 1999 1708 ostendit,

418 1768 536 1808 rem
564 1765 866 1822 exponens.

1001 1855 1233 1911 CAPUT
1262 1852 1397 1909 CIX.

492 1971 709 2027 Rursus
735 1972 801 2025 de
839 1969 1011 2023 altero
1049 1968 1207 2021 Patre
1271 1964 1565 2036 spirituali,
1611 1979 1708 2019 seu
1748 1962 2003 2033 religioso

420 2064 673 2135 legimus,
708 2063 855 2133 quod
892 2071 1084 2116 orante
1133 2062 1251 2130 ipso
1301 2060 1488 2128 vipera
1552 2057 1816 2112 accedens
1881 2055 2003 2125 ejus

423 2157 604 2224 attigit
637 2155 824 2224 pedes,
854 2155 943 2208 ille
996 2168 1125 2208 vero
1159 2168 1268 2207 non
1315 2151 1469 2221 prius
1498 2149 1751 2219 deposuit
1778 2163 1997 2212 manus,

420 2262 708 2317 quousque
739 2254 1057 2300 consuetam
1098 2243 1325 2315 perfecit
1352 2241 1678 2306 orationem,
1711 2239 1870 2310 503
1914 2238 2001 2293 ni-

424 2338 613 2407 hilque
676 2352 873 2407 passus
918 2346 1002 2392 est
1051 2352 1210 2390 noxae
1242 2335 1336 2405 qui
1381 2333 1573 2388 dilexit
1629 2331 1801 2387 Deum
1850 2330 2002 2402 plus-

420 2444 584 2500 quam
611 2429 876 2499 seipsum.

1017 2539 1243 2597 CAPUT
1284 2538 1398 2595 CX.

493 2658 552 2713 In
587 2658 834 2712 oratione
860 2666 952 2712 tua
987 2671 1087 2711 nec
1128 2657 1353 2718 elatum,
1405 2669 1508 2710 nec
1554 2655 1875 2710 distractum
1906 2653 2004 2709 ha-

421 2751 552 2807 beas
580 2750 780 2816 visum,
813 2759 869 2805 et
892 2749 1209 2820 abnegando
1235 2758 1382 2803 tuam
1406 2764 1624 2803 carnem
1663 2757 1717 2803 et
1738 2748 2001 2813 animam,

423 2845 545 2900 vive
569 2844 900 2899 mentaliter.

1009 2953 1240 3010 CAPUT
1264 2954 1404 3011 CXI.

494 3073 666 3127 Alteri
696 3070 915 3125 cuidam
953 3078 1144 3125 sancto
1197 3068 1253 3124 in
1294 3071 1511 3126 deserta
1555 3070 1855 3126 solitudine
1906 3070 2001 3126 de-
2028 3077 2074 3136 α

426 3166 570 3237 genti
615 3163 930 3234 tranquille,
957 3163 1088 3216 dum
1151 3170 1355 3228 oraret,
1422 3161 1703 3218 daemones
1760 3170 2005 3218 astantes

426 3274 523 3329 per
559 3258 697 3313 duas
729 3256 1098 3311 hebdomadas
1130 3255 1250 3324 ipso
1292 3265 1552 3325 tanquam
1590 3257 1697 3325 pila
1748 3257 2007 3310 ludebant

424 3349 555 3403 etin
587 3363 709 3403 aera
737 3347 994 3417 jactando
1037 3346 1345 3413 vibrabant,
1372 3360 1497 3399 eum
1540 3347 1593 3400 in
1652 3356 1830 3401 storea
1881 3361 2007 3401 sus-

425 3441 707 3509 cipientes,
761 3438 1067 3493 nullatenus
1099 3446 1279 3492 tamen
1338 3447 1579 3492 mentem
1628 3439 1751 3509 ejus
1812 3454 1844 3492 a
1893 3437 2004 3494 fer-

428 3544 588 3590 vente
632 3533 881 3589 oratione
918 3532 1188 3586 deducere
1232 3539 1546 3601 potuerunt.

993 3643 1225 3699 CAPUT
1259 3642 1419 3699 CXII.

496 3759 712 3815 Rursus
736 3759 891 3814 alteri
923 3758 1093 3813 Deum
1126 3757 1331 3813 amanti
1385 3765 1440 3813 et
1498 3758 1764 3814 orationis
1818 3772 2006 3813 curam

429 3854 660 3925 gerenti,
694 3866 821 3907 cum
854 3866 952 3921 per
983 3851 1255 3906 desertam
1294 3851 1644 3908 solitudinem
1664 3850 2005 3920 graderetur,

437 3947 736 4001 astiterunt
769 3943 949 4014 angeli
980 3943 1110 4009 duo,
1148 3944 1427 4013 simulque
1455 3959 1580 3998 cum
1615 3945 1734 4013 ipso
1785 3943 1888 3998 iter
1930 3942 2013 3997 fa-

431 4040 657 4105 cientes,
685 4053 809 4092 eum
867 4039 917 4091 in
956 4037 1139 4092 medio
1159 4037 1518 4092 collocarunt.
1546 4037 1641 4091 Ille
1669 4051 1799 4091 vero
1832 4036 2011 4090 nulla-

435 4140 595 4185 tenus
624 4130 692 4185 iis
720 4129 972 4193 adhaesit,
1007 4145 1098 4193 ne,
1130 4130 1275 4199 quod
1311 4129 1509 4185 melius
1538 4137 1677 4195 erat,
1716 4129 2011 4183 detrimen-

436 4232 552 4277 tum
594 4221 885 4290 acciperet.
919 4220 1237 4275 Meminerat
1265 4221 1467 4291 quippe
1517 4219 1805 4289 apostolici
1864 4218 2011 4273 effati

1920 274 1982 338 S.
2000 270 2166 331 NILI

2030 384 2079 438 Δ

3548 264 3685 327 1192

2696 376 2923 429 ΚΕΦΑΛ
2935 414 2951 431 .
2990 377 3109 430 ΡΖ’.

2167 492 2421 547 Τοιοῦτον
2468 490 2715 562 ἔγνωμεν
2763 491 3065 559 γεγονέναι,
3100 490 3194 543 καὶ
3241 490 3333 543 τὸν
3388 490 3447 541 ἐν
3491 490 3685 559 λάκκῳ

2094 584 2447 655 ἡσυχάσαντα
2480 584 2735 653 Ἰωάννην
2764 582 2857 634 τὸν
2886 582 3116 653 Μικρὸν,
3156 583 3276 653 ήτοι
3323 582 3685 652 ὁπερμεγέθη

2101 674 2356 745 μοναχὸν,
2382 673 2441 735 ὃς
2474 673 2734 743 ἀκίνητος
2767 672 2985 742 ἔμεινεν
3027 674 3093 725 ὲκ
3118 671 3221 741 τῆς
3258 670 3353 723 τοῦ
3381 670 3526 723 Θεοῦ
3567 689 3687 723 sw-

2096 765 2309 827 ουσίας,
2334 763 2427 816 τοῦ
2454 763 2708 833 δαίμονος
2738 764 2795 815 ὲν
2817 764 2948 815 εῖδει
2969 763 3262 833 δράκοντος
3290 760 3689 831 περιειλιχθένο

2096 875 2208 922 τος,
2270 858 2365 911 καὶ
2429 856 2774 926 μασσομὲνου
2836 856 3002 909 αὑτοῦ
3047 857 3147 919 τὰς
3178 856 3417 927 σάρκας,
3462 858 3569 907 καὶ

2101 948 2379 1021 προσώπῳ
2404 947 2570 1001 αὐτοῦ
2598 948 3054 1018 ὲπερευγομένου.

2695 1062 2948 1115 ΚΕΦΑΑ.
2982 1063 3109 1117 PH'.

2183 1177 2449 1244 Ἀνέγνως
2473 1176 2693 1240 πάντως
2720 1178 2814 1229 καὶ
2838 1177 2966 1239 τοὺς
2997 1177 3142 1245 βίους
3172 1177 3284 1231 τῶν
3303 1176 3683 1247 Ταῦεννησιω-

2098 1268 2207 1322 τῶν
2238 1268 2509 1338 μοναχῶν,
2543 1268 2684 1323 καθά
2711 1285 2897 1340 φησιν,
2942 1269 3025 1321 δτι
3055 1269 3363 1333 Λαλοῦντος
3405 1269 3501 1322 τοῦ
3528 1271 3685 1337 δαϐὗά

2099 1364 2257 1432 λόγον
2293 1368 2408 1428 τοῖς
2437 1364 2710 1433 ἀδελφοῖς,
2744 1359 2912 1434 ἦλθον
2945 1364 3038 1416 δύο
3057 1364 3266 1432 ἔχιδναι
3294 1363 3401 1416 ὑπὸ
3428 1364 3562 1428 τοὺς
3592 1367 3683 1417 πό-

2099 1456 2197 1519 δας
2249 1455 2415 1510 αὐτοῦ
2441 1473 2455 1487 ο
2506 1458 2536 1509 ὁ
2599 1456 2658 1509 δὲ
2702 1456 2993 1527 ἀταράχως
3054 1457 3290 1525 ποιήσας
3345 1457 3523 1519 αὑτὰς
3555 1457 3683 1509 ὡσεὶ

2100 1550 2380 1619 καμάραν,
2418 1548 2687 1602 ὑπέλαϐεν
2749 1548 2922 1611 αὐτάς
2971 1547 3203 1610 ἔνδοθεν,
3244 1549 3352 1611 ἕως
3404 1548 3684 1601 ἐπαύσατο

2102 1640 2279 1694 λαλῶν
2323 1642 2415 1694 τὸν
2465 1641 2643 1709 λόγον,
2695 1641 2792 1694 καὶ
2837 1642 2960 1693 τότε
3012 1641 3183 1703 αὐτὰς
3223 1640 3523 1695 ὑπεδείκνυ
3577 1644 3683 1702 τοῖς

2024 1723 2073 1784 Β
2097 1730 2364 1800 ἀδελφοῖς,
2394 1731 2757 1802 ἐξηγούμενος
2780 1731 2841 1784 τὸ
2869 1734 3102 1802 πρᾶγμα

2710 1844 2964 1897 ΚΕΦΑΛ.
2994 1844 3116 1898 ΡΘ’.

2170 1959 2307 2029 Περὶ
2346 1956 2534 2030 ἑτέρου
2580 1956 2744 2011 πάλιν
2795 1957 3111 2026 ἀνέγνωμεν
3162 1958 3568 2027 πνευματικοῦ,
3604 1960 3683 2010 ὅτι

2100 2050 2540 2121 προσευχομένου
2570 2048 2755 2115 αὐτοῦ,
2783 2048 2963 2118 ἔχιδνα
2994 2048 3243 2113 ἐλθοῦσα,
3277 2050 3573 2120 καθήψατο
3593 2052 3681 2102 τοῦ

2101 2145 2260 2207 ποδὸς
2287 2143 2474 2198 αὐτοῦ·
2505 2143 2535 2195 ὁ
2562 2143 2620 2196 δὲ
2666 2144 2729 2196 οὐ
2763 2146 3027 2215 πρότερον
3067 2144 3279 2215 καθῆκε
3324 2144 3427 2207 τὰς
3471 2147 3679 2213 χεῖρας,

2101 2236 2260 2307 ἄχρις
2312 2231 2372 2291 οὗ
2422 2235 2523 2305 τὴν
2563 2234 2767 2306 συνήθη
2820 2234 3131 2299 ἐξετέλεσεν
3176 2236 3365 2305 εὐχὴν,
3402 2236 3500 2288 καὶ
3534 2236 3685 2289 οὐδὲν

2102 2327 2306 2399 ἐϐλάϐη
2342 2329 2372 2380 ὁ
2408 2328 2704 2397 ἀγαπήσας
2731 2327 2821 2380 τὸν
2855 2327 2988 2380 Θεὸν
3011 2328 3153 2399 ὑπὲρ
3178 2328 3396 2380 ἑαυτόν.

2703 2528 2959 2583 ΚΕΦΑΛ.
3004 2530 3110 2582 PI'.

2188 2645 2617 2718 Ἀμετεώριστον
2646 2645 2800 2717 ὄμμα
2827 2645 2918 2717 ἔχε
2959 2646 3016 2700 ὲν
3047 2648 3113 2717 τῇ
3143 2648 3424 2717 προσευχῇ
3456 2662 3555 2698 σου
3592 2647 3682 2698 καὶ

2103 2737 2488 2809 ἀρνησάμενός
2530 2754 2624 2791 σου
2660 2737 2762 2810 τὴν
2801 2738 3002 2807 σάρκα,
3033 2739 3127 2791 καὶ
3167 2737 3269 2807 τὴν
3308 2736 3515 2808 ψυχὴν,
3549 2735 3682 2789 κατὰ

2104 2830 2228 2884 νοῦν
2251 2830 2390 2899 ζῆθι.

2669 2941 2924 2996 ΚΕΦΑΔ.
2966 2936 3115 2993 PIA'.

2189 3053 2392 3123 Ἐτέρῳ
2441 3052 2548 3105 τινὶ
2598 3052 2830 3115 εὐτόνως
2876 3050 3154 3121 εὐχομένῳ
3200 3050 3341 3121 ἁγίῳ
3392 3050 3453 3103 ὲν
3496 3051 3677 3121 ἐρήμῳ

2108 3143 2456 3215 ἡσυχάζοντι,
2489 3142 2743 3213 δαίμονες
2767 3143 3089 3205 ἐπιστάντες
3110 3142 3205 3194 ἐπὶ
3234 3140 3331 3193 δύο
3362 3140 3675 3209 ἑϐδομάδας,

2106 3234 2300 3288 τοῦτον
2360 3233 2699 3306 ὲσφαὶριζον,
2755 3236 2851 3288 καὶ
2898 3234 3179 3287 ὲτίνασσον
3234 3235 3317 3296 εἰς
3371 3233 3465 3286 τὸν
3530 3232 3674 3303 ἀέρα,

2106 3328 2391 3399 δεχόμενοι
2447 3327 2613 3381 αὐτὸν
2657 3327 2718 3381 ὲν
2761 3326 2840 3399 τῷ
2883 3326 3105 3398 ψιαθίῳ,
3140 3327 3233 3380 καὶ
3280 3326 3517 3388 οὐδόλως
3549 3328 3677 3395 ἴσχυ-

2110 3438 2208 3474 σαν
2234 3421 2495 3489 κατάγειν
2526 3420 2617 3473 τὸν
2652 3419 2778 3473 νοῦν
2814 3419 2981 3473 αὐτοῦ
3011 3421 3076 3472 ὲκ
3099 3418 3203 3489 τῆς
3232 3418 3489 3489 ἐμπύρου
3519 3435 3675 3489 προσ-

2108 3513 2297 3585 ευχῆς.

2688 3628 2942 3682 ΚΕΦΑΛ.
2970 3627 3117 3682 PIB’.

2182 3742 2361 3813 ’Ἄλλῳ
2410 3743 2572 3797 πάλιν
2623 3743 2855 3815 φιλοθέῳ
2930 3747 3024 3798 καὶ
3074 3745 3384 3816 προσευχῆς
3436 3747 3677 3816 πρόνοιαν

2110 3837 2439 3906 ποιουμένῳ,
2470 3837 2528 3889 ὲν
2559 3836 2750 3907 ἐρήμῳ
2781 3836 3073 3906 βαδίζοντι,
3124 3838 3342 3906 ἄγγελοι
3380 3839 3679 3909 ἐπέστησαν

2108 3930 2221 3995 δύο,
2252 3931 2345 3983 καὶ
2366 3929 2633 4000 ὲμέσαζον
2665 3930 2827 3985 αὑτὸν
2855 3931 3359 4002 συνοδοιποροῦντες
3380 3932 3554 4001 αὐτῷ’
3578 3937 3605 3986 ὁ
3628 3932 3678 3984 δὲ

2109 4021 2339 4085 οὐδόλως
2370 4021 2581 4086 τούτοις
2618 4024 2928 4093 προσεῖχεν,
2961 4023 3046 4075 ἵνα
3094 4023 3169 4092 μὴ
3207 4022 3268 4075 τὸ
3299 4025 3549 4092 κρεῖττον
3589 4024 3678 4090 Cr,-

2113 4113 2314 4186 μιωθῇ.
2353 4113 2761 4184 Ἐμνημόνευσε
2811 4114 2919 4185 γάρ
2967 4113 3062 4167 τοῦ
3114 4114 3482 4168 ἀποστολικοῦ
3527 4113 3679 4186 ρητοῦ

2110 4184 2203 4256 τοῦ
2261 4184 2591 4273 φάσκοντος·
2634 4222 2653 4255 ι
2681 4201 2818 4258 Οὔτε
2849 4184 3095 4272 ἄγγελοι,
3154 4203 3279 4256 οὔτε
3318 4184 3537 4275 ἀρχαὶ,
3566 4204 3678 4256 οὔτε

436 4314 702 4368 dicentis:
734 4328 752 4362 ι
789 4310 902 4366 Nec
930 4311 1131 4385 angeli,
1180 4326 1356 4381 neque
1411 4311 1771 4380 principatus,
1838 4323 2009 4379 neque

2146 4291 2368 4362 υνάμεις
2396 4291 2714 4361 δυνήσονται
2747 4294 2895 4363 ἡμᾶς
2937 4294 3169 4365 χωρίσαι
3203 4293 3314 4348 ἀπὸ
3338 4295 3444 4364 τῆς
3473 4296 3678 4363 ἀγάπης

440 4410 734 4470 potestates
765 4382 1027 4473 poterunt
1070 4418 1172 4457 nos
1208 4417 1468 4473 separare
1497 4419 1529 4457 a
1557 4402 1827 4458 cbaritate
1847 4400 2009 4457 Chri-

2148 4382 2211 4436 οῦ
2249 4382 2513 4455 Χριστοῦ.
2542 4402 2562 4435 ι

438 4495 507 4550 sti
532 4495 600 4550 ’°.
637 4512 657 4547 ι

999 4604 1231 4661 CAPUT
1265 4606 1449 4667 CXIII.

512 4717 735 4789 Angelis
770 4717 996 4789 aequalis
1032 4718 1092 4774 llt
1117 4721 1422 4776 monachus
1455 4736 1555 4791 per
1597 4735 1781 4776 veram
1812 4720 2020 4775 oratio-

442 4826 587 4867 nem.

917 4924 1080 4997 504
1105 4884 1334 4980 CAPUT
1390 4923 1576 4980 cxrv.

513 5036 755 5109 Cupiens
792 5037 978 5094 videre
1007 5038 1202 5094 faciem
1240 5037 1439 5103 Patris,
1478 5041 1573 5111 qui
1605 5040 1658 5094 in
1719 5042 1873 5096 crelis
1910 5047 2017 5104 est,

446 5129 598 5182 nullo
625 5128 789 5185 modo
818 5131 1042 5187 studeas
1080 5131 1323 5201 aliquam
1347 5132 1598 5203 excipere
1628 5134 1858 5189 formam
1882 5140 2020 5188 tem-

445 5235 579 5290 pore
615 5221 902 5277 orationis.

1017 5336 1243 5392 CAPUT
1271 5338 1433 5397 CXV.

519 5448 597 5503 Ne
630 5449 906 5507 desideres
936 5452 1192 5523 Angelos,
1228 5463 1322 5509 aut
1364 5455 1687 5522 Potestates,
1721 5469 1814 5511 aut
1863 5457 2020 5512 Chri-

449 5549 593 5595 stum
625 5543 956 5599 sensibiliter
986 5546 1189 5613 videre,
1215 5562 1283 5602 ne
1308 5563 1532 5618 prorsus
1567 5565 1753 5606 amens
1795 5550 2017 5615 evadas,

518 5717 564 5749 ⁸⁸
612 5716 772 5772 Rom.
804 5735 925 5785 vm,
964 5721 1052 5775 58.

2691 4611 2946 4665 ΚΕΦΔΛ.
2976 4608 3125 4665 PII".

2200 4722 2509 4792 Ἰσάγγελος
2540 4724 2751 4794 γίνεται
2785 4722 3017 4794 μοναχδς
3038 4722 3128 4777 διά
3154 4722 3254 4793 τῆς
3278 4722 3519 4794 ἀληθοῦς
3538 4742 3677 4795 προς-

2118 4817 2307 4888 ευχῆς.

2696 4932 2951 4986 ΚΕΦΑΛ.
2985 4931 3128 4986 ΡΙΔ’.

2209 5046 2519 5101 Ἐπιποθῶν
2577 5046 2709 5100 ῑδεῐν
2756 5047 2818 5100 τὸ
2863 5046 3158 5119 πρόσωπον
3210 5046 3307 5100 τοῦ
3346 5048 3559 5115 Πατρδς
3598 5047 3674 5101 τοῦ

2124 5141 2183 5194 ὲν
2214 5140 2485 5209 οὐρανοῖς,
2521 5137 2597 5209 μὴ
2628 5139 2778 5208 ζήτει
2814 5138 3090 5203 παντελῶς
3140 5140 3383 5211 μορφὴν,
3429 5141 3464 5212 ἢ
3517 5146 3677 5212 σχῆμα

2124 5230 2375 5300 δέχεσθαι
2397 5230 2456 5282 ἐν
2482 5228 2562 5299 τῷ
2580 5228 2682 5297 τῆς
2703 5229 3010 5299 προσευχῆς
3039 5228 3216 5299 καιρῷ
3233 5246 3248 5261 ·

2696 5341 2950 5396 ΚΕΦΑΛ.
2987 5341 3133 5396 ΡΙΕ’.

2197 5455 2288 5526 Μὴ
2328 5455 2483 5510 πόθει
2528 5457 2794 5525 ἀγγέλους
2830 5456 2976 5521 ἰδεῖν,
3026 5456 3056 5527 ἢ
3088 5458 3367 5529 δυνάμεις,
3405 5458 3437 5530 ἦ
3471 5460 3682 5530 Χριστὸν

2131 5546 2423 5616 αἰσθητῶς,
2452 5546 2538 5598 ἴνα
2573 5546 2650 5617 μὴ
2683 5546 2864 5600 τέλεον
2895 5546 3206 5617 φρενιτικὸς
3233 5547 3562 5619 γένῃ,λύκον
3580 5550 3677 5603 ἀντι
