3788 6224
124 244 278 310 1193
1503 235 1601 295 DE

1890 231 2029 292 lNE.
3248 216 3386 285 1194

119 359 400 431 ποιμένος
430 356 720 428 δεχόμενος
744 354 841 409 καὶ
871 352 1191 425 προσκυνῶν
1222 354 1334 416 τοῖς
1357 349 1569 423 ἐχθροῖς
1596 350 1615 403 ὃ

1887 361 2004 415 pum
2036 344 2153 399 vice
2184 341 2416 413 pastoris
2447 338 2742 411 excipiens,
2770 345 2824 394 et
2878 338 3060 394 hostes
3111 335 3383 395 daemones

128 470 321 523 μοσιν.

1821 437 2032 491 adores.

704 560 957 615 ΚΕΦΑΛ.
989 556 1156 626 Ptq'.

2375 543 2604 601 CAPUT
2648 544 2830 601 CXVI.

215 674 396 745 Ἀρχὴ
431 674 664 743 πλάνης,
696 672 789 725 νοῦ
823 670 1121 736 κενοδοξία,
1157 670 1216 734 ἐξ
1250 662 1316 740 ἦς
1338 666 1656 737 κινούμενος
1687 668 1711 719 6

1888 656 2220 726 Principium
2243 656 2447 711 erroris
2479 655 2677 711 mentis
2702 662 2786 710 est
2807 669 2947 709 vana
2977 653 3169 724 gloria,
3203 668 3235 706 a
3275 666 3383 721 qua

116 769 283 834 νοῦς,
307 771 368 822 ὲν
391 768 631 839 σχήματι
661 766 756 819 καὶ
792 768 1029 838 μορφαῖς
1062 764 1422 834 περιγράφειν
1458 763 1612 830 πειρᾶ

1887 752 2005 805 dem
2039 766 2195 806 mens
2220 760 2513 815 commota,
2543 748 2991 805 circumscribere
3034 756 3205 803 tentat
3246 747 3383 803 divi-

116 861 191 912 τὸ
226 861 408 916 Θεῖον.

1819 843 2042 898 nitatem
2091 845 2148 899 in
2186 844 2368 914 specie
2396 852 2559 913 atque
2601 842 2811 898 formis.

714 972 966 1025 ΚΕΦΑΛ.
1000 971 1145 1023 PIZ'.

2360 955 2589 1012 CAPUT
2631 954 2835 1011 CXVII.

214 1084 364 1153 Ἐγὼ
390 1084 454 1137 τὸ
477 1084 629 1155 ἐμὸν,
655 1083 813 1137 τοῦτο
846 1082 956 1153 ἐρῶ
986 1083 1015 1135 ὃ
1049 1083 1143 1136 καὶ
1173 1083 1453 1153 νεωτέροις
1491 1084 1710 1153 εἴρηκα·

1889 1070 2003 1142 Ego
2026 1086 2205 1126 meum
2237 1070 2338 1126 hoc
2369 1072 2564 1136 dicam,
2594 1070 2738 1141 quod
2770 1080 2825 1127 et
2870 1070 3178 1141 junioribus
3233 1070 3383 1126 dixi:

113 1178 423 1248 Μακάριος
445 1180 472 1231 6
494 1178 634 1241 νοῦς,
664 1177 721 1240 ὃς
758 1176 899 1229 κατὰ
933 1176 1024 1230 τὸν
1047 1176 1235 1248 καιρὸν
1264 1177 1365 1247 τῆς
1406 1192 1609 1248 προσευ

1893 1172 1981 1218 ata
2012 1180 2187 1230 mens,
2239 1180 2359 1234 qua:
2390 1165 2655 1221 orationis
2696 1172 2939 1236 tempore
2960 1164 3255 1235 perfectam
3274 1161 3389 1221 for-

112 1270 352 1324 τελείαν
380 1270 662 1341 ἀμορφίαν
688 1268 977 1339 ἐκτήσατο.

1818 1273 2032 1312 marum
2059 1259 2298 1329 possedit
2327 1259 2671 1315 vacuitatem.

704 1383 955 1435 ΚΕΦΑΛ.
989 1379 1144 1436 PIII'.

2360 1370 2588 1428 CAPUT
2610 1369 2840 1429 CXVIII.

196 1495 496 1567 Μακάριός
544 1496 695 1549 ἐστιν
738 1497 766 1548 6
815 1494 959 1561 νοῦς,
1001 1494 1061 1558 ὃς
1104 1494 1530 1566 ἀπερισπάστως
1559 1496 1692 1565 εύχό¹

1890 1485 2052 1541 Beata
2096 1501 2271 1552 mens,
2328 1503 2450 1557 quae
2496 1488 2614 1542 sine
2666 1486 2776 1543 ulla
2824 1501 2990 1543 orans
3028 1486 3386 1544 distractione

118 1606 321 1658 μενος,
369 1588 590 1640 πλείονα
650 1588 813 1640 πόθον
861 1589 947 1642 ἀεὶ
993 1588 1130 1659 πρὸς
1174 1589 1307 1642 Θεὸν
1358 1588 1613 1660 προσλαμ

1637 1589 1714 1644 id.
1817 1592 2032 1647 semper
2065 1577 2187 1648 plus
2214 1578 2472 1633 desiderii
2525 1578 2756 1650 percipit
2780 1593 2910 1650 erga
2941 1577 3133 1633 Deum.

115 1697 240 1734 νει.
1359 1697 1375 1711 ⁸
1744 1713 1788 1767 Β

711 1795 962 1849 ΚΕΦΑΛ.
1000 1797 1148 1853 ΡῙΘ’.

2373 1780 2603 1836 CAPUT
2635 1778 2821 1837 CXIX.

199 1903 493 1974 Μακάριός
544 1905 695 1959 ἐστιν
743 1907 772 1959 6
820 1907 1018 1972 νοῦς,ὀ
1054 1909 1197 1963 κατὰ
1239 1909 1331 1964 τὸν
1376 1908 1568 1982 καιρὸν
1613 1912 1695 1983 τῆς

1897 1897 2047 1953 Beata
2076 1911 2252 1965 mens,
2278 1912 2401 1968 qua:
2437 1897 2585 1952 circa
2630 1905 2844 1967 tempus
2887 1893 3152 1951 orationis
3200 1892 3393 1949 imma-

116 1997 447 2067 προσευχῆς
476 1997 637 2060 ᾶῦλος
668 1998 762 2052 καὶ
784 2002 1048 2071 ἀκτήμων
1089 2003 1321 2071 γίνεται.

1003 2018 1048 2054 ιν
1089 2003 1321 2071 γίνεται,
1813 1989 2018 2045 terialis
2038 1996 2096 2046 et
2116 1989 2273 2060 inops
2299 1988 2499 2044 evadit.

710 2114 964 2169 ΚΕΦΑΛ.
1005 2116 1138 2171 ΡΚ¹.

2294 2102 2455 2173 505
2488 2100 2718 2158 CAPUT
2749 2100 2911 2157 cxx.

201 2226 493 2298 Πακάριός
536 2228 688 2281 ἐστιν
732 2228 761 2279 6
807 2227 951 2291 νοῦς,
992 2231 1020 2282 6
1064 2228 1204 2303 κατὰ
1243 2212 1335 2283 τὸν
1381 2228 1574 2301 καιρὸν
1612 2230 1697 2302 τῆς

1902 2221 2046 2277 3eata
2088 2236 2273 2287 mens,
2327 2237 2451 2291 quae
2504 2220 2772 2277 orationis
2814 2228 3058 2291 tempore
3103 2215 3398 2291 perfectam

119 2315 448 2386 προσευχῆς
468 2315 684 2369 τελείαν
719 2316 1082 2388 ἀναισθησίαν
1121 2319 1487 2390 κτησάμενος.

1121 2319 1487 2390 κτησάμενος.
1814 2312 2055 2380 possidet
2086 2310 2581 2367 insensibilitatem.

686 2432 940 2488 ΚΕΦΑΛ.
981 2435 1157 2488 PKA'.

2378 2426 2607 2482 CAPUT
2641 2425 2828 2482 CXXI.

207 2545 497 2616 Μακάριος
532 2549 649 2600 ἐστι
680 2548 932 2618 μοναχὸς,
962 2550 991 2602 6
1017 2550 1234 2604 πάντων
1265 2550 1555 2622 περίψημα
1588 2552 1703 2605 ὲαυ·

1909 2543 2081 2598 ieatus
2098 2542 2416 2609 monachus,
2446 2541 2539 2612 qui
2561 2541 2801 2611 seipsum
2832 2541 3077 2596 omnium
3100 2554 3405 2612 pertpsema

117 2638 232 2691 τὸν
257 2636 633 2709 λογιζόμενος.

1814 2643 2046 2705 reputat.

693 2758 945 2812 ΚΕΦΑΛ.
986 2758 1164 2813 PKB'.

2366 2746 2595 2804 CAPUT
2635 2745 2842 2803 CXXII.

208 2867 503 2942 Μακάριός
532 2871 649 2923 ἐστι
689 2872 943 2942 μοναχὸς,
976 2873 1006 2925 6
1038 2872 1257 2925 πάντων
1289 2870 1388 2943 τὴν
1418 2871 1704 2942 σωτηρίαν,

1903 2862 2084 2917 Beatus
2132 2861 2458 2928 monachus,
2516 2861 2609 2931 qui
2668 2860 2901 2915 salutem
2942 2865 2999 2913 et
3050 2872 3399 2928 progressum

124 2960 239 3012 καὶ
279 2962 586 3033 προκοπὴν,
617 2962 692 3026 ὡς
722 2962 929 3017 οἰκείαν
968 2965 1110 3017 κατὰ
1140 2963 1323 3026 πάσης
1355 2966 1529 3034 χαράς
1551 2965 1620 3036 ὀρ

1909 2957 2058 3011 nium
2090 2971 2215 3012 cum
2253 2954 2405 3011 omni
2452 2954 2671 3025 gaudio,
2704 2969 2800 3010 seu
2832 2952 3191 3008 libentissime
3240 2949 3405 3005 videt.

704 3078 954 3131 ΚΕΦΑΛ.
993 3076 1170 3132 PKI".
1751 3062 1792 3120 C

1751 3062 1792 3120 C
2364 3066 2594 3125 CAPUT
2626 3067 2861 3124 CXXIII.

213 3173 505 3258 Μακᾶριὸς
538 3190 655 3242 ἐστι
695 3192 949 3260 μοναχὸς,
980 3192 1008 3245 6
1044 3193 1253 3256 πάντας
1291 3192 1617 3264 ἀνθρώπους
1646 3193 1709 3261 ὡς

1915 3186 2094 3241 3eatus
2125 3186 2447 3247 monachus,
2477 3185 2571 3256 qui
2602 3193 2727 3256 post
2748 3184 2918 3240 Deum
2942 3198 3135 3242 omnes
3162 3182 3411 3238 homines

131 3281 280 3334 θεὸν
312 3281 454 3352 μετὰ
477 3282 611 3335 Θεὸν
644 3282 1019 3353 λογιζόμενος.

1824 3288 2083 3350 tanquam
2121 3278 2289 3333 Deum
2322 3287 2536 3348 reputat

699 3396 956 3453 ΚΕΦΑΛ.
997 3398 1090 3452 PK
1099 3400 1175 3452 A'.

2376 3392 2605 3450 CAPUT
2632 3393 2864 3449 CXXIV.

215 3510 469 3579 Μοναχὸς
516 3512 688 3581 ἔστιν,
720 3514 749 3567 ὁ
794 3513 1013 3569 πάντων
1060 3516 1389 3588 χωρισθεὶς,
1440 3518 1536 3572 καὶ
1593 3519 1711 3571 πᾶσξ

1920 3509 2195 3565 rlonachus
2221 3517 2323 3576 est,
2354 3510 2445 3578 qui
2474 3509 2541 3563 ab
2579 3508 2836 3564 omnibus
2859 3518 3141 3580 separatus
3164 3517 3269 3576 est,
3293 3523 3416 3567 om:

142 3602 623 3674 συνηρμοσμένος.

1827 3603 2099 3674 nibusque
2120 3611 2242 3674 apte
2271 3602 2733 3657 accommodatus.

697 3722 954 3777 ΚΕΦΑΛ.
993 3726 1171 3780 ΡΚΕ’.

2388 3713 2618 3770 CAPUT
2647 3713 2855 3770 CXXV.

220 3830 475 3903 Μοναχὸς
505 3834 676 3900 ἐστιν,
706 3834 735 3887 6
768 3836 960 3889 ἑαυτὸν
992 3838 1134 3907 μετὰ
1168 3838 1387 3891 πάντων
1425 3836 1716 3910 ἡγούμενος

1919 3830 2195 3887 VIonachus
2234 3840 2337 3897 est,
2387 3832 2482 3901 qui
2539 3831 2780 3901 seipsum
2826 3846 2949 3886 cum
2997 3832 3252 3887 omnibus
3294 3846 3415 3887 esse

146 3920 241 3975 διὰ
300 3922 362 3974 τὸ
424 3922 486 3975 ὲν
546 3923 764 3992 ἑκάστῳ
813 3924 1009 3978 ἑαυτὸν
1067 3926 1495 3997 ἀπαραλείπτως
1554 3928 1642 3981 ὃοκ

1922 3925 2129 3985 stimat,
2170 3937 2233 3976 co
2282 3922 2427 3992 quod
2475 3923 2532 3977 in
2584 3927 2915 3993 unoquo‘que
2973 3923 3075 3979 sibi
3114 3938 3175 3979 se
3215 3924 3415 3995 jugiter

148 4034 172 4066 ι
182 4011 307 4083 μᾷν.

1830 4015 2015 4071 videre
2044 4016 2308 4069 videatur.

702 4131 956 4184 ΚΕΦΑΛ.
998 4131 1187 4198 Ρκιτν.

2375 4127 2602 4183 CAPUT
2632 4129 2862 4184 CXXVI.

226 4233 403 4305 Οὗτος
430 4243 743 4315 προσευχὴν
781 4244 1021 4297 ἐπιτελεῖ
1039 4287 1053 4309 ,
1083 4246 1112 4297 6
1138 4243 1227 4297 ἀεὶ
1264 4244 1363 4314 τὴν
1394 4242 1722 4317 πρωτόνοιαι

1927 4259 1954 4299 s
1998 4242 2301 4298 orationem
2359 4244 2597 4313 perﬁcit,
2647 4246 2738 4315 qui
2802 4261 3016 4317 semper
3065 4247 3265 4304 mentis
3306 4264 3419 4305 sua:

148 4332 361 4387 ἑαυτοῦ
393 4334 574 4387 πᾶσαν
597 4334 968 4405 καρποφορῶν
997 4334 1075 4404 τῷ
1108 4333 1248 4405 Θεῷ.

1762 4406 1789 4409 _
1832 4336 2105 4409 primitias
2137 4337 2312 4392 instar
2333 4336 2543 4393 fructus
2576 4337 2733 4393 oﬂ‘ert
2757 4338 2883 4393 Deo.

710 4451 963 4504 ΚΕΦΑΛ.
1004 4450 1178 4503 ΡΚΖ’.
1760 4406 1814 4466 D
1834 4406 1853 4409 ⁷

1760 4406 1814 4466 θ
1834 4406 1853 4409 ⁷
2276 4448 2437 4521 506
2469 4450 2700 4509 CAPUT
2730 4451 2988 4511 cxxvn.

230 4563 349 4618 Πᾶν
376 4562 572 4633 ψεῦδος
592 4604 608 4633 ,
640 4566 736 4618 καὶ
775 4564 956 4617 πάντα
981 4564 1145 4635 ὅρκον
1174 4564 1499 4636 περιίστασο
1529 4564 1605 4628 ὡς
1638 4581 1726 4635 μο-

1925 4562 2085 4619 Jmne
2138 4565 2502 4631 mendacium,
2540 4576 2594 4621 et
2640 4582 2801 4623 omne
2842 4569 3230 4640 jusjurandum
3277 4572 3421 4628 evita

153 4662 345 4734 ναχὸς,
377 4664 471 4717 καὶ
494 4663 894 4736 προσεύξασθαι
927 4663 1133 4727 ποθῶν,
1166 4664 1215 4716 εί
1240 4663 1297 4716 δὲ
1332 4663 1498 4733 μήγε,
1524 4665 1604 4726 είς
1630 4681 1649 4734 ι.

1925 4657 1998 4710 uti
2047 4657 2368 4722 monachus,
2404 4659 2609 4729 quique
2656 4675 2816 4716 orare
2852 4674 3137 4734 peroptas;
3178 4663 3421 4735 alioquin

153 4772 263 4828 την
292 4756 654 4827 σχηματίζεις
677 4756 736 4809 τὸ
763 4755 1051 4808 ἀνοίκειον.

1839 4748 2041 4805 frustra
2075 4750 2310 4804 alienum
2351 4751 2578 4821 efﬁngis.

711 4888 964 4944 ΚΕΦΑΛ.
1004 4889 1187 4943 ΡΚΗ’.

2363 4883 2593 4941 CAPUT
2621 4884 2893 4942 CXXVIII.

235 5004 304 5061 Εί
332 5006 605 5077 πνεύματι
631 5003 1036 5077 προσεύχεσθαι
1069 5002 1278 5074 βούλει,
1302 5002 1468 5074 μηδὲν
1499 5001 1731 5074 ἁνιμήσῃ

1929 4993 1971 5050 5i
1999 4996 2194 5065 spiritu
2218 4998 2352 5053 velis
2374 5013 2553 5066 orare,
2577 5000 2714 5055 nihil
2738 5001 3004 5058 hauriasa
3030 5018 3214 5070 carne,
3238 5003 3425 5074 sicque

163 5096 276 5154 ἀπὸ
322 5098 519 5169 σαρκὸς
569 5098 664 5151 καὶ
695 5097 792 5165 οὐχ
826 5093 970 5159 ἕξεις
1010 5094 1171 5163 νέφος
1202 5092 1521 5149 ἁντικοτοῦν
1558 5108 1641 5145 σοι

1930 5105 1951 5141 ri
1980 5088 2204 5145 habebis
2234 5090 2486 5146 nebulam
2524 5092 2619 5147 tibi
2654 5102 2898 5164 tempore
2933 5095 3197 5151 orationis
3226 5096 3426 5153 adver-

163 5192 246 5266 τῷ
272 5191 449 5263 καιρῷ
474 5195 573 5264 τῆς
607 5188 942 5262 προσευχῆς.

607 5188 942 5262 προσευχῆς.
1843 5187 2072 5236 santem.

711 5326 965 5381 ΚΕΦᾹΛ.
1008 5323 1183 5378 ΡΚΘ¹.

2380 5316 2611 5374 CAPUT
2644 5318 2880 5376 CXXIX.

252 5442 653 5516 Ἐμπίστευσον
691 5439 770 5511 τῷ
814 5438 934 5510 Θεῷ
965 5438 1068 5507 τὴν
1110 5434 1302 5508 χρείαν
1338 5434 1433 5489 τοῦ
1465 5433 1742 5506 σώματος,

1930 5434 2203 5490 30mmitte
2231 5433 2404 5490 ﬁdens
2435 5433 2546 5490 Deo
2585 5437 2832 5505 corporis
2877 5448 3193 5509 egestatem,
3237 5440 3426 5511 sicque

173 5537 269 5591 καὶ
316 5535 473 5607 δῆλος
524 5533 622 5605 ἔσῃ
672 5534 767 5587 καὶ
810 5531 910 5603 τὴν
953 5530 1050 5584 τοῦ
1113 5529 1425 5602 πνεύματος
1471 5527 1666 5583 πιστεύ

1928 5526 2169 5585 ιιιὶΐεεῑυε
2195 5527 2325 5595 eris,
2374 5528 2517 5598 quod
2550 5536 2604 5584 et
2632 5527 2776 5584 illam
2806 5530 3032 5600 spiritus
3062 5532 3167 5601 ipsi
3195 5546 3424 5590 concre-

173 5626 337 5699 αὐτῷ.

1848 5618 1953 5676 dis.

457 5745 731 5805 ιἠιιοι..
774 5740 891 5803 Gn.
920 5738 1183 5802 LXXIX.

2996 5735 3067 5798 38
