3788 6224
332 249 468 313 1175
1822 260 1828 315 l

3453 250 3598 312 1176

869 362 1097 421 CAPUT
1135 362 1371 419 xxxvr.
1938 374 1990 432 Α

1938 374 1990 432 Α
2594 374 2843 431 ΚΕΦΔΛ.
2882 377 3018 444 Δεῖν.

396 476 456 532 Si
486 492 645 532 orare
676 479 883 548 cupias,
914 494 1168 534 omnibus
1204 488 1480 545 renuntia,
1514 472 1782 535 ut'omnia
1818 486 1892 537 tib

2094 486 2149 538 Εί
2177 487 2575 557 προσεύξασθαι
2603 489 2806 554 ποθεῖς,
2838 490 3106 558 ἀπόταξαι
3137 493 3250 554 τοῖς
3285 490 3590 561 σύμπασιν,

325 571 519 625 cedant
554 571 606 624 in
641 570 1034 625 haereditatem.

2018 577 2105 632 ἵνα
2135 578 2197 631 τὸ
2229 582 2340 634 πᾶν
2371 580 2808 655 κληρονομήσῃς.

830 680 1058 738 CAPUT
1092 681 1361 739 XXXVII.

2586 696 2836 751 ΚΕΦΑΛ.
2875 694 2993 752 AZ'.

394 798 503 855 Ora
532 799 707 869 primo
744 807 802 852 ut
836 799 1133 870 purgerisa
1161 798 1530 869 passionibus,
1564 807 1618 854 et
1643 798 1884 854 secundo

2096 805 2393 876 Προσεύχου
2442 806 2709 877 πρότερον
2760 808 2890 879 περὶ
2932 808 3027 861 τοῦ
3081 809 3422 880 καθαρθῆναι
3473 811 3592 864 τῶν

328 902 388 947 ut
412 894 624 947 eruaris
647 892 715 946 ab
744 892 1070 961 ignorantia.
1097 900 1154 947 et
1183 891 1364 958 tertio,
1410 901 1470 946 ut
1509 893 1578 947 ab
1610 891 1758 947 omni
1786 899 1824 944 ι(

2093 897 2223 960 θῶν,
2271 898 2367 951 καὶ
2410 897 2661 968 δεύτερον
2706 899 2836 969 περὶ
2879 898 2973 951 τοῦ
3026 899 3287 970 ρυσθῆναι
3330 900 3441 953 ἀπὸ
3486 902 3585 971 τῆς

324 985 530 1040 tatione
556 993 719 1054 atque
742 984 1091 1038 derelictione
1113 983 1379 1038 libereris.

2088 989 2314 1054 νωσίας,
2361 991 2455 1043 καὶ
2496 989 2681 1061 τρίτον
2727 989 2837 1044 ἀπὸ
2880 989 3081 1052 παντὸς
3130 990 3441 1062 πειρασμοῦ
3490 993 3584 1044 καὶ

2007 1081 2465 1151 ἐγκαταλείψεως.

721 1184 888 1257 486
913 1183 1141 1242 CAPUT
1177 1183 1473 1239 xxxvnl.

2583 1196 2838 1250 ΚΕΦΑΛ.
2880 1196 3009 1252 ΛΗ’.

395 1300 454 1356 1η
490 1300 737 1356 oratione
786 1308 879 1353 tua
920 1299 1093 1354 solam
1145 1301 1363 1369 require
1389 1299 1657 1369 justitiam
1681 1342 1696 1367 ,
1730 1310 1784 1356 et
1814 1317 1891 1357 re-

2086 1310 2257 1382 Mdv'qv
2289 1310 2440 1380 ζήτει
2473 1311 2532 1364 ὲν
2554 1312 2619 1381 τῇ
2646 1313 2922 1382 προσευχῇ
2956 1327 3050 1363 σου
3079 1310 3179 1381 τὴν
3200 1308 3582 1379 δικαιοσύνην,

329 1407 522 1464 gnum,
558 1391 611 1444 id
642 1401 727 1445 est
763 1389 1016 1445 virtutem
1038 1429 1054 1452 ,
1093 1400 1147 1445 et
1184 1389 1571 1461 cOguitionem,
1614 1399 1669 1445 et
1704 1401 1825 1449 caete

2087 1406 2228 1478 ιτὴν
2281 1406 2577 1477 βασιλείαν,
2628 1406 2873 1460 τουτέστι
2908 1407 3009 1475 τὴν
3054 1405 3279 1476 ἀρετὴν,
3334 1407 3433 1459 καὶ
3477 1406 3583 1476 τὴν

325 1484 508 1541 omnia
541 1482 637 1537 tibi
667 1480 995 1549 δάίίείθυιυΐ
997 1520 1014 1537 ο
1999 1497 2221 1562 γνῶσιν,
2247 1498 2344 1551 καὶ
2370 1497 2441 1551 τὰ
2470 1496 2633 1551 λοιπὰ
2662 1496 2840 1550 πάντα
2874 1494 3306 1565 προστεθήσεταί
3342 1510 3449 1546 σοι.

861 1597 1090 1655 CAPUT
1123 1598 1362 1655 XXXIX.

2586 1610 2840 1664 ΚΕΦΑΔ.
2880 1609 3003 1663 ΛΘ’.

395 1715 605 1770 Iustum
646 1724 729 1770 est
762 1731 874 1769 non
913 1715 1089 1771 solum
1121 1729 1216 1784 pro
1246 1714 1465 1784 propria
1514 1715 1891 1771 emuniiatione

2082 1730 2307 1795 Δίκαιον,
2339 1729 2416 1799 μὴ
2447 1728 2607 1799 μόνον
2635 1727 2766 1799 περ)⁸
2803 1727 3012 1790 οἰκείας
3051 1724 3371 1797 καθάρσεως
3404 1739 3578 1794 προσ-

325 1822 504 1872 orare,
538 1808 630 1861 sed
672 1816 725 1862 et
755 1822 853 1876 pro
882 1808 1027 1862 omni
1057 1807 1381 1873 contribule,
1416 1816 1477 1862 ut
1522 1808 1742 1863 modum
1776 1809 1821 1861 in

2082 1822 2272 1891 (εσθαι,
2314 1821 2451 1875 ἀλλὰ
2494 1822 2588 1875 καὶ
2619 1821 2752 1891 περὶ
2790 1820 2989 1880 παντὸς
3016 1818 3318 1890 ὁμοφύλου,
3356 1817 3451 1871 ἵνα
3473 1817 3578 1885 ἀγ-

325 1902 456 1956 tcris
476 1901 804 1973 angellcum.

1999 1912 2214 1979 τελικὸν
2248 1913 2388 1982 μιμή
2398 1929 2463 1983 σῃ
2494 1912 2713 1984 τρόπον.

933 2012 1162 2069 CAPUT
1194 2013 1312 2069 XL.

2589 2023 2843 2077 ΚΕΦΔΛ.
2881 2023 2969 2077 Μ’.

388 2127 546 2195 Vide,
583 2143 652 2182 an
685 2142 811 2183 vere
840 2127 950 2182 Deo
979 2136 1070 2182 tua
1112 2128 1165 2181 in
1197 2128 1442 2183 oratione
1460 2128 1791 2195 adhaeseris,;
1812 2128 1884 2183 vel

2084 2139 2231 2209 Ὀρα,
2271 2136 2365 2191 ἐὰν
2393 2136 2611 2207 ἀληθῶς
2649 2134 2768 2206 Θεῷ
2811 2134 3165 2205 παρέστηκας
3196 2133 3255 2186 ἐν
3294 2134 3359 2204 τῇ
3397 2146 3580 2202 προσ-

321 2236 388 2274 an
444 2220 729 2275 hominum
762 2219 1000 2275 vincaris
1052 2220 1248 2280 laude,
1300 2219 1557 2288 illamque
1600 2227 1817 2275 contem

2080 2230 2129 2299 ίῇ
2163 2245 2279 2288 σου,
2309 2227 2343 2298 ἦ
2379 2228 2583 2297 ἐπαίνῳ
2613 2225 2915 2296 ἀνθρώπων
2944 2225 3197 2295 ἠττᾶσαι,
3242 2225 3338 2275 καὶ
3363 2223 3576 2275 τούτων

319 2312 618 2383 aucupari,
666 2312 930 2368 orationis
977 2320 1134 2367 utens
1189 2312 1682 2381 reprmsentatione,
1731 2312 1815 2368 vel

2077 2321 2170 2389 ρᾷν
2200 2318 2420 2388 ἐπείγῃ,
2461 2316 2649 2387 ὥσπερ
2683 2313 3101 2385 ὲπικαλύμματι
3128 2312 3472 2384 κεχρημένος
3502 2313 3573 2381 τῇ

319 2403 578 2474 tegmine,

1997 2410 2339 2481 παραστάσει
2369 2409 2469 2479 τῆς
2502 2407 2834 2479 προσευχῆς.

909 2511 1136 2569 CAPUT
1184 2510 1323 2567 XLI.

2570 2521 2824 2575 ΚΕΦΑΛ.
2862 2520 2999 2572 ΜΑ¹.

388 2626 514 2684 Sive
537 2644 662 2684 cum
688 2626 953 2683 fratribus
988 2643 1135 2687 ores.
1175 2627 1291 2682 sive
1332 2627 1506 2693 solus,
1537 2643 1759 2693 conare,
1785 2643 1884 2683 non

2076 2636 2191 2689 Εἴτε
2221 2635 2362 2705 μετὰ
2392 2635 2638 2704 ἀδελφῶν
2681 2633 2982 2707 προσεύχῃ,
3027 2633 3137 2686 εἴτε
3182 2631 3329 2686 κατά
3373 2629 3572 2701 μόνας,

319 2722 733 2789 consuetudine,
761 2722 858 2778 sed
897 2736 1064 2776 sensu
1095 2736 1275 2777 orare.

1994 2728 2283 2797 ἀγώνισαι,
2317 2728 2393 2799 μὴ
2422 2727 2556 2793 ἔθει,
2596 2726 2735 2781 ἀλλὰ
2766 2726 3015 2797 αἰσθήσει
3046 2722 3471 2796 προσεύχεσθαι.

882 2834 1112 2892 CAPUT
1151 2835 1313 2891 XLII.

2568 2842 2823 2897 ΚΕΦΑΛ.
2861 2838 2995 2895 ΜΒ’.

390 2946 676 3019 Pr0prium
705 2947 971 3005 orationis
1003 2958 1086 3004 est
1115 2949 1328 3004 interna
1361 2950 1619 3020 COgitatio
1649 2966 1774 3007 cum
1800 2949 1886 3005 de-

2080 2954 2234 3021 Ήθος
2265 2956 2384 3011 ἐστὶ
2412 2956 2725 3030 προσευχῆς
2755 2954 2972 3008 σύννοια
3000 2953 3118 3025 μετ’
3144 2950 3452 3016 εὐλαϐείας,
3475 2950 3576 3003 καὶ

316 3050 444 3097 vota
498 3041 699 3112 pietate
752 3051 807 3095 et
851 3041 1291 3111 compunctione,
1337 3042 1639 3112 animaeque
1683 3042 1887 3109 dolore,

317 3143 542 3205 peccata
569 3148 693 3188 cum
722 3134 893 3188 mutis
923 3133 1176 3203 suspiriis
1206 3134 1536 3189 confitendo.

1992 3049 2361 3117 κατανύξεως,
2396 3050 2491 3104 καὶ
2518 3048 2713 3119 ὀδύνης
2738 3046 2916 3119 ψυχῆς
2940 3047 3000 3100 ὲν
3029 3042 3381 3115 ἐξαγορεύσει
3410 3059 3577 3096 πται-

1995 3146 2218 3218 σμάτων
2256 3146 2396 3219 μετὰ
2425 3142 2751 3216 στεναγμῶν
2782 3141 3035 3213 ἀφώνων.

1916 3095 1961 3158 C

885 3244 1115 3303 CAPUT
1146 3245 1328 3301 XLIII.
2572 3258 2827 3314 ΚΕΦΑΛ.
2866 3258 3001 3313 Ml".

388 3361 446 3417 Si
482 3371 575 3417 tua
604 3377 761 3418 mens
791 3362 965 3417 atatis
1014 3359 1204 3417 ﬂorem
1244 3361 1300 3416 in
1347 3368 1590 3431 tempore
1629 3360 1884 3416 orationis

2080 3375 2200 3430 Ἐὰν
2224 3373 2623 3448 περιϐλέπηται
2650 3374 2679 3426 ὁ
2708 3372 2834 3436 νοῦς
2862 3388 2954 3425 σου
2980 3369 3167 3439 ἀκμὴν
3193 3367 3255 3421 ὲν
3283 3366 3364 3438 τῷ
3391 3384 3576 3439 καιριρ

316 3454 550 3522 aﬂ‘ectet,
577 3455 819 3511 nondum
850 3462 910 3509 ut
939 3455 1245 3510 monachus
1273 3463 1418 3518 orat.
1452 3453 1545 3510 sed
1592 3453 1812 3508 etiamm

2076 3488 2089 3533 ;
2137 3464 2487 3541 προσευχῆς,
2528 3465 2741 3521 οὐδέπω
2769 3464 2845 3529 ὡς
2901 3461 3136 3535 μοναχὺς
3178 3459 3572 3532 προσεύχεται,

316 3548 594 3604 mundana
623 3556 727 3615 est,
767 3548 1009 3603 exterius
1041 3548 1453 3603 tabernaculum
1484 3561 1779 3601 exornans.

2081 3564 2106 3614 ι’
2142 3562 2222 3616 ἔτι
2268 3560 2533 3633 κοσμικός
2575 3561 2714 3626 ἐστι,
2748 3560 2848 3631 τὴν
2889 3554 3089 3625 ἔξωθεν
3122 3552 3328 3625 σκηνὴν
3362 3552 3577 3607 καλλω-

1992 3654 2187 3718 πίζων.

782 3750 947 3824 487
984 3748 1214 3806 CAPUT
1243 3747 1429 3805 XLIV.

2576 3764 2831 3818 ΚΕΦΑΛ.
2867 3763 3000 3817 MA'.

385 3866 524 3922 Dum
544 3838 701 3934 ‘oras,
732 3875 903 3931 tuam,
923 3881 1021 3934 pro
1046 3865 1276 3929 viribus,
1301 3863 1511 3919 custodi
1548 3863 1881 3927 memoriam,

2075 3877 2524 3949 Προσευχόμενος,
2553 3874 2654 3943 τὴν
2677 3873 2899 3944 μνήμην
2933 3887 3028 3924 σου
3054 3869 3283 3939 δυνάμει
3306 3864 3571 3935 φύλαττε,

314 3972 376 4016 ut
408 3976 507 4017 sua
538 3960 753 4031 propria
785 3975 893 4014 non
925 3958 1025 4012 tibi
1063 3964 1352 4027 proponat,
1378 3955 1473 4010 sed
1514 3963 1804 4010 te'moveat

2076 4014 2079 4023 .
2117 3973 2193 4043 μὴ
2235 3973 2305 4026 τὰ
2349 3972 2528 4025 οἰκεῖα
2578 3967 2894 4039 παράθηταί
2944 3983 3047 4030 σοι,
3097 3965 3236 4020 ἀλλά
3284 3963 3423 4033 πρὸς
3468 3960 3572 4032 τὴν

313 4056 675 4124 cognitionem
723 4052 1063 4109 extensionis
1105 4051 1171 4105 ad
1204 4050 1408 4116 Deum;
1439 4047 1701 4105 memoria
1735 4063 1809 4103 nai

2075 4066 2193 4119 ὒσιν
2220 4065 2323 4134 τῆς
2367 4062 2729 4135 παρατάσεώς
2778 4077 2839 4113 σε
2866 4061 3013 4129 κινῇ*
3058 4057 3183 4110 λίαν
3209 4055 3319 4126 γὰρ
3353 4056 3571 4124 πέφυκε

316 4163 423 4216 que
462 4148 664 4202 assolet
696 4145 929 4200 multum
964 4142 1264 4214 depraedari
1297 4152 1534 4197 mentem
1576 4141 1721 4196 circa
1752 4150 1812 4195 te:

2076 4158 2255 4212 taceat
2286 4157 2316 4209 ὁ
2360 4154 2484 4219 νοῦς
2536 4153 2642 4207 ὑπὸ
2672 4153 2773 4222 τῆς
2830 4152 3050 4224 μνήμης
3090 4151 3231 4205 κατά
3254 4149 3348 4202 τὸν
3375 4148 3572 4219 καιρὸν

314 4256 418 4310 pus
449 4239 730 4295 orationis.

1991 4251 2087 4320 τῆς
2120 4247 2448 4320 προσευχῆς.

886 4348 1113 4405 CAPUT
1155 4348 1314 4404 XLV.

2576 4357 2827 4412 ΚΕΦΛΛ.
2865 4355 3000 4411 ME'.

382 4469 492 4520 Aut
516 4476 725 4521 veteres
752 4481 933 4520 rerum
955 4464 1374 4537 imaginationes
1423 4466 1519 4519 tibi
1550 4465 1728 4521 oranti
1759 4480 1878 4538 pro-

2079 4479 2135 4532 'H
2184 4476 2430 4531 παλαιῶν
2475 4474 2819 4546 πραγμάτων
2871 4473 2995 4542 ἄγει
3045 4489 3126 4525 σοι
3182 4468 3493 4540 φαντασίας
3542 4470 3575 4539 ή

314 4559 466 4614 ducit
492 4558 775 4623 memoria,
808 4568 899 4611 aut
925 4572 1092 4612 n0vas
1118 4573 1300 4622 curas,
1319 4567 1413 4612 aut
1439 4574 1726 4627 personam
1769 4559 1810 4629 ej

2135 4591 2179 4643 ιη
2225 4546 2665 4640 προσευχομένῳ,
2713 4567 2747 4637 ἢ
2791 4565 2919 4631 νέας
2954 4565 3263 4638 φροντίδας,
3316 4563 3350 4636 ἢ
3404 4563 3577 4634 πρόσ-
3629 4585 3631 4589 τ

315 4653 409 4722 qui
438 4661 489 4706 te
516 4652 705 4707 dolore
733 4649 931 4705 affecit.

1989 4681 2137 4718 ωπον
2166 4662 2556 4731 λελυπηκότος.

897 4760 1123 4816 CAPUT
1151 4760 1340 4815 XLVI.

2557 4772 2809 4826 ΚΕΦΑΛ.
2849 4770 3001 4836 Μετ’.

385 4878 555 4935 Valde
589 4872 794 4935 invidet
821 4878 1037 4933 daemon
1076 4878 1286 4932 homini
1320 4879 1520 4943 oranti,
1566 4894 1881 4950 omnemque

2072 4888 2194 4942 Δίαν
2220 4884 2501 4957 βασκαίνει
2529 4885 2558 4937 ὁ
2583 4883 2794 4953 δαίμων
2816 4880 3092 4952 ἀνθρώπῳ
3113 4873 3568 4948 προσευχομένῳ,

315 4973 626 5029 machinam
669 4971 907 5037 adhibet,
955 4981 1015 5027 ut
1051 4970 1171 5041 ejus
1209 4972 1564 5028 intentionem
1604 4973 1811 5043 inquim

2073 4985 2087 5035 ι
2127 4982 2273 5051 πάσῃ
2307 4979 2505 5050 χρᾶται
2545 4977 2787 5047 μηχανῇ,
2831 4970 3176 5043 λυμήνασθαι
3222 4969 3318 5021 τὸν
3373 4967 3569 5019 τούτου

320 5083 429 5122 non
446 5074 622 5121 cessat
647 5066 813 5136 igitur
842 5079 938 5135 per
964 5065 1285 5120 memoriam
1308 5066 1664 5136 cogitationes
1695 5068 1816 5122 han

2073 5073 2215 5126 ὶπόν·
2254 5071 2316 5123 ού
2350 5069 2584 5124 παύεται
2609 5063 2702 5121 οῦν
2730 5065 2801 5118 τὰ
2823 5064 3073 5134 νοήματα
3100 5059 3268 5115 κινῶν
3294 5059 3403 5111 τῶν
3431 5073 3569 5126 πρα-

318 5175 501 5215 rerum
530 5173 897 5221 commovere.
922 5173 1221 5229 omnesque
1244 5159 1532 5229 passiones
1548 5176 1645 5230 per
1668 5177 1814 5217 carm

2074 5167 2214 5220 άτων
2254 5162 2344 5216 διὰ
2387 5162 2487 5232 τῆς
2535 5161 2775 5231 μνήμης,
2823 5157 2918 5210 καὶ
2948 5155 3046 5208 ὅλα
3076 5154 3144 5207 τά
3176 5150 3329 5222 πάθη
3362 5152 3570 5219 ἀναμο-

320 5261 581 5321 tanquam
627 5251 873 5306 vectibus
920 5252 1279 5318 subexcitare,
1324 5259 1385 5307 ut
1418 5253 1680 5322 impedire
1719 5270 1816 5325 pos

2073 5258 2196 5312 εύων
2223 5256 2310 5309 διὰ
2356 5254 2455 5325 τῆς
2490 5253 2713 5326 σαρκὸς,
2762 5251 2849 5304 ἵνα
2898 5247 3188 5319 ἐμποδίσαι
3235 5243 3437 5315 δυνηθῇ
3490 5240 3569 5313 τῷ

320 5345 585 5416 optimum
615 5344 786 5414 ipsius
819 5360 1061 5410 cursum,
1093 5356 1146 5399 et
1174 5360 1454 5401 accessum
1485 5346 1553 5401 ad
1593 5345 1785 5403 Deum.

1990 5349 2198 5423 ἀρίστῳ
2222 5343 2391 5402 αὐτοῦ
2422 5344 2630 5415 δρόμῳ,
2658 5343 2755 5395 καὶ
2779 5343 2845 5412 τῇ
2872 5338 3009 5411 πρὸς
3042 5337 3174 5391 Θεὸν
3202 5334 3456 5406 ὲκδημίᾳ.

881 5481 1110 5539 CAPUT
1135 5481 1345 5537 XLVII.

2567 5481 2818 5535 ΚΕΦΑΛ.
2856 5477 2987 5532 MZ'.

395 5597 625 5661 Quando
656 5598 1096 5667 improbissimus
1125 5600 1336 5653 daemon
1381 5597 1612 5668 plurima
1644 5599 1889 5662 molitus.

2066 5600 2232 5653 Ὅταν
2260 5599 2429 5652 πολλὰ
2472 5597 2707 5667 ποιήσας
2733 5596 2761 5647 ὁ
2801 5590 3168 5662 πονηρότατος
3208 5588 3437 5660 δαίμωνν
3488 5597 3562 5660 μη

328 5688 557 5743 ιωάίοεὶ
586 5690 884 5745 oralionem
918 5690 1179 5759 impedire
1228 5708 1330 5748 non
1372 5691 1624 5761 potuerit,
1677 5707 1824 5763 parm

2067 5695 2193 5762 νηθῆ
2225 5695 2513 5762 ἐμποδίσαι
2542 5693 2642 5763 τὴν
2669 5690 2763 5745 τοῦ
2795 5686 3085 5743 σπουδαίου
3114 5684 3444 5757 προσευχὴν,
3476 5699 3563 5756 lu-
