3788 6224
166 270 319 333 1177

1538 266 1635 324 DE
1662 265 2067 327 ORATIONE.

3288 266 3421 333 1178

163 387 313 456 πρὶν
335 381 582 452 ὑποχαλᾷ
599 421 614 446 ,
645 381 740 432 καὶ
779 379 1076 449 μετέπειτα
1099 357 1366 447 ἀμύνεται
1406 375 1567 430 αὐτὸν
1587 393 1742 448 προσ-

1877 395 1953 434 ter
1977 381 2222 445 remittit,
2252 389 2307 435 et
2333 379 2676 450 postmodum
2709 379 2877 449 ipsius
2906 383 2998 449 qui
3041 380 3298 447 oraverit,
3330 393 3422 436 su-

163 474 498 543 ευξάμενον·
534 473 567 541 ἢ
603 471 710 538 γάρ
740 471 819 537 εἰς
849 470 1018 540 ὀργὴν
1048 467 1252 536 ἐξάψας
1277 466 1529 535 ἀφανίζει
1560 468 1659 537 τὴν
1687 469 1752 519 ἐκ

163 567 278 635 τῆς
329 566 496 634 εὐχῆς
544 562 1017 634 συγκροτουμένην
1061 561 1291 631 ἀρίστην
1330 561 1662 614 κατάστασιν
1693 561 1752 611 ἐν

165 659 381 729 ἐαυτῷ,
414 658 446 728 ἢ
481 656 615 728 πρὸς
649 657 842 727 ἡδονήν
870 671 990 708 τινα
1020 653 1212 720 ἄλογον
1256 651 1508 724 ἐρεθίσας
1543 651 1752 722 ὑϐρίζει

163 752 268 805 τὸν
302 751 448 805 νοῦν.

760 859 1010 913 ΚΕΦᾹΛ.
1050 859 1192 914 MH'.

241 977 697 1050 Προσευξάμενος
737 975 812 1036 ὡς
860 975 958 1040 δεῖ,
1010 973 1287 1043 προσδόκα
1330 971 1367 1025 δι
1403 987 1480 1042 μη
1514 969 1616 1035 δεῖ,
1659 969 1754 1022 καὶ

166 1069 340 1139 στῆθι
367 1067 627 1139 ἀνδρείως
652 1066 935 1134 φυλάττων
961 1063 1051 1116 τὸν
1082 1061 1295 1134 καρπόν
1324 1079 1415 1115 σου
1441 1076 1456 1092 ·
1491 1062 1571 1122 είς
1595 1059 1754 1113 τοῦτο

162 1160 286 1228 γὰρ
317 1160 375 1224 ἐξ
405 1157 578 1227 ἀρχῆς
605 1155 860 1225 ἐτάχθης,
892 1152 1244 1226 ἐργάζεσθαι,
1289 1153 1386 1205 καὶ
1419 1149 1710 1221 φυλάττειν
1733 1162 1748 1178 '

169 1251 253 1319 μὴ
288 1245 382 1301 οὖν
409 1249 784 1317 ἐργασάμενος
832 1246 1002 1316 ἐάσῃς
1043 1244 1353 1313 ἀφύλακτον
1384 1241 1445 1295 τὸ
1473 1239 1706 1311 πονηθέν
1731 1254 1748 1272 ο

163 1343 217 1394 εί
250 1340 313 1394 δὲ
343 1341 506 1410 μήγε,
524 1339 672 1392 οὐδὲν
701 1337 988 1407 ὠφέλησας
1015 1334 1471 1408 προσευχόμενος.

757 1554 1012 1608 ΚΕΦΑΛ.
1050 1552 1188 1608 ΜΘ¹.

246 1671 367 1734 Πᾶς
397 1671 426 1722 ό
456 1667 759 1739 συγκροτού
770 1683 930 1736 μενος
959 1665 1195 1734 πόλεμος
1240 1662 1443 1735 μεταξὺ
1473 1662 1634 1733 ἡμῶν
1663 1679 1747 1728 τε,

1855 475 1953 528 mit
1981 474 2307 539 vindictam;
2345 482 2439 527 aut
2468 473 2612 528 enim
2649 472 2716 526 ad
2749 473 3081 526 iracundiam
3107 473 3418 538 incendens,

1853 567 2117 634 optimum
2164 565 2493 619 exterminat
2541 573 2765 628 statum,
2807 562 2861 616 iu
2911 564 3029 632 ipso
3059 579 3124 617 ex
3174 565 3423 619 oratione

1854 660 2179 713 instructum
2209 676 2224 723 ;
2263 666 2357 711 aut
2381 657 2448 711 ad
2487 657 2722 726 aliquam
2755 659 3027 725 proritans
3055 656 3420 710 irrationale-III

1851 751 2209 820 voluptatem,
2241 749 2409 803 menti
2444 749 2750 818 petulanter
2776 749 2938 801 infert
2964 748 3242 818 injuriam.

2297 863 2466 935 433
2488 861 2719 917 CAPUT
2749 860 2980 915 XLVIII.

1927 981 1984 1035 Si
2016 979 2258 1034 oraveris
2285 978 2361 1032 uti
2389 980 2563 1040 decet,
2594 985 2850 1046 exspecta
2887 993 3006 1046 quae
3054 992 3162 1030 non
3207 977 3418 1041 decent,

1852 1081 1906 1129 et
1931 1084 2015 1128 sta
2046 1073 2309 1135 viriliter,
2350 1070 2584 1124 fructum
2628 1079 2780 1122 tuum
2829 1069 3169 1134 custodiens;
3203 1068 3269 1121 ad
3318 1067 3422 1121 hoc

1852 1165 1997 1220 enim
2033 1181 2062 1218 a
2096 1163 2368 1235 principio
2400 1162 2554 1216 fuisti
2589 1162 2944 1224 constitutus,
2980 1169 3038 1213 ut
3067 1159 3334 1228 Opereris,
3367 1167 3423 1211 et

1851 1257 2160 1312 custodires
2201 1271 2314 1310 :ne
2361 1255 2545 1323 itaque
2590 1267 2860 1322 operans,
2907 1252 3050 1320 quod
3085 1250 3417 1304 elaboratum

1851 1358 1937 1402 est
1969 1349 2120 1402 sinas
2170 1345 2598 1411 incustoditum;
2631 1344 2684 1399 id
2713 1354 2894 1397 autem
2935 1342 3040 1396 nisi
3074 1341 3234 1404 faxis,
3286 1339 3422 1395 nihil

1851 1439 2059 1493 orando
2094 1437 2361 1507 prolicies.

2401 1546 2629 1602 CAPUT
2677 1546 2865 1603 XLIX.

1925 1686 2097 1743 Omne
2154 1686 2299 1757 quod
2350 1684 2633 1739 instruitur
2664 1683 2864 1736 bellum
2895 1681 3036 1734 inter
3091 1695 3192 1734 nos
3240 1679 3420 1749 impu-

164 1767 271 1819 καὶ
316 1763 426 1816 τῶν
478 1759 807 1829 ἀκαθάρτων
861 1758 1225 1826 πνευμάτων,
1271 1755 1332 1808 οὐ
1383 1755 1511 1826 περὶ
1554 1754 1740 1824 ἐτέρου

1877 1791 2055 1846 'osque
2095 1741 2318 1844 spiritus
2338 1816 2351 1837 ,
2377 1789 2486 1825 non
2516 1773 2584 1825 ob
2605 1771 2748 1825 aliud
2776 1772 2854 1836 Iit,
2881 1787 3042 1840 quam
3072 1771 3141 1823 ob
3163 1741 3420 1839 spiritua-

168 1856 410 1923 γίνεται,
441 1851 473 1922 ἢ
507 1851 637 1920 περὶ
683 1849 1059 1919 πνευματικῆς
1092 1845 1404 1917 προσευχῆς
1429 1860 1443 1874 ο
1494 1844 1614 1897 λίαν
1641 1843 1752 1914 γὰρ

167 1945 438 2016 πολέμιος
488 1944 672 2005 αὐτοῖς
715 1943 851 2005 ἐστι,
911 1940 1007 1993 καὶ
1053 1937 1466 2008 ἐπαχθεστάτη,
1521 1937 1654 2007 ἡμῖν
1697 1934 1754 1987 δὲ

168 2039 466 2109 σωτήριος,
498 2035 592 2089 καὶ
621 2031 1054 2105 προσηνεστάτη.

754 2277 756 2279 ’
775 2252 1031 2308 ΚΕΦΑΛ.
1070 2249 1155 2305 N'.

245 2377 315 2430 Τί
349 2374 599 2446 βούλεται
632 2373 744 2433 τοῖς
774 2368 990 2437 δαίμοσι
1019 2364 1261 2434 ἐνεργεῖν
1287 2361 1345 2414 ἐν
1371 2361 1503 2431 ἡμῖν
1528 2375 1752 2428 γαστρι-

173 2469 441 2541 μαργίαν,
475 2463 754 2536 πορνείαν,
789 2457 1174 2529 φιλαργυρίαν,
1222 2455 1391 2524 ὀργήν
1411 2469 1470 2503 τε
1498 2450 1594 2504 καὶ
1624 2467 1755 2520 μνη-

172 2561 464 2626 σικακίαν,
491 2560 586 2612 καὶ
609 2555 679 2609 τά
702 2552 866 2606 λοιπά
892 2550 1077 2620 πάθη;
1122 2548 1210 2601 ἵνα
1242 2544 1537 2615 παχυνθεὶς
1569 2545 1597 2596 ὁ
1627 2542 1751 2605 νοῦς

170 2656 237 2721 ἐξ
266 2654 468 2718 αὐτῶν,
499 2652 578 2722 μὴ
625 2647 823 2718 δυνηθῇ
859 2646 936 2707 ὡς
973 2643 1054 2696 δεῖ
1082 2637 1507 2712 προσεύξασθαιο
1543 2637 1612 2689 τὰ
1642 2634 1750 2704 γὰρ

169 2750 272 2804 τοῦ
300 2748 496 2814 ἀλόγου
534 2745 734 2815 μέρους
779 2739 927 2810 πάθη
955 2737 1197 2809 ἄρξαντα
1228 2735 1328 2788 οὐκ
1366 2733 1430 2802 ἐᾷ
1459 2730 1619 2784 αὐτὸν
1661 2728 1752 2782 λο-

170 2840 352 2912 γικῶς
382 2837 650 2892 κινεῖσθαι
678 2833 775 2888 καὶ
802 2833 895 2885 τὸν
922 2829 1058 2883 Θεοῦ
1088 2828 1260 2897 Λόγον
1291 2821 1593 2892 ἐπιζητεῖν.

767 3031 1018 3084 ΚΕΦΛΛ.
1057 3029 1187 3084 NA'.

247 3152 360 3216 Τὰς
391 3148 596 3222 ἀρετάς
631 3142 1005 3218 μετερχόμεθα
1027 3140 1117 3195 διὰ
1149 3139 1278 3202 τοὺς
1302 3136 1494 3204 λόγους
1519 3132 1629 3186 τῶν
1652 3147 1746 3198 γε·

171 3246 432 3318 γονότων,
481 3240 575 3293 καὶ
623 3237 846 3299 τούτους
887 3233 976 3288 διὰ
1012 3232 1102 3285 τὸν
1139 3227 1480 3283 οὑσιώσαντα
1522 3223 1746 3292 Κύριον,

171 3315 332 3400 οὗτος
363 3335 420 3388 δὲ
449 3333 507 3386 ἐν
531 3333 601 3402 τῇ
629 3327 958 3383 καταστάσει
990 3325 1090 3395 τῆς
1116 3319 1425 3394 προσευχῆς
1454 3315 1750 3385 ἀναφαίνε-

174 3427 304 3481 σθαι
335 3422 513 3478 εἴωθε.

765 3526 1016 3584 ΚΕΦΑΛ.
1047 3524 1174 3578 NB'.

245 3643 595 3708 Κατάστασίς
636 3642 751 3695 ἐστι
801 3638 1109 3709 προσευχῆς
1152 3636 1267 3701 ἕξις
1308 3633 1544 3702 ἀπαθὴς,
1589 3629 1752 3700 ἔρωτι

171 3739 463 3811 ἀκροτάτῳ
490 3736 568 3800 εἰς
599 3734 730 3802 ὕψος
761 3733 946 3802 νοητὸν
968 3730 1292 3801 ἁρπάζουσα
1316 3727 1408 3781 τὸν
1438 3724 1750 3796 φιλόσοφον,

174 3834 272 3886 καὶ
305 3826 674 3899 πνευματικὸν
706 3823 850 3879 νοῦν.

762 3936 1014 3990 ΚΕΦΑΛ.
1045 3933 1172 3990 NI".

248 4058 324 4111 Οὐ
371 4055 529 4127 μόνον
577 4051 783 4122 θυμοῦ,
835 4050 930 4102 καῖ⁹
984 4046 1277 4116 ἐπιθυμίας
1318 4045 1401 4097 δεῖ
1427 4044 1616 4115 ἄρχειν
1660 4043 1755 4094 τὸν

173 4149 392 4220 ἀληθῶς
430 4143 831 4218 προσεύξασθαι
861 4141 1251 4210 ἐπειγόμενον,
1299 4138 1433 4193 ἄλλα
1465 4136 1560 4191 καὶ
1597 4135 1755 4198 ἐκτὸς

176 4239 458 4314 ἐμπαθοῦς
487 4239 754 4308 νοήματος
791 4232 1063 4287 γενέσθαι.

757 4430 1010 4485 ΚΕΦΑΛ.
1051 4428 1178 4484 NA'.

264 4548 323 4603 '0
353 4547 578 4615 ἀγαπῶν
602 4546 693 4598 τὸν
727 4543 881 4608 Θεὸν,
911 4542 1084 4611 τούτῳ
1108 4540 1182 4602 ὡς
1214 4538 1388 4607 Πατρὶ
1421 4538 1509 4592 ἀεὶ
1537 4552 1776 4604 συνομιο,

177 4641 284 4706 λετ,
314 4637 788 4709 ἀποστρεφόμενος
819 4635 926 4686 πᾶν
955 4631 1133 4700 νόημα
1160 4628 1426 4699 ἐμπαθές.

769 4835 1016 4888 ΚΕΦΔΛ.
1055 4831 1162 4886 NE'

255 4955 370 5024 Οὐχ
408 4955 435 5006 ὁ
471 4951 738 5014 ἀπαθείας
769 4948 1102 5019 τετυχηκὼς,
1140 4947 1241 5018 ἤδη
1273 4947 1367 5000 καὶ
1398 4946 1756 5017 προσεύχεται

180 5045 421 5116 ἀληθῶς*
446 5044 665 5098 δύναται
689 5042 796 5112 γάρ
822 5043 878 5093 ἐν
907 5043 1017 5103 τοῖς
1040 5040 1214 5109 ψιλοῖς
1240 5042 1472 5110 νοήμασι
1508 5033 1648 5090 εἶναι
1665 5035 1759 5089 καὶ

184 5141 243 5191 ἐν
270 5140 390 5200 ταῖς
435 5136 698 5206 ἱστορίαις
731 5133 911 5188 αὐτῶν
963 5132 1356 5205 περισπᾶσθαι,
1409 5131 1503 5186 καὶ
1537 5128 1759 5202 μακράν

185 5226 414 5296 ἀπέχειν
442 5227 549 5280 ἀπὸ
578 5223 734 5278 Θεοῦ.

763 5334 1010 5389 ΚΕΦΑΛ.
1042 5333 1187 5401 Ncr.

259 5449 375 5500 Οὐκ
420 5445 486 5500 ἂν
532 5447 620 5499 ὅτε
671 5446 745 5517 μὴ
782 5446 1072 5518 ἐγχρονίζῃ
1119 5447 1146 5498 ὁ
1179 5445 1303 5508 νοῦς
1341 5445 1399 5498 ἐν
1442 5446 1554 5508 τοῖς
1580 5444 1759 5514 ψιλοῖς

188 5542 421 5611 νοήμασι
443 5538 552 5592 τῶν
577 5538 936 5610 πραγμάτων,
970 5539 1068 5610 ἤδη
1101 5538 1195 5591 καὶ
1241 5538 1548 5608 προσευχῆς
1575 5535 1758 5590 κατεί-

188 5633 327 5701 ληφε
374 5633 566 5684 τόπονο
594 5630 815 5685 δύναται
859 5629 966 5702 γὰρ
1013 5632 1069 5682 ἐν
1111 5631 1174 5699 τῇ
1224 5629 1429 5698 θεωρίᾳ¹
1476 5624 1756 5680 εἶναιτῶν

189 5721 554 5793 πραγμάτων,
609 5720 703 5774 καὶ
727 5703 796 5774 ’ἐν
829 5721 940 5784 τοῖς
983 5719 1162 5789 λόγοις
1203 5718 1382 5773 αὐτῶν
1421 5717 1749 5788 ἀδολεσχεῖν,

1854 1872 1957 1925 leIn
1989 1869 2326 1931 orationem;
2354 1865 2509 1918 valde
2534 1878 2769 1932 namque
2801 1863 2931 1931 ipsis
2966 1862 3174 1915 hostilis
3211 1871 3309 1923 est,
3356 1875 3418 1913 ac

1853 1961 2084 2015 maxime
2125 1957 2366 2020 inimica,
2402 1954 2560 2009 nobis
2586 1964 2766 2008 autem
2817 1952 3089 2015 salutaris,
3124 1967 3187 2004 ac
3219 1951 3420 2021 jucun-

1853 2052 2094 2107 dissima.

2476 2219 2702 2277 CAPUT
2738 2217 2800 2273 L.

1921 2339 2032 2394 Cur
2063 2337 2253 2392 volunt
2272 2335 2542 2388 daemones
2572 2333 2625 2387 in
2653 2332 2811 2386 nobis
2843 2330 3058 2400 operari
3087 2331 3285 2400 gulam,
3310 2329 3413 2385 for-

1852 2430 2198 2491 nicationem,
2241 2427 2548 2488 avaritiam,
2601 2423 2960 2488 iracundiam,
3007 2434 3058 2476 et
3100 2423 3416 2491 injuriarum

1853 2521 2310 2583 recordationem,
2348 2535 2412 2574 ac
2466 2519 2702 2586 reliquas
2747 2513 3060 2585 passiones?
3090 2525 3149 2568 ut
3195 2530 3257 2568 ex
3293 2515 3414 2584 ipsis

1851 2634 2006 2672 mens
2031 2617 2329 2670 incrassata
2367 2629 2475 2668 non
2506 2612 2698 2682 possit,
2731 2611 2873 2664 sicut
2905 2610 3058 2663 decet
3080 2624 3237 2662 orare
3261 2627 3275 2674 ;
3299 2620 3420 2662 nam

1851 2709 2162 2780 passiones,
2192 2723 2313 2776 qua:
2334 2707 2402 2760 ab
2430 2703 2736 2758 irrationali
2764 2710 2920 2771 parte
2946 2707 3167 2755 sumunt
3190 2698 3430 2752 initium-

1855 2817 1966 2856 non
1995 2801 2180 2855 sinunt
2224 2813 2345 2852 eam
2391 2795 2729 2851 rationaliter
2776 2793 3018 2856 moveri,
3062 2790 3262 2860 Deique
3295 2790 3399 2861 Ver

1850 2894 1981 2948 bum
2019 2891 2315 2963 inquirere.

2445 2997 2672 3055 CAPUT
2702 2996 2788 3052 LI.

1776 3083 1819 3141 ϐ
1925 3115 2167 3170 Virtutes
2197 3123 2575 3168 consectamur
2595 3111 2666 3165 ob
2697 3111 2957 3172 rationes,
2985 3122 3080 3161 seu
3112 3119 3307 3160 causas
3336 3117 3396 3157 re

1849 3227 1970 3265 rum
2030 3217 2337 3264 creatarum
2366 3245 2380 3270 ,
2418 3214 2474 3260 et
2517 3206 2651 3259 istas
2701 3211 2918 3272 propter
2964 3199 3279 3258 Dominum,
3328 3211 3420 3264 qu-

1849 3317 2037 3357 earum
2065 3299 2334 3354 essentias
2369 3297 2610 3351 condidit
2638 3313 2651 3349 :
2677 3295 2791 3364 ipse
2816 3303 2995 3347 autem
3033 3292 3087 3345 in
3118 3300 3262 3345 staIu
3299 3301 3410 3341 ora-

1849 3391 2018 3448 tionis
2051 3389 2387 3445 manifestari
2412 3387 2716 3442 consuevit.

2343 3500 2508 3572 [.39
2553 3495 2779 3552 CAPUT
2822 3494 2930 3550 LII.

1924 3611 2110 3667 Status
2148 3607 2412 3663 orationis
2476 3614 2559 3660 est
2615 3604 2833 3658 habitus
2871 3603 3077 3668 absque
3133 3601 3428 3669 passione.

1853 3722 2040 3761 amore
2071 3717 2284 3760 summo
2305 3701 2372 3754 ad
2396 3698 2775 3754 celsitudinem
2799 3694 3186 3765 intelligibilem
3214 3692 3428 3762 rapiens

1853 3809 2091 3854 mentem
2122 3795 2421 3865 sapientem
2449 3831 2463 3857 ,
2491 3801 2546 3846 et
2576 3789 2937 3860 spiritualem.

2440 3901 2670 3958 CAPUT
2706 3899 2840 3956 LIII.

1924 4025 1973 4079 Is
2003 4023 2098 4093 qui
2129 4020 2331 4077 festino
2361 4017 2531 4087 gradu
2564 4013 2843 4071 contendit
2869 4026 2996 4068 vere
3035 4022 3229 4076 orare,
3272 4021 3415 4076 opor-

1855 4127 1932 4172 tet
1960 4126 2020 4171 ut
2046 4130 2154 4170 non
2189 4112 2366 4168 solum
2398 4109 2723 4171 iracundiae,
2753 4115 2917 4175 atque
2947 4100 3230 4172 cupiditati
3256 4099 3430 4154 domi-

1855 4219 2043 4275 netur,
2076 4221 2263 4262 terum
2294 4203 2464 4258 etiam
2505 4200 2715 4255 alienus
2745 4199 2818 4254 sit
2851 4213 2883 4251 a
2915 4194 3240 4267 cogitatione
3265 4231 3281 4258 ,
3311 4206 3436 4262 quae

1855 4303 2058 4358 imbuta
2087 4300 2158 4356 sit
2181 4297 2454 4369 passione.

2436 4404 2671 4464 CAPUT
2711 4403 2845 4458 LIV.

1932 4529 2037 4594 Qui
2069 4537 2216 4582 amat
2245 4525 2414 4580 Deum
2435 4565 2450 4590 ,
2482 4537 2607 4578 cum
2635 4522 2773 4591 ipso,
2818 4528 3080 4588 tanquam
3107 4515 3269 4571 Patre
3293 4528 3426 4568 sem-

1862 4637 1958 4692 per
1996 4620 2322 4686 colloquitur
2345 4658 2363 4683 ,
2393 4626 2449 4671 et
2485 4621 2838 4671 conversatur
2861 4652 2876 4678 ,
2912 4625 3128 4667 omnem
3155 4620 3438 4663 aversatus

1863 4714 2246 4784 cogitationem
2269 4709 2525 4780 passione
2549 4706 2910 4776 inquinatam.

2463 4818 2691 4875 CAPUT
2730 4816 2841 4871 LV.

1922 4939 2040 4994 Non
2072 4939 2165 5008 qui
2196 4936 2527 4991 vacuitatem
2558 4933 2874 5002 passionum
2909 4935 2993 4982 est
3024 4927 3283 4995 adeptus,
3324 4923 3436 4993 jam

1853 5047 1982 5087 vere
2024 5045 2241 5100 quoque
2269 5035 2432 5091 orat,
2467 5032 2642 5095 potest
2679 5023 2876 5092 quippe
2924 5023 2977 5074 in
3029 5019 3189 5073 nudis
3231 5015 3436 5071 versari

1854 5120 2311 5193 cogitationibus,
2359 5118 2520 5186 inque
2577 5115 2819 5169 studium
2867 5112 3012 5182 ipsas
3043 5108 3436 5179 cognoscendi,

1855 5230 1950 5270 seu
1974 5210 2237 5268 lustrandi
2259 5208 2520 5270 distrahi,
2552 5215 2606 5260 et
2635 5206 2789 5274 longe
2815 5205 3006 5258 abesse
3031 5217 3058 5255 a
3085 5201 3219 5256 Deo.

2440 5317 2672 5375 CAPUT
2711 5316 2847 5372 LVI.

1934 5436 2044 5492 Nec
2075 5451 2226 5502 vero,
2249 5435 2466 5505 quando
2491 5449 2642 5487 mens
2667 5432 2719 5485 in
2747 5429 2905 5484 nudis
2932 5443 3112 5483 rerum
3149 5427 3434 5497 cogitatio-

1863 5533 2024 5587 nibus
2049 5547 2155 5584 non
2184 5529 2278 5584 diu
2311 5531 2663 5589 immoretur,
2703 5524 2818 5595 jam
2846 5523 3009 5577 simul
3058 5520 3325 5575 orationis
3354 5520 3436 5574 Io-

1863 5640 1987 5678 cum
2022 5633 2104 5678 est
2133 5630 2418 5686 assecuta;
2454 5628 2629 5690 potest
2657 5618 2801 5672 cnim
2856 5616 2910 5668 in
2962 5629 3145 5670 rerum
3190 5622 3432 5668 contem-

1857 5715 2093 5788 platione
2122 5713 2350 5779 versari,
2383 5713 2546 5782 inque
2576 5712 2818 5780 ipsarum
2842 5706 3184 5763 discursibus
3209 5702 3438 5760 assidue
