3788 6224
382 250 519 319 1179

1840 268 1903 327 S.
1931 267 2095 328 NILI

3496 265 3637 333 1180

375 368 643 434 meditari,
698 388 843 441 quae,
896 374 1016 430 licet
1071 377 1212 431 nuda
1267 379 1375 432 sint
1412 379 1611 445 verba;
1655 388 1930 444 attamen,

2112 395 2204 450 :zp,
2228 382 2321 435 καὶ
2350 383 2399 435 εἰ
2424 381 2552 451 ψιλά
2582 384 2805 454 ῥήματά
2836 385 2997 449 εἰσιν,
3030 382 3148 437 ἀλλ’
3169 383 3248 445 ὡς
3278 380 3637 451 πραγμάτων

370 456 535 527 490
569 472 751 530 utpote
774 480 896 533 quae
927 482 1108 522 rerum
1140 470 1629 540 contemplationes
1646 472 1940 537 exsistunt,

373 553 525 617 quasi
553 554 764 623 signum
792 559 1061 626 quoddam
1098 562 1407 633 insculpunt
1437 564 1496 618 in
1538 573 1739 631 mente,
1766 562 1942 618 abduo

371 652 611 711 euntque
642 649 832 716 procul
866 665 897 704 a
930 649 1061 706 Deo.

940 764 1173 821 CAPUT
1210 764 1371 822 LVII.

446 867 708 935 Quamvis
757 893 912 934 mens
952 882 1086 936 citra
1120 885 1629 955 contemplationem
1672 902 1948 959 corporeae

374 967 584 1049 natura:
650 977 935 1038 versetur,
991 975 1231 1030 nondum
1270 987 1459 1048 tamen
1507 979 1807 1049 perlectum
1849 978 1946 1034 Dei

376 1048 552 1106 locum
585 1066 670 1111 est
701 1063 1065 1133 contemplata
1095 1083 1109 1119 :
1144 1077 1322 1137 potest
1352 1048 1551 1140 quippe
1588 1070 1642 1124 in
1675 1071 1947 1141 cognitio-

2046 469 2174 523 ὄντα
2202 470 2553 541 θεωρήματα,
2577 474 2805 528 τυποῦσι
2829 474 2920 527 τὸν
2948 475 3092 539 νοῦν,
3125 474 3222 527 καὶ
3260 472 3488 543 μακρὰν
3531 473 3639 525 άπ-

2047 560 2270 627 ἀγουσιν
2294 561 2399 613 ἀπὸ
2427 561 2585 615 Θεοῦ.

2634 765 2881 818 ΚΕΦΑΛ.
2914 764 3037 818 ΝΖ’.

2121 872 2239 927 Κᾶν
2263 874 2406 962 ῦπὲρ
2448 876 2546 949 τὴν
2584 876 2819 949 θεωρίαν
2845 878 2947 949 τῆς
2987 874 3309 947 σωματικῆς
3340 873 3563 945 φύσεως
3605 876 3637 927 ό

2051 962 2177 1027 νοῦς
2198 965 2618 1037 γένηταιῆοῦπω
2645 970 2826 1023 τέλεον
2865 970 2957 1023 τὸν
2992 968 3087 1022 τοῦ
3112 966 3249 1021 Θεοῦ
3272 967 3447 1020 τόπον
3479 965 3637 1020 ἐθεά-

2052 1071 2186 1112 σατο
2207 1074 2222 1088 ⁸
2258 1058 2480 1114 δύναται
2521 1061 2628 1133 γὰρ
2654 1064 2714 1115 ὲν
2740 1066 2806 1135 τῇ
2836 1063 2945 1117 τῶν
2976 1060 3182 1132 νοητῶν
3219 1056 3367 1114 εἶναι
3395 1058 3597 1129 γνώσει
3618 1099 3636 1125 ,

376 1155 444 1194 ne
488 1158 665 1201 rerum
697 1149 1138 1211 intellectualium
1178 1160 1412 1222 versari,
1452 1169 1509 1215 et
1540 1161 1609 1215 ad
1653 1176 1774 1216 eam
1799 1161 1949 1217 varie

2112 1149 2148 1203 t‘t
2177 1151 2546 1208 ποικίλλεσθαι
2576 1155 2713 1226 πρὸς
2746 1156 2940 1226 αὐτήν.

377 1233 659 1307 distingui.

935 1355 1166 1414 CAPUT
1203 1358 1384 1416 LVIII.

456 1464 510 1518 Si
544 1479 701 1519 orare
726 1467 861 1524 velis
883 1512 896 1536 ,
925 1469 1035 1526 Deo
1072 1481 1159 1526 est
1186 1489 1353 1544 opus,
1379 1475 1471 1545 qui
1501 1475 1594 1530 dat
1616 1476 1795 1531 oranti
1822 1491 1950 1532 ora-

380 1555 614 1621 tionem;
645 1557 803 1625 igitur
830 1560 1008 1630 ipsum
1039 1561 1253 1629 invoca,
1292 1565 1479 1621 dicens
1512 1583 1526 1619 :
1572 1586 1590 1619 ι
1629 1566 1948 1623 Sanctiﬁce-

379 1655 466 1699 tur
504 1662 698 1700 nomen
741 1658 913 1716 tuum,
946 1652 1196 1707 adveniat
1230 1671 1454 1725 regmnn
1489 1665 1640 1711 tuum
1663 1658 1709 1690 ὀ
1731 1699 1748 1724 ,
1786 1676 1805 1710 ι
1844 1660 1949 1713 hoc

2630 1354 2882 1408 ΚΕΦΑΛ.
2912 1354 3050 1412 NH’.

2124 1463 2189 1517 Εί
2231 1463 2633 1535 προσεύξασθαι
2668 1467 2880 1539 βούλει,
2924 1466 3059 1520 Θεοῦ
3088 1466 3248 1538 χρεία
3271 1464 3371 1519 τοῦ
3401 1462 3640 1526 διδόντος

2054 1556 2219 1627 εὐχὴν
2251 1556 2329 1628 τῷ
2367 1558 2663 1631 εὐχομένῳο
2705 1559 2903 1615 οὐκοῦν
2941 1558 3203 1613 ὲπικαλοῦ
3234 1558 3402 1611 αὑτὸν
3423 1556 3639 1623 λέγων,

2062 1666 2081 1700 ι
2101 1647 2448 1721 Ἁγιασθήτω
2468 1650 2530 1704 τὸ
2555 1650 2726 1722 ὄνομά
2756 1670 2875 1718 σου,
2905 1651 3103 1705 ἐλθέτω
3125 1652 3158 1721 ἡ
3195 1648 3449 1720 βασιλεία
3474 1666 3588 1707 σου,
3615 1665 3633 1698 ι

376 1748 461 1792 est
501 1737 735 1807 Spiritus
782 1751 1039 1809 sanctus,
1103 1756 1156 1800 et
1207 1743 1526 1817 Unigcnitus
1567 1747 1735 1804 Filius
1782 1759 1939 1816 tuus;

2112 1743 2289 1795 υτέστι
2340 1742 2403 1796 τὸ
2464 1742 2618 1811 ἀγιον
2676 1743 2922 1815 Πνεῦμα,
2968 1744 3063 1797 καὶ
3105 1745 3136 1797 ό
3192 1742 3497 1813 μονογενής
3545 1757 3641 1793 σου

380 1829 461 1883 sic
490 1831 632 1884 enim
677 1832 900 1899 docuit,
944 1834 1172 1889 dicendo
1198 1875 1214 1901 ,
1254 1834 1309 1890 in
1352 1838 1594 1907 Spiritu,
1627 1848 1680 1893 et
1720 1840 1947 1895 veritate

378 1922 593 1976 adorari
632 1923 676 1955 ⁸ο
720 1922 914 1993 Deum,
966 1928 1174 1983 scilicet
1206 1927 1419 1985 Patrem
1446 1970 1462 1997 ,
1508 1931 1949 2003 quandoquidem

378 2013 491 2069 haec
520 2016 621 2070 tria
654 2014 819 2073 Deus.

949 2132 1178 2191 CAPUT
1214 2134 1349 2192 LIX.

445 2243 546 2310 Qui
590 2258 707 2300 orat
758 2248 810 2302 in
864 2248 1109 2319 Spiritu,
1160 2258 1215 2305 et
1261 2250 1533 2315 veritate,
1577 2267 1685 2305 non
1730 2262 1951 2323 propter

373 2346 649 2392 creaturas
669 2339 1013 2395 Conditorem
1045 2341 1342 2398 honoriﬁce
1365 2343 1571 2409 laudat,
1601 2343 1695 2397 sed
1726 2353 1943 2414 propter

375 2428 588 2495 ipsum,
641 2432 899 2487 nimirum
941 2432 1062 2503 ejus
1111 2448 1392 2499 amorem,
1432 2434 1684 2490 eumdem
1735 2434 1951 2506 hymnis

374 2521 600 2576 exaltat.

966 2634 1196 2692 CAPUT
1233 2635 1347 2692 LX.

446 2746 505 2803 Si
532 2748 812 2821 theologus
839 2765 919 2817 es,
946 2766 1071 2806 vere
1098 2752 1304 2819 orabis,
1339 2752 1494 2823 sique
1526 2767 1655 2809 vere
1676 2754 1948 2821 oraveris,

374 2858 435 2899 es
468 2844 775 2914 theologus.

864 2958 1024 3031 (.91
1070 2957 1299 3016 CAPUT
1333 2958 1471 3015 LXI.

448 3069 681 3136 Quando
704 3085 860 3124 mens
883 3082 971 3125 tua
996 3111 1012 3138 ,
1040 3074 1210 3127 multo
1239 3090 1468 3131 accensa
1497 3092 1624 3148 erga
1656 3076 1823 3132 Deum
1852 3077 1948 3132 de-
1972 3069 2023 3135 α

376 3162 600 3225 sitierio,
632 3160 901 3216 tantillum
929 3162 1083 3232 quasi
1130 3166 1343 3219 recedet
1369 3182 1401 3220 a
1434 3182 1620 3234 carne,
1652 3183 1950 3237 omnesque

375 3252 730 3322 c0gitationes
762 3269 791 3306 a
822 3254 1119 3324 cupidiate,
1151 3263 1243 3310 aut
1275 3271 1307 3311 a
1335 3258 1618 3323 memoria,
1649 3267 1745 3313 aut
1779 3275 1807 3313 a
1836 3273 1950 3312 cor-

377 3345 527 3415 poris
558 3355 983 3415 temperamento
1018 3344 1408 3417 procedentes,
1442 3346 1751 3417 aversatur,
1789 3354 1951 3406 devo-

378 3439 524 3492 tione
568 3438 820 3493 simulet
861 3439 1060 3509 gaudio
1095 3439 1330 3510 repleta,
1374 3451 1504 3496 tunc
1563 3442 1832 3498 arbitrare
1898 3451 1951 3499 te

376 3530 711 3601 operationis
733 3531 981 3587 terminis
1005 3534 1491 3602 appropinquasse.

952 3644 1181 3701 CAPUT
1214 3645 1375 3702 LXII.

447 3758 686 3828 Spiritus
728 3771 948 3837 sanctus
983 3760 1287 3817 inﬁrmitati
1326 3771 1529 3819 nostrae
1575 3765 1951 3834 compatiens,

380 3852 557 3916 nobis,
599 3852 849 3922 quamvis
882 3852 1082 3923 impuri
1117 3855 1313 3920 simus,
1337 3854 1593 3921 advenit;
1623 3855 1778 3925 sique
1805 3872 1956 3910 men-

380 3951 486 3996 tem
521 3953 758 3998 nostram
788 3945 1059 3999 invenerit
1084 3960 1206 3999 cum
1240 3960 1426 4001 amore
1449 3947 1693 4002 veritatis
1727 3948 1793 4001 ad
1826 3963 1951 4002 eum

378 4042 645 4099 orantem,
677 4051 839 4106 super
864 4037 1039 4107 ipsam
1067 4038 1331 4105 ascendit,
1358 4046 1702 4109 turmamquc
1730 4054 1951 4094 onmem

379 4127 765 4196 cogitationum
790 4168 805 4194 ,
846 4140 939 4184 aut
976 4129 1259 4184 notionum
1287 4174 1302 4195 ,
1350 4145 1472 4198 quae
1519 4131 1694 4201 ipsam
1742 4132 1951 4195 ambit,

382 4217 562 4283 delet,
608 4229 933 4276 convertens
973 4237 1093 4277 eam
1142 4222 1209 4277 ad
1253 4237 1418 4293 opera
1474 4221 1777 4293 spiritualis
1828 4238 1955 4279 ora-

383 4307 571 4364 tionis.

938 4423 1118 4481 CAPU
1132 4423 1175 4479 T
1216 4422 1399 4479 LXIII.

440 4534 642 4591 “Caneri
673 4536 892 4608 quidem
917 4554 1014 4609 per
1039 4540 1286 4609 corporis
1315 4540 1751 4598 immutationem
1783 4544 1951 4599 menti

382 4625 682 4682 immittunt
715 4628 1104 4698 cogitationes,
1154 4646 1251 4686 seu
1284 4630 1534 4686 notiones
1558 4673 1574 4697 ,
1623 4642 1678 4687 et
1706 4634 1953 4703 specula-

382 4718 609 4774 tiones:
662 4719 807 4775 Deus
857 4730 1037 4775 autem
1088 4722 1422 4776 contrarium
1466 4724 1668 4788 ellicit,
1717 4734 1951 4779 mentem

383 4808 656 4865 inscendit
692 4811 895 4881 ipsam;
929 4812 1225 4867 immittens
1258 4816 1306 4869 ei
1351 4816 1764 4884 Cogitationem,
1795 4826 1955 4886 prout

383 4902 530 4969 vult,
564 4902 834 4972 simulque
870 4919 966 4974 per
991 4914 1225 4960 mentem
1250 4947 1265 4972 ,
1304 4907 1557 4976 corporis
1591 4907 1957 4979 intemperan-

385 4992 515 5048 tiam
547 4993 890 5064 consopiens.

945 5104 1173 5163 CAPUT
1207 5105 1393 5161 LXIV.

458 5220 629 5276 Nemo
650 5262 665 5286 ,
699 5236 841 5276 vera:
874 5219 1141 5277 orationis
1163 5236 1354 5277 amans
1378 5265 1393 5289 ,
1449 5222 1493 5278 si
1525 5222 1780 5280 irascitur
1806 5265 1822 5291 ,
1866 5234 1960 5280 aut

389 5314 710 5383 iniuriarum
744 5314 816 5369 sit
854 5331 1079 5381 memor,
1121 5331 1314 5386 expers
1346 5316 1452 5372 erit
1486 5317 1742 5385 insaniat;
1784 5320 1960 5389 persi-

388 5407 536 5463 milis
562 5422 799 5477 namque
825 5416 909 5462 est
944 5408 1140 5465 volenti
1181 5419 1340 5465 acute
1367 5424 1591 5467 cernere
1611 5452 1626 5478 ,
1666 5412 1962 5483 oculosque

391 5498 641 5565 proprios
663 5498 1008 5554 ohturbanti.

410 5724 415 5729 η
462 5646 511 5678 ’⁸
547 5648 736 5703 Matth.
772 5666 845 5712 νι,
875 5653 927 5717 9;
955 5651 1085 5708 Luc.
1112 5671 1186 5721 χι,
1219 5654 1271 5709 ἓ.
1349 5656 1393 5689 ⁸ο
1420 5655 1577 5712 Joan.
1601 5672 1673 5726 tv,
1696 5658 1786 5716 ‘23.

1985 4418 2032 4475 D

2052 1834 2178 1897 Υίός
2200 1852 2215 1865 ·
2243 1832 2388 1888 οὕτω
2414 1836 2523 1907 γὰρ
2545 1837 2769 1900 ἐδίδαξε,
2813 1836 3018 1905 λέγων,
3073 1837 3132 1889 ὲν
3192 1834 3483 1904 Πνεῦματι
3544 1832 3641 1885 καὶ

2050 1925 2281 1998 ἀληθείᾳ
2300 1927 2722 1996 προσκυνεῖσθαι
2749 1928 2842 1982 τὸν
2870 1928 3025 1993 Θεὸν,
3087 1925 3341 1980 τουτέστι
3381 1925 3480 1978 τὸν
3532 1925 3643 1977 Πα-

2049 2017 2206 2089 τέρα.
2228 2018 2349 2072 ἐπεὶ
2379 2019 2475 2073 καὶ
2503 2020 2570 2072 τὰ
2596 2021 2724 2091 τρία
2757 2020 2906 2083 Θεός.

2634 2134 2884 2188 ΚΕΦΑΛ.
2911 2133 3041 2188 ΝΘ¹.

2148 2244 2189 2298 0
2216 2244 2275 2297 ὲν
2292 2245 2571 2316 Πνεῦματι
2620 2246 2714 2300 καὶ
2734 2247 2966 2319 ἀληθείᾳ
2990 2247 3433 2318 προσευχόμενος
3453 2242 3645 2297 οὐκέτι

2050 2335 2114 2390 ἐκ
2137 2335 2246 2388 τῶν
2280 2337 2599 2408 κτισμάτων
2624 2338 2716 2391 τὸν
2737 2338 3081 2410 Δημιουργὸν
3112 2337 3395 2409 γεραίρει,
3427 2335 3555 2389 ἀλλ’
3587 2335 3646 2400 ἐξ

2049 2426 2213 2481 αὑτοῦ
2236 2428 2397 2482 αὐτὸν
2433 2430 2682 2500 ἀνυμνεῖ.

2648 2630 2900 2684 ΚΕΦΑΛ.
2924 2630 3001 2683 Ξν.

2118 2746 2184 2799 Et
2207 2742 2457 2813 θεολόγος
2485 2740 2571 2811 εἷ’,
2614 2744 2890 2818 προσεύξῃ
2933 2744 3150 2815 ἀληθῶς
3171 2784 3187 2809 ,
3216 2743 3316 2798 καὶ
3342 2742 3396 2796 εί
3423 2742 3646 2814 ἀληθῶς

2049 2836 2348 2910 προσεύξῃ,
2385 2836 2637 2907 θεολόγος
2660 2832 2731 2892 εἴ.

2639 2951 2894 3005 ΚΕΦΑΛ.
2926 2948 3046 3004 EA'.

2120 3060 2293 3115 Ὅταν
2322 3062 2351 3116 ὁ
2378 3060 2504 3126 νοῦς
2532 3077 2628 3114 σου
2671 3060 2754 3131 τῷ
2782 3060 2958 3132 πολλῷ
2991 3060 3129 3134 πρὸς
3171 3061 3262 3115 τὸν
3312 3060 3453 3114 Θεὸν
3496 3060 3642 3126 πόθῳ

2050 3153 2193 3206 κατά
2252 3153 2451 3225 μικρὸν
2507 3146 2621 3206 οἷον
2680 3152 3031 3223 ὑπαναχωρεῖ
3090 3152 3191 3223 τῆς
3258 3152 3491 3223 σαρκὸς,
3551 3154 3643 3206 καὶ

2049 3245 2227 3298 πάντα
2254 3244 2325 3297 τὰ
2358 3242 2419 3310 ἐξ
2462 3243 2833 3315 ἐνθυμήσεως,
2864 3243 2899 3313 ἦ
2927 3244 3182 3315 κράσεως
3206 3246 3463 3314 νοήματα
3503 3245 3639 3298 ἀπο-

2051 3335 2375 3407 στρέφηται,
2436 3335 2728 3400 εὐλαϐείας
2771 3334 2935 3406 ὁμοῦ,
2994 3336 3094 3389 καὶ
3146 3336 3325 3410 χαράς
3385 3336 3642 3408 ἔμπλεως

2051 3430 2389 3500 γενόμενος,
2457 3429 2583 3484 τότε
2652 3428 2843 3499 νόμιζε
2884 3430 3179 3501 ἡγγικέναι
3243 3429 3399 3501 ὅροις
3468 3447 3642 3501 προσ-

2048 3521 2240 3592 ευκῆς.

2647 3636 2901 3690 ΚΕΦΑΛ.
2925 3635 3045 3690 EB’.

2123 3750 2197 3803 Τὸ
2227 3750 2381 3819 ἆγιον
2396 3741 2622 3821 Πνεῦμα
2644 3751 2969 3821 συμπάσχον
2987 3752 3055 3822 τῇ
3078 3764 3329 3822 ημετερᾳ
3359 3741 3635 3823 ασὺενειᾳ,

2052 3842 2147 3894 καὶ
2192 3841 2527 3913 ἀκαθάρτοις
2574 3837 2727 3896 οὖσιν
2771 3842 3030 3913 ἐπιφοιτᾷ
3062 3844 3216 3913 ἡμῖν,
3258 3844 3354 3895 καὶ
3398 3846 3449 3896 εἱ
3491 3844 3639 3913 εὖροι

2051 3926 2142 3978 τὴν
2172 3926 2297 3981 νοῦν
2329 3929 2362 3999 ή
2370 3928 2488 3998 μῶν
2514 3928 2826 3999 φιλαλήθως
2849 3930 3000 4001 αὐτῷ
3023 3933 3495 4003 προσευχόμενον,
3517 3934 3636 3987 ἔπι-

2053 4016 2229 4071 6αίνει
2274 4018 2446 4090 αὐτῷ,
2489 4019 2586 4073 καὶ
2612 4019 2831 4073 ἅπασαν
2872 4022 2971 4091 τὴν
3004 4021 3311 4075 κυκλοῦσαν
3338 4023 3511 4078 αὑτὸν
3531 4024 3638 4078 τῶν

2052 4108 2352 4180 λογισμῶν,
2394 4109 2429 4181 ἢ
2470 4109 2578 4163 τῶν
2614 4111 2905 4182 νοημάτων
2952 4111 3245 4181 φάλαγγα,
3293 4110 3633 4181 ὲξαφανίζει,

2054 4200 2497 4272 προτρεπόμενον
2527 4201 2691 4256 αὐτὸν
2719 4204 2799 4264 εἰς
2820 4202 2957 4274 ἔργα
2983 4203 3363 4274 πνευματικῆς
3401 4221 3637 4274 προσευ-

2054 4291 2176 4362 χ’ῆςο

2636 4408 2888 4467 ΚΕΦᾹΛ.
2922 4412 3038 4466 ΞΡ.

2123 4521 2188 4575 Οἱ
2226 4520 2326 4591 μὲν
2371 4521 2548 4576 λοιποὶ
2588 4522 2678 4577 διὰ
2712 4525 2813 4595 τῆς
2848 4524 3186 4590 ἀλλοιώσεως
3228 4525 3336 4595 Ιτοῦ
3383 4524 3637 4595 σώματος

2052 4615 2342 4685 ἐμποιοῦσι
2360 4615 2439 4686 τῷ
2467 4616 2544 4687 νῷ
2576 4617 2894 4688 λογισμοὺς,
2925 4618 2957 4688 ἦ
2991 4619 3262 4689 νοήματα,
3298 4620 3401 4672 καὶ
3428 4620 3639 4693 θεωρή-

2057 4725 2221 4778 ματα.
2262 4706 2322 4759 Ὀ
2356 4707 2414 4761 δέ
2455 4723 2519 4776 γε
2563 4708 2697 4772 Θεὸς
2739 4710 3048 4763 τούναντίον
3089 4710 3211 4781 δρᾷ,
3252 4710 3408 4781 αὐτῷ
3446 4711 3526 4781 τῷ
3564 4711 3636 4781 νῷ

2054 4798 2344 4861 ἐπιϐαίνει,
2385 4799 2479 4851 καὶ
2515 4798 2745 4863 ἐντιθεὶς
2777 4800 2924 4871 αὐτῷ
2962 4800 3163 4870 γνῶσιν
3186 4842 3201 4863 ,
3232 4800 3310 4863 ὡς
3348 4800 3633 4870 βούλεται,

2055 4890 2151 4944 καὶ
2178 4890 2266 4944 διὰ
2290 4888 2386 4944 τοῦ
2410 4890 2504 4944 νοῦ
2529 4890 2630 4963 τὴν
2661 4891 2754 4946 τοῦ
2784 4893 3036 4963 σώματος
3069 4892 3341 4963 ἀκρασίαν
3366 4894 3633 4947 κατευνά-

2057 4983 2188 5048 ζων.

2642 5096 2893 5151 ΚΕΦΔΛ.
2923 5093 3038 5150 ΞΔἍ

2129 5209 2317 5272 Οὐδεὶς
2349 5207 2489 5280 ἐρῶν
2517 5208 2750 5281 ἀληθοῦς
2770 5211 3078 5282 προσευχῆς
3098 5250 3114 5275 ,
3138 5210 3234 5263 καὶ
3253 5209 3629 5281 ὀργιζόμενος.

2060 5301 2094 5373 ἦ
2130 5300 2488 5373 μνησικακῶν
2517 5302 2674 5366 ἐκτός
2705 5302 2822 5355 ἐστι
2853 5302 3235 5374 παραπληξίας
3260 5318 3275 5332 θ
3308 5304 3499 5372 ὅμοιος
3528 5303 3632 5373 γάρ

2061 5392 2275 5462 ἐστιτῷ
2289 5392 2508 5456 ὀξυπεῖν
2528 5391 2756 5459 θέλοντι,
2790 5395 2888 5449 καὶ
2914 5396 3039 5459 τοὺς
3058 5393 3293 5458 οἰκείους
3321 5392 3631 5464 ὀφθαλμοὺς

2062 5485 2476 5557 ὲκταράσσοντι.
