3788 6224
97 259 119 322 1
147 260 268 324 131
1527 272 1625 330 DE
1645 268 2049 330 OBATIONE.

1765 388 1813 445 A

3276 269 3412 346 1182

748 385 998 439 ΚΕΦΑΛ.
1028 385 1147 442 EE’.

2309 390 2473 463 492
2520 391 2748 446 CAPUT
2788 393 2946 448 1.xv.

1911 503 1966 558 Si
2000 520 2155 559 orare
2185 505 2494 571 desideras,
2529 507 2662 561 nihil
2695 524 2882 562 eorum
2909 509 3076 566 facias
3097 554 3111 577 ,
3139 529 3256 583 quas
3284 529 3410 568 ora-

1839 600 1968 652 tioni
2001 601 2272 655 contraria
2300 603 2460 673 sunt],
2508 611 2567 657 ut
2603 603 2745 660 Deus
2789 607 3231 676 apprOpinquans
3269 611 3406 677 tibi,

1836 701 2010 746 tecum
2042 692 2372 749 obambulet.

2397 808 2626 865 CAPUT
2660 810 2841 866 LXVI.

1904 917 2013 983 Ne,
2040 920 2184 988 quod
2233 920 2474 975 divinum
2507 934 2591 977 est
2617 962 2633 988 ,
2675 925 2768 976 tibi
2821 925 2920 993 ipsi
2957 927 3246 993 assimiles,
3281 943 3405 983 cum

1833 1028 1989 1080 oras,
2051 1031 2147 1069 nec
2186 1015 2342 1084 juxta
2392 1018 2628 1087 aliquam
2677 1018 2904 1073 formam
2940 1022 3222 1089 permittas
3255 1034 3406 1081 luam

181 493 269 548 Et
319 495 729 566 προσεύξασθαι
755 499 959 562 ποθεῖς,
994 501 1160 570 μηδὲν
1181 501 1288 554 τῶν
1309 503 1736 574 ἐναντιουμένων

92 588 173 657 τῇ
229 592 535 660 προσευχῇ
563 593 795 659 πρᾶττε,
828 593 914 646 ἵνα
940 597 967 647 6
993 594 1124 659 Θεὸς
1167 595 1392 664 ἐγγίσας
1425 599 1734 669 συμπορεύ-

99 681 306 747 σητσιί
345 697 448 736 σοι.

728 797 979 850 ΚΕΦΑΛ.
1007 795 1141 864 sq'.

182 906 302 974 ΒιῙὴ
343 908 684 980 σχηματίζῃς
714 909 776 962 τὸ
800 909 954 963 Θεῖον
982 912 1038 963 ὲν
1072 909 1248 981 ἑαυτῷ
1276 911 1731 982 προσευχόμενος,

101 997 272 1068 μηδὲ
310 1000 456 1068 πρὸς
495 1001 708 1070 μορφήν
741 1017 864 1054 τινα
891 1003 1255 1074 συγχωρήσῃς
1291 1002 1602 1070 τυπωθῆναι
1638 1019 1732 1055 σου

95 1089 214 1142 τὸν
267 1090 412 1143 νοῦν
454 1104 470 1119 ⁶
510 1091 627 1145 ἀλλ’
664 1091 826 1156 άῦλος
862 1091 940 1162 τῷ
981 1090 1130 1164 ἀθλῳ
1183 1092 1427 1165 πρόσιθι,
1469 1094 1562 1146 καὶ
1609 1109 1733 1144 συν-

102 1181 201 1234 ίσε
211 1199 301 1245 ις.

751 1408 1003 1463 ΚΕΦΑΛ.
1019 1405 1133 1465 ΞΖ’.

190 1523 502 1577 Φυλάττου
532 1523 632 1586 τὰς
669 1522 901 1592 παγίδας
938 1523 1046 1577 τῶν
1072 1523 1348 1581 ἐναντίων.
1377 1525 1591 1583 Γίνεται
1619 1529 1732 1602 γὰρ

110 1618 178 1671 ἓν
243 1618 338 1688 τῷ
392 1617 791 1688 προσεύχεσθαι
839 1635 899 1671 σε
949 1618 1227 1688 καθαρῶς,
1279 1621 1374 1675 καὶ
1418 1622 1726 1692 ἀταράχως,

1831 1104 2102 1159 elI'ormari
2148 1117 2408 1173 mentem,
2466 1109 2559 1162 sed
2595 1110 2937 1165 immateriali
2963 1153 2980 1179 ,
3025 1121 3078 1166 tu
3117 1115 3264 1169 velut
3303 1117 3409 1172 im-

1832 1199 2128 1256 materialis
2165 1200 2392 1269 accede,
2445 1217 2677 1274 cumque
2725 1206 2843 1275 ipso
2885 1207 2938 1259 in
2991 1223 3159 1262 unum
3201 1224 3405 1267 conve-

1833 1305 1971 1345 mes.

2380 1403 2610 1462 CAPUT
2640 1405 2847 1464 LXVII.

1902 1512 2161 1584 Laqueos
2209 1515 2648 1571 adversariorum
2675 1519 2846 1585 evita;
2887 1519 3002 1575 fieri
3043 1536 3279 1590 namque
3309 1537 3403 1578 so.

1830 1603 1902 1658 let
1925 1616 1984 1659 ut
2024 1608 2202 1662 oranti
2245 1608 2338 1663 tibi
2367 1625 2501 1676 pure
2557 1627 2620 1665 ac
2675 1613 2794 1666 sine
2834 1613 3239 1680 perturbatione
3263 1629 3400 1669 con-

108 1711 362 1780 ἀθρόως
402 1708 687 1779 ἐπιστῆναι
712 1727 793 1763 σοι
829 1709 1042 1781 μορφὴν
1073 1709 1249 1782 ξένην,
1282 1712 1377 1765 καὶ
1405 1713 1700 1783 ἀλλόφυλον

1858 1700 2010 1752 estim
2038 1707 2180 1753 astet
2227 1698 2400 1754 forma
2439 1703 2722 1770 peregrina
2771 1710 2826 1756 et
2867 1703 3197 1772 alienigena,
3242 1714 3301 1760 ut
3343 1715 3401 1763 te

112 1801 274 1874 πρὸς
319 1802 384 1855 τὸ
410 1804 490 1865 εἰς
516 1801 693 1872 οἴησιν
723 1801 1032 1872 ἀπαγαγεῖν
1060 1820 1120 1856 σε
1147 1803 1452 1866 τοπάζοντα
1476 1805 1538 1858 τὸ
1566 1805 1722 1859 Θεῖον

110 1894 274 1959 ἐκεῖ,
339 1894 429 1946 ἵνα
485 1892 546 1946 τὸ
610 1893 822 1964 ἀθρόως
885 1893 1226 1964 ὲκκαλυφθέν
1274 1913 1376 1957 σοι,
1445 1897 1609 1951 ποσὸν
1662 1896 1723 1950 τὸ

108 1985 296 2038 Θεῖον
327 1982 472 2040 εἶναι
489 1985 674 2057 πείσῃ·
699 1986 901 2039 ἄποσον
926 1984 984 2038 δὲ
1005 1985 1066 2038 τὺ
1080 1987 1254 2052 Θεῖον,
1290 1988 1386 2042 καὶ
1416 1987 1725 2059 ἀσχημάτι-

110 2091 285 2131 πον.

727 2292 978 2346 ΚΕΦΑΛ,
1012 2289 1140 2344 ΞΗ’.

193 2403 388 2456 Ὀταν
424 2401 500 2472 μὴ
532 2400 734 2472 δυνηθῇ
766 2401 863 2471 τὴν
891 2402 1112 2472 μνήμην
1135 2402 1354 2470 κινῆσαι
1377 2404 1436 2456 ἐν
1456 2405 1522 2473 τῇ
1555 2421 1722 2475 προσ-

114 2496 266 2564 ευχῇ
300 2496 330 2545 6
356 2491 615 2563 φθονερὸς
643 2492 870 2561 δαίμων,
900 2492 1021 2544 τότε
1058 2491 1158 2563 τὴν
1198 2494 1394 2562 κρᾶσιν
1416 2491 1508 2544 τοῦ
1532 2493 1721 2564 σώμα-

115 2599 218 2647 τος
251 2582 577 2646 ἐκϐιάζεται
603 2582 684 2644 είς
714 2581 774 2635 τὸ
805 2581 1031 2652 ποιῆσαι
1060 2581 1219 2651 ξένην
1248 2582 1372 2636 τινὰ
1421 2584 1721 2650 φαντασίαν

114 2673 204 2745 τῷ
233 2674 346 2746 νῷ,
368 2675 462 2728 καὶ
487 2672 774 2744 μορφῶσαι
795 2674 976 2726 αὐτόν·
996 2676 1023 2727 6
1042 2674 1100 2726 δὲ
1123 2673 1262 2744 ἔχων
1285 2674 1406 2738 ἔθος
1435 2679 1491 2728 ὲν
1513 2676 1720 2745 νοήμα-

120 2784 240 2831 σιν,
283 2767 530 2837 εὐχερῶς
563 2767 901 2836 κάμπτεται,
928 2767 1024 2819 καὶ
1063 2766 1200 2838 πρὸς
1233 2767 1413 2834 eam,
1444 2768 1537 2821 καὶ
1575 2769 1721 2822 ἀνεί-

120 2858 252 2913 δεον
265 2859 476 2928 γνῶσιν
494 2859 846 2929 ἐπειγόμενος
863 2860 1164 2925 ἅπατᾶται,
1176 2859 1384 2914 καπνὸν
1405 2860 1526 2914 ἀντὶ
1545 2859 1722 2929 φωτὸς

119 2952 407 3023 κατέχων.

727 3152 976 3206 ΚΕΦΑΛ.
1011 3149 1128 3207 ΞΘ’.

199 3269 374 3338 Στῆθι
415 3266 508 3320 ἐπὶ
546 3265 647 3337 τῆς
694 3264 941 3335 φυλακῆς
989 3281 1086 3318 σου
1129 3264 1412 3332 φυλάττων
1461 3262 1554 3317 τὸν
1591 3264 1717 3317 νοῦν

130 3378 230 3414 σου
267 3361 381 3416 ἀπὸ
405 3359 695 3432 νοημάτων
747 3358 892 3411 κατὰ
919 3357 1014 3411 τὸν
1040 3355 1233 3426 καιρὸν
1257 3357 1359 3426 τῆς
1383 3355 1714 3428 προσευχῆς,

130 3453 333 3524 στῆναι
366 3452 459 3505 ἐπὶ
486 3453 551 3522 τῇ
581 3449 758 3526 οἰκείᾳ
788 3448 1012 3518 ἠρεμίᾳ,
1054 3449 1140 3501 ἵνα
1169 3450 1196 3502 6
1226 3447 1561 3518 συμπάσχων
1602 3449 1716 3511 τοῖς

129 3544 417 3612 ἀγνοοῦσι,
458 3544 553 3598 καὶ
589 3544 673 3595 σοι⁵
702 3542 1049 3612 ὲπιφοιτὴσῃ,
1083 3540 1176 3594 καὶ
1217 3541 1336 3595 τότε
1363 3538 1510 3613 λήψῃ
1547 3538 1716 3611 δῶρον

130 3639 447 3708 προσευχῆς
470 3634 858 3689 εὐκλεέστατον

730 3744 983 3799 ΚΕΦᾹΛ.
1031 3746 1110 3798 0'.

204 3859 285 3914 οο
336 3857 539 3931 δυνήσῃ
609 3856 1018 3929 προσεύξασθαι
1093 3853 1374 3926 καθαρῶς,
1427 3853 1715 3926 πράγμασι

135 3950 591 4022 συμπλεκόμενος
613 3951 842 4013 ὑλικοῖς,
865 3951 960 4002 καὶ
983 3947 1228 4019 φροντίσι
1260 3947 1509 4018 συνεχέσι
1532 3946 1715 4001 δονού-

138 4060 322 4115 μενοςι
365 4044 640 4116 προσευχὴ
669 4043 778 4112 γάρ
809 4043 958 4095 ἐστιν
981 4041 1240 4105 ἀπόθεσις
1264 4041 1574 4112 νοημάτων.

723 4223 975 4293 unum.
1006 4236 1129 4292 OA'.

210 4330 290 4386 οὐ
321 4331 545 4386 δύναται
583 4330 864 4401 δεδεμένος
905 4330 1155 4401 δραμεῖν,
1187 4327 1309 4383 οὐδὲ
1352 4326 1478 4390 νοῦς
1517 4327 1716 4383 πάθεσι

137 4418 404 4474 δουλεύων
429 4421 736 4492 προσευχῆς
772 4419 1150 4490 πνευματικῆς
1177 4419 1344 4472 τόπον
1377 4418 1522 4472 ίδεῖνο
1549 4416 1708 4471 ἓλκε-
1740 4403 1786 4460 D

137 4528 227 4566 ται
251 4513 384 4584 γὰρ,
414 4513 507 4565 καὶ
527 4511 886 4583 περιφέρεται
913 4513 979 4564 ὲκ
998 4510 1092 4564 τοῦ
1114 4509 1395 4581 ἐμπαθοῦς
1420 4512 1709 4582 νοήματος,

139 4603 234 4658 καὶ
259 4603 358 4675 οὐχ
383 4603 599 4657 ἵσταται
630 4601 944 4673 ἀκλόνητος.

721 4804 970 4857 ΚΕΦΑΛ.
1001 4804 1121 4858 ΟΒ’.

217 4897 390 4952 Ἐπὰν
405 4896 662 4967 καθαρῶς
690 4895 897 4960 λοιπὸν,
927 4895 1182 4959 ἀπλανῶς
1208 4898 1301 4950 καὶ
1314 4895 1526 4966 άληθῶς
1554 4913 1714 4968 προσ-

146 4986 363 5061 εύχηται
392 4992 420 5043 6
443 4989 567 5052 νοῦς
595 4989 658 5043 τὺ
693 4987 1015 5061 τηνικαῦτεᾴ
1046 4990 1145 5043 οὐκ
1167 4989 1248 5043 ἔτι
1273 4993 1336 5044 ἐκ
1359 4991 1469 5044 τῶν
1493 4991 1713 5062 ἀριστε-

148 5081 250 5146 ρῶν
300 5082 628 5153 ΰπέρχονται
674 5083 722 5135 οἱ
760 5081 1035 5152 δαίμονες,
1076 5083 1194 5137 ἀλλ’
1251 5084 1314 5136 ἐκ
1357 5083 1466 5137 τῶν
1499 5083 1710 5148 δεξιῶνο

147 5171 485 5228 ὑποτίθενται
511 5173 619 5245 γὰρ
643 5174 793 5244 αὐτῷ
826 5172 982 5240 δόξαν
1011 5174 1166 5238 Θεοῦ,
1208 5175 1303 5229 καὶ
1333 5177 1713 5246 σχηματισμόν

148 5281 262 5319 τινα
289 5265 397 5319 τῶν
430 5269 496 5337 τῇ
529 5267 778 5338 αἰσθήσει
827 5265 1018 5335 φίλων,
1052 5267 1127 5328 ὡς
1158 5267 1335 5320 δοκεῖν
1366 5267 1585 5331 τελείως
1622 5285 1712 5322 τε-

149 5357 361 5428 τεῦχθαι
385 5360 547 5413 αὐτὸν
572 5359 664 5412 τοῦ
691 5358 822 5429 περὶ
844 5360 1150 5430 προσευχῆς
1177 5359 1404 5413 σκοποῦ.
1433 5359 1604 5413 Τοῦτο
1630 5360 1710 5428 δὲ,

149 5445 342 5519 ἔφρασε
374 5449 686 5519 θαυμαστὸς
715 5450 809 5502 καὶ
848 5448 1144 5518 γνωστικὸς
1179 5449 1338 5519 ἀνὴρ,
1371 5448 1475 5502 ὑπὸ
1494 5449 1586 5503 τοῦ
1614 5451 1712 5522 τῆς

151 5539 442 5603 κενοδοξίας
492 5538 696 5602 πάθους
734 5539 1004 5609 γίνεσθαι,
1047 5539 1142 5593 καὶ
1181 5539 1287 5592 ὑπὸ
1332 5540 1426 5593 τοῦ
1460 5539 1713 5611 δαίμονος

151 5626 236 5681 τοῦ
267 5629 596 5700 ἁπτομένου,
640 5630 733 5686 τοῦ
770 5630 912 5688 κατὰ
943 5631 1033 5686 τὸν
1065 5630 1365 5701 ἐγκέφαλον
1405 5631 1589 5701 τόπου,
1618 5633 1711 5689 καὶ

155 5718 304 5791 φλεψὶ
332 5722 643 5788 πάλλοντος.

1825 1789 1878 1844 in
1911 1790 1986 1844 tui
2039 1800 2379 1861 arrogantem
2434 1793 2890 1849 existimationem
2941 1795 3161 1850 inducat
3192 1835 3208 1861 ,
3267 1797 3398 1853 dum

1824 1881 2110 1951 conjicias,
2154 1883 2262 1948 ibi,
2317 1884 2542 1954 reperiri
2598 1885 2742 1955 quod
2785 1886 3029 1940 divinum
3079 1897 3201 1950 est,
3245 1895 3305 1941 ut
3329 1904 3398 1942 ex

1824 1975 2120 2043 improviso
2169 1975 2460 2030 revelatum
2497 1975 2594 2029 tibi
2623 1977 2971 2045 persuadeat,
3003 1977 3244 2032 divinum
3274 1993 3398 2033 esse

1823 2075 2085 2136 quantum
2122 2086 2136 2121 :
2177 2083 2366 2122 verum
2407 2067 2648 2122 divinum
2691 2084 2890 2123 numen
2940 2069 3059 2125 sine
3097 2070 3400 2140 quantitate

1822 2166 1926 2225 est,
1960 2168 2215 2230 caretque
2246 2159 2438 2230 figura.
2589 2186 2593 2192 -
3389 2176 3393 2178 ·

2355 2267 2583 2326 CAPUT
2633 2268 2863 2324 LXVIII.

1892 2381 2120 2449 Quando
2168 2381 2384 2437 invidus
2439 2382 2650 2437 daemon
2702 2398 2808 2436 non
2849 2391 3024 2452 potest
3053 2383 3106 2437 in
3148 2385 3398 2441 oratione

1821 2475 2140 2530 memoriam
2169 2488 2530 2537 commovere,
2554 2482 2682 2527 tunc
2703 2473 2946 2542 corporis
2969 2482 3395 2542 temperamento

1820 2566 1931 2620 vim
1968 2564 2137 2619 infert
2167 2564 2235 2619 ad
2263 2564 2597 2619 causandam
2625 2563 2677 2616 in
2715 2562 2986 2617 intellectu
3019 2563 3256 2631 aliquam
3296 2579 3394 2633 pe-

1821 2656 2096 2728 regrinam
2137 2654 2614 2725 imaginationem,
2658 2654 2943 2723 ipsumque
2988 2653 3167 2722 aliqua
3217 2652 3394 2710 forma

1820 2748 2289 2818 componendum;
2324 2746 2427 2801 iste
2469 2759 2596 2800 vero
2627 2745 2712 2799 cui
2749 2760 2870 2798 mos
2901 2755 2984 2798 est
3019 2745 3074 2798 in
3110 2745 3396 2814 cogitatio-

1819 2843 1983 2898 nibus
2004 2841 2211 2898 versari
2263 2849 2317 2895 et
2344 2840 2568 2906 haerere,
2613 2838 2769 2893 facile
2799 2837 3068 2905 flectitur,
3103 2847 3156 2891 et
3191 2839 3258 2893 ad
3294 2839 3396 2892 im¢

1819 2935 2155 2989 materialem
2179 2931 2182 2934 ’
2207 2939 2482 3002 expertem
2507 2930 2695 3001 figura:
2714 2930 3079 3000 cognitionem
3103 2929 3392 3001 impulsus,

1739 3053 1785 3113 ο
1819 3027 2110 3098 decipitur,
2140 3025 2351 3081 fumum
2384 3040 2483 3094 pro
2513 3024 2715 3078 lumine
2743 3023 3074 3092 suscipiens.

2271 3137 2434 3209 493
2483 3134 2714 3193 CAPUT
2750 3134 2939 3194 LXIX.

1887 3255 1984 3312 Sta
2008 3255 2062 3310 in
2089 3255 2167 3309 tui
2200 3254 2451 3309 cuStodia
2478 3262 2714 3309 mentem
2749 3262 2897 3308 tuam
2928 3269 3153 3310 servans
3180 3255 3233 3310 iu
3260 3263 3392 3311 tem-

1816 3365 1950 3423 pore
1971 3348 2234 3405 orationis
2263 3364 2294 3403 a
2323 3346 2770 3418 c0gitationibus,
2796 3361 2893 3400 seu
2923 3346 3256 3412 notionibus,
3280 3361 3392 3416 quo

1818 3443 1874 3498 in
1917 3441 2135 3512 propria
2180 3440 2360 3510 quiete
2409 3453 2768 3510 permaneas,
2804 3447 2894 3501 ut,
2936 3438 3030 3507 qui
3063 3438 3392 3508 compatitur

1817 3534 2218 3604 ignorantibus,
2246 3532 2470 3586 ventitet
2497 3530 2659 3585 etiam
2688 3529 2755 3584 ad
2784 3538 2852 3593 te,
2886 3537 3124 3600 tuncque
3153 3529 3394 3585 celeber-

1817 3630 2020 3684 rimum
2049 3625 2316 3682 orationis
2345 3624 2630 3695 praemium
2667 3623 3001 3693 assequeris.

2376 3735 2606 3792 CAPUT
2659 3735 2821 3791 LXX.

1886 3852 2031 3909 Pure
2056 3866 2215 3907 orare
2246 3865 2354 3905 non
2388 3850 2595 3920 poteris
2617 3889 2632 3914 ,
2674 3848 2720 3904 si
2752 3847 3124 3903 materialibus
3156 3846 3388 3917 negotiis
3484 3850 3489 3854 ’

1815 3949 1988 4006 fueris
2024 3948 2321 4018 implicitus
2344 3991 2358 4014 ,
2397 3946 2737 4016 assiduisque
2767 3945 2916 4001 curis
2951 3944 3226 4014 agitatus;
3261 3958 3388 3998 ora-

1818 4044 1896 4099 tio
1951 4042 2148 4112 quippe
2219 4048 2303 4094 est
2358 4038 2630 4108 depositio
2689 4053 2784 4093 seu
2835 4036 3063 4107 abjectio
3100 4034 3388 4106 cogitatio-

1816 4151 1973 4192 num.

2375 4241 2606 4297 CAPUT
2642 4239 2829 4295 LXXI.

1890 4340 2180 4396 Devinctus
2213 4350 2557 4406 nequaquam
2592 4348 2812 4388 currere
2840 4338 3056 4402 potest,
3097 4345 3200 4384 nec
3233 4344 3389 4384 mens

1813 4431 2162 4507 passionibus
2199 4427 2505 4484 inserviens
2538 4424 2737 4479 valebit
2785 4422 3084 4493 spiritualis
3123 4420 3388 4475 orationis

1813 4528 1994 4582 locum
2025 4522 2243 4587 videre;
2272 4517 2562 4572 attrahitur
2606 4515 2834 4585 quippe,
2874 4522 2928 4568 et
2955 4510 3333 4568 circumfertur
3357 4525 3386 4564 a

1813 4617 2144 4688 cogitatione
2184 4612 2388 4684 percita
2414 4609 2760 4680 passionibus
2786 4649 2802 4670 .
2847 4622 3026 4677 neque
3060 4611 3168 4661 stat
3207 4603 3389 4658 incon-

1812 4722 1996 4765 cussa.

2357 4807 2588 4866 CAPUT
2625 4807 2836 4864 LXXII.

1883 4907 2053 4979 Igitur
2078 4904 2300 4976 quando
2324 4913 2482 4974 pure;
2517 4902 2804 4966 stabiliter,
2839 4915 2936 4955 seu
2971 4913 3080 4954 non
3111 4898 3386 4969 vagabun-

1813 5002 1900 5066 de,
1923 5013 2156 5067 vereque
2180 5012 2337 5052 mens
2366 5004 2524 5060 oret,
2550 5010 2659 5049 non
2685 4993 2922 5063 amplius
2952 5007 2984 5046 e
3012 4991 3253 5047 sinistris
3285 4989 3385 5042 ad-

1812 5101 2037 5149 ventant
2064 5091 2357 5155 dmmones,
2388 5087 2481 5142 sed
2510 5102 2540 5140 a
2569 5085 2775 5141 dextris
2802 5102 2816 5138 :
2844 5092 3384 5154 suggeruntnamque

1812 5186 1914 5256 ipsi
1954 5184 2049 5239 Dei
2086 5183 2348 5254 gloriam,
2378 5190 2432 5236 et
2455 5179 2748 5250 quamdam
2786 5177 3162 5248 ﬁgurationem
3195 5173 3380 5231 sensui

1812 5277 2128 5333 amabilium
2149 5313 2164 5339 ,
2208 5275 2284 5329 ita
2313 5281 2374 5328 ut
2402 5273 2651 5327 videatur
2690 5271 2806 5341 ipse
2848 5268 3086 5340 perfecte
3111 5268 3222 5338 jam
3256 5281 3382 5320 ora-

1811 5361 1980 5422 tionis
2011 5380 2236 5435 scopum
2275 5362 2550 5433 attigisse;
2608 5361 2713 5417 hoc
2759 5370 2939 5414 autem
2984 5358 3124 5413 dixit
3161 5357 3382 5428 quidam

1811 5457 2077 5515 mirabilis
2104 5466 2158 5512 et
2185 5457 2378 5511 doctus
2404 5455 2486 5509 vir
2518 5470 2548 5509 a
2577 5456 2828 5524 passione
2862 5467 3015 5506 vanae
3050 5449 3234 5521 gloriae
3260 5464 3384 5518 pro-

1813 5555 2001 5609 cedere
2025 5594 2041 5617 ,
2074 5559 2129 5605 et
2168 5565 2200 5604 a
2245 5549 2491 5606 dwmone
2537 5557 2786 5618 tangente
2827 5543 3037 5601 cerebri
3069 5542 3244 5600 locum
3270 5579 3288 5609 ,
3327 5547 3385 5596 et

1812 5659 1978 5701 venas
2016 5649 2408 5702 commovente.
