  <div class='ocr_page' id='page_1' title='image "/cluster/home/n/w/nwhite01/storage/ocr_20150623/79/nnc1.0038021404/671.png"; bbox 0 0 3788 6224; ppageno 0'>
   <div class='ocr_carea' id='block_1_1' title="bbox 402 249 1548 433">
    <p class='ocr_par' dir='ltr' id='par_1_1' title="bbox 402 249 1548 433">
     <span class='ocr_line' id='line_1_1' title="bbox 402 249 1548 433; baseline -0.002 -20"><span class='ocrx_word' id='word_1_1' title='bbox 402 249 539 315; x_wconf 54' lang='lat' dir='ltr'><strong>LS3</strong></span> <span class='ocrx_word' id='word_1_2' title='bbox 835 357 1023 433; x_wconf 61' lang='grc' dir='ltr'><strong>ωε</strong></span> <span class='ocrx_word' id='word_1_3' title='bbox 1049 354 1277 413; x_wconf 81' lang='lat' dir='ltr'><strong>CAPUT</strong></span> <span class='ocrx_word' id='word_1_4' title='bbox 1315 310 1548 412; x_wconf 62' lang='lat' dir='ltr'><strong>LXXIII.</strong></span> 
     </span>
    </p>
   </div>
   <div class='ocr_carea' id='block_1_2' title="bbox 475 465 1985 540">
    <p class='ocr_par' dir='ltr' id='par_1_2' title="bbox 475 465 1985 540">
     <span class='ocr_line' id='line_1_2' title="bbox 475 465 1985 540; baseline -0.005 -14"><span class='ocrx_word' id='word_1_5' title='bbox 475 470 741 526; x_wconf 75' lang='lat' dir='ltr'><strong>Existimo</strong></span> <span class='ocrx_word' id='word_1_6' title='bbox 783 471 931 540; x_wconf 74' lang='lat' dir='ltr'><strong>quod</strong></span> <span class='ocrx_word' id='word_1_7' title='bbox 970 470 1181 524; x_wconf 64' lang='lat' dir='ltr'><strong>daemon</strong></span> <span class='ocrx_word' id='word_1_8' title='bbox 1206 508 1221 533; x_wconf 92' lang='lat'><strong>,</strong></span> <span class='ocrx_word' id='word_1_9' title='bbox 1256 468 1346 522; x_wconf 90' lang='lat' dir='ltr'><strong>ubi</strong></span> <span class='ocrx_word' id='word_1_10' title='bbox 1386 468 1600 530; x_wconf 88' lang='lat' dir='ltr'><strong>locum,</strong></span> <span class='ocrx_word' id='word_1_11' title='bbox 1635 482 1796 536; x_wconf 89' lang='lat' dir='ltr'><strong>quem</strong></span> <span class='ocrx_word' id='word_1_12' title='bbox 1840 465 1985 531; x_wconf 80' lang='lat' dir='ltr'><strong>dixi,</strong></span> 
     </span>
    </p>
   </div>
   <div class='ocr_carea' id='block_1_3' title="bbox 400 556 1988 630">
    <p class='ocr_par' dir='ltr' id='par_1_3' title="bbox 400 556 1988 630">
     <span class='ocr_line' id='line_1_3' title="bbox 400 556 1988 630; baseline -0.004 -15"><span class='ocrx_word' id='word_1_13' title='bbox 400 560 664 630; x_wconf 87' lang='lat' dir='ltr'><strong>tetigerit,</strong></span> <span class='ocrx_word' id='word_1_14' title='bbox 695 560 896 613; x_wconf 86' lang='lat' dir='ltr'><strong>mentis</strong></span> <span class='ocrx_word' id='word_1_15' title='bbox 937 558 1114 612; x_wconf 85' lang='lat' dir='ltr'><strong>lucem</strong></span> <span class='ocrx_word' id='word_1_16' title='bbox 1159 557 1439 621; x_wconf 84' lang='lat' dir='ltr'><strong>obvertat,</strong></span> <span class='ocrx_word' id='word_1_17' title='bbox 1479 556 1702 625; x_wconf 81' lang='lat' dir='ltr'><strong>perinde</strong></span> <span class='ocrx_word' id='word_1_18' title='bbox 1741 571 1805 611; x_wconf 89' lang='lat' dir='ltr'><strong>ac</strong></span> <span class='ocrx_word' id='word_1_19' title='bbox 1836 556 1988 619; x_wconf 91' lang='lat' dir='ltr'><strong>vult,</strong></span> 
     </span>
    </p>
   </div>
   <div class='ocr_carea' id='block_1_4' title="bbox 402 646 1989 722">
    <p class='ocr_par' dir='ltr' id='par_1_4' title="bbox 402 646 1989 722">
     <span class='ocr_line' id='line_1_4' title="bbox 402 646 1989 722; baseline -0.002 -17"><span class='ocrx_word' id='word_1_20' title='bbox 402 654 589 722; x_wconf 85' lang='lat' dir='ltr'><strong>sicque</strong></span> <span class='ocrx_word' id='word_1_21' title='bbox 628 650 831 711; x_wconf 81' lang='lat' dir='ltr'><strong>moveri</strong></span> <span class='ocrx_word' id='word_1_22' title='bbox 879 651 1188 719; x_wconf 82' lang='lat' dir='ltr'><strong>passionem</strong></span> <span class='ocrx_word' id='word_1_23' title='bbox 1236 662 1389 701; x_wconf 70' lang='lat' dir='ltr'><strong>vana:</strong></span> <span class='ocrx_word' id='word_1_24' title='bbox 1427 647 1649 717; x_wconf 64' lang='lat' dir='ltr'><strong>gloriae,</strong></span> <span class='ocrx_word' id='word_1_25' title='bbox 1682 647 1811 701; x_wconf 90' lang='lat' dir='ltr'><strong>dum</strong></span> <span class='ocrx_word' id='word_1_26' title='bbox 1848 646 1989 702; x_wconf 89' lang='lat' dir='ltr'><strong>idem</strong></span> 
     </span>
    </p>
   </div>
   <div class='ocr_carea' id='block_1_5' title="bbox 403 739 1987 809">
    <p class='ocr_par' dir='ltr' id='par_1_5' title="bbox 403 739 1987 809">
     <span class='ocr_line' id='line_1_5' title="bbox 403 739 1987 809; baseline -0.003 -13"><span class='ocrx_word' id='word_1_27' title='bbox 403 743 602 797; x_wconf 85' lang='lat' dir='ltr'><strong>format</strong></span> <span class='ocrx_word' id='word_1_28' title='bbox 636 751 868 796; x_wconf 85' lang='lat' dir='ltr'><strong>mentem</strong></span> <span class='ocrx_word' id='word_1_29' title='bbox 898 742 954 794; x_wconf 91' lang='lat' dir='ltr'><strong>in</strong></span> <span class='ocrx_word' id='word_1_30' title='bbox 986 740 1367 809; x_wconf 78' lang='lat' dir='ltr'><strong>cogitationem</strong></span> <span class='ocrx_word' id='word_1_31' title='bbox 1402 739 1592 793; x_wconf 90' lang='lat' dir='ltr'><strong>leviter</strong></span> <span class='ocrx_word' id='word_1_32' title='bbox 1622 739 1948 793; x_wconf 71' lang='lat' dir='ltr'><strong>sentientem</strong></span> <span class='ocrx_word' id='word_1_33' title='bbox 1970 780 1987 805; x_wconf 89' lang='lat'><strong>,</strong></span> 
     </span>
    </p>
   </div>
   <div class='ocr_carea' id='block_1_6' title="bbox 405 822 1993 888">
    <p class='ocr_par' dir='ltr' id='par_1_6' title="bbox 405 822 1993 888">
     <span class='ocr_line' id='line_1_6' title="bbox 405 822 1993 888; baseline -0.003 0"><span class='ocrx_word' id='word_1_34' title='bbox 405 822 478 888; x_wconf 87' lang='lat' dir='ltr'><strong>ita</strong></span> <span class='ocrx_word' id='word_1_35' title='bbox 508 842 567 887; x_wconf 89' lang='lat' dir='ltr'><strong>ut</strong></span> <span class='ocrx_word' id='word_1_36' title='bbox 602 832 832 888; x_wconf 87' lang='lat' dir='ltr'><strong>formam</strong></span> <span class='ocrx_word' id='word_1_37' title='bbox 882 834 1079 887; x_wconf 82' lang='lat' dir='ltr'><strong>habeat</strong></span> <span class='ocrx_word' id='word_1_38' title='bbox 1123 832 1321 886; x_wconf 66' lang='lat' dir='ltr'><strong>divinae</strong></span> <span class='ocrx_word' id='word_1_39' title='bbox 1377 846 1441 885; x_wconf 89' lang='lat' dir='ltr'><strong>ac</strong></span> <span class='ocrx_word' id='word_1_40' title='bbox 1487 830 1863 885; x_wconf 81' lang='lat' dir='ltr'><strong>substantialis</strong></span> <span class='ocrx_word' id='word_1_41' title='bbox 1897 845 1993 883; x_wconf 85' lang='lat' dir='ltr'><strong>co-</strong></span> 
     </span>
    </p>
   </div>
   <div class='ocr_carea' id='block_1_7' title="bbox 408 920 1993 995">
    <p class='ocr_par' dir='ltr' id='par_1_7' title="bbox 408 920 1993 995">
     <span class='ocr_line' id='line_1_7' title="bbox 408 920 1993 995; baseline -0.002 -17"><span class='ocrx_word' id='word_1_42' title='bbox 408 925 693 995; x_wconf 85' lang='lat' dir='ltr'><strong>gnitionis.</strong></span> <span class='ocrx_word' id='word_1_43' title='bbox 729 925 830 979; x_wconf 87' lang='lat' dir='ltr'><strong>llic</strong></span> <span class='ocrx_word' id='word_1_44' title='bbox 863 924 989 978; x_wconf 90' lang='lat' dir='ltr'><strong>talis</strong></span> <span class='ocrx_word' id='word_1_45' title='bbox 1017 938 1144 978; x_wconf 88' lang='lat' dir='ltr'><strong>vero</strong></span> <span class='ocrx_word' id='word_1_46' title='bbox 1179 925 1405 978; x_wconf 89' lang='lat' dir='ltr'><strong>minime</strong></span> <span class='ocrx_word' id='word_1_47' title='bbox 1440 934 1667 977; x_wconf 79' lang='lat' dir='ltr'><strong>vexatus</strong></span> <span class='ocrx_word' id='word_1_48' title='bbox 1696 936 1726 974; x_wconf 91' lang='lat' dir='ltr'><strong>a</strong></span> <span class='ocrx_word' id='word_1_49' title='bbox 1756 920 1993 975; x_wconf 88' lang='lat' dir='ltr'><strong>carnali-</strong></span> 
     </span>
    </p>
   </div>
   <div class='ocr_carea' id='block_1_8' title="bbox 406 1013 1990 1083">
    <p class='ocr_par' dir='ltr' id='par_1_8' title="bbox 406 1013 1990 1083">
     <span class='ocr_line' id='line_1_8' title="bbox 406 1013 1990 1083; baseline -0.001 -15"><span class='ocrx_word' id='word_1_50' title='bbox 406 1014 509 1068; x_wconf 89' lang='lat' dir='ltr'><strong>bus</strong></span> <span class='ocrx_word' id='word_1_51' title='bbox 550 1023 712 1083; x_wconf 87' lang='lat' dir='ltr'><strong>atque</strong></span> <span class='ocrx_word' id='word_1_52' title='bbox 752 1014 980 1083; x_wconf 90' lang='lat' dir='ltr'><strong>impuris</strong></span> <span class='ocrx_word' id='word_1_53' title='bbox 1030 1015 1405 1083; x_wconf 86' lang='lat' dir='ltr'><strong>passionibus,</strong></span> <span class='ocrx_word' id='word_1_54' title='bbox 1461 1013 1551 1068; x_wconf 90' lang='lat' dir='ltr'><strong>sed</strong></span> <span class='ocrx_word' id='word_1_55' title='bbox 1598 1026 1733 1082; x_wconf 89' lang='lat' dir='ltr'><strong>pure</strong></span> <span class='ocrx_word' id='word_1_56' title='bbox 1778 1020 1990 1077; x_wconf 80' lang='lat' dir='ltr'><strong>astans,</strong></span> 
     </span>
    </p>
   </div>
   <div class='ocr_carea' id='block_1_9' title="bbox 407 1102 1993 1175">
    <p class='ocr_par' dir='ltr' id='par_1_9' title="bbox 407 1102 1993 1175">
     <span class='ocr_line' id='line_1_9' title="bbox 407 1102 1993 1175; baseline -0.002 -17"><span class='ocrx_word' id='word_1_57' title='bbox 407 1105 653 1171; x_wconf 89' lang='lat' dir='ltr'><strong>videtur,</strong></span> <span class='ocrx_word' id='word_1_58' title='bbox 696 1105 807 1160; x_wconf 83' lang='lat' dir='ltr'><strong>sibi</strong></span> <span class='ocrx_word' id='word_1_59' title='bbox 853 1120 961 1158; x_wconf 91' lang='lat' dir='ltr'><strong>non</strong></span> <span class='ocrx_word' id='word_1_60' title='bbox 1008 1106 1246 1175; x_wconf 84' lang='lat' dir='ltr'><strong>amplius</strong></span> <span class='ocrx_word' id='word_1_61' title='bbox 1278 1105 1609 1162; x_wconf 80' lang='lat' dir='ltr'><strong>contrariam</strong></span> <span class='ocrx_word' id='word_1_62' title='bbox 1654 1103 1894 1171; x_wconf 86' lang='lat' dir='ltr'><strong>aliquam</strong></span> <span class='ocrx_word' id='word_1_63' title='bbox 1938 1102 1993 1156; x_wconf 90' lang='lat' dir='ltr'><strong>in</strong></span> 
     </span>
    </p>
   </div>
   <div class='ocr_carea' id='block_1_10' title="bbox 410 1194 1994 1267">
    <p class='ocr_par' dir='ltr' id='par_1_10' title="bbox 410 1194 1994 1267">
     <span class='ocr_line' id='line_1_10' title="bbox 410 1194 1994 1267; baseline -0.004 -14"><span class='ocrx_word' id='word_1_64' title='bbox 410 1200 593 1267; x_wconf 89' lang='lat' dir='ltr'><strong>seipso</strong></span> <span class='ocrx_word' id='word_1_65' title='bbox 638 1198 752 1251; x_wconf 90' lang='lat' dir='ltr'><strong>ﬁeri</strong></span> <span class='ocrx_word' id='word_1_66' title='bbox 785 1199 1194 1267; x_wconf 76' lang='lat' dir='ltr'><strong>Operationem;</strong></span> <span class='ocrx_word' id='word_1_67' title='bbox 1237 1200 1379 1253; x_wconf 89' lang='lat' dir='ltr'><strong>unde</strong></span> <span class='ocrx_word' id='word_1_68' title='bbox 1414 1198 1728 1267; x_wconf 79' lang='lat' dir='ltr'><strong>suspicatur</strong></span> <span class='ocrx_word' id='word_1_69' title='bbox 1753 1194 1994 1249; x_wconf 85' lang='lat' dir='ltr'><strong>divinam</strong></span> 
     </span>
    </p>
   </div>
   <div class='ocr_carea' id='block_1_11' title="bbox 408 1286 1998 1359">
    <p class='ocr_par' dir='ltr' id='par_1_11' title="bbox 408 1286 1998 1359">
     <span class='ocr_line' id='line_1_11' title="bbox 408 1286 1998 1359; baseline -0.003 -16"><span class='ocrx_word' id='word_1_70' title='bbox 408 1304 532 1343; x_wconf 88' lang='lat' dir='ltr'><strong>esse</strong></span> <span class='ocrx_word' id='word_1_71' title='bbox 568 1290 962 1357; x_wconf 89' lang='lat' dir='ltr'><strong>apparitionem</strong></span> <span class='ocrx_word' id='word_1_72' title='bbox 990 1332 1004 1355; x_wconf 93' lang='lat'><strong>,</strong></span> <span class='ocrx_word' id='word_1_73' title='bbox 1053 1306 1175 1359; x_wconf 63' lang='lat' dir='ltr'><strong>quae</strong></span> <span class='ocrx_word' id='word_1_74' title='bbox 1212 1289 1355 1345; x_wconf 84' lang='lat' dir='ltr'><strong>facta</strong></span> <span class='ocrx_word' id='word_1_75' title='bbox 1396 1298 1482 1345; x_wconf 92' lang='lat' dir='ltr'><strong>est</strong></span> <span class='ocrx_word' id='word_1_76' title='bbox 1522 1288 1628 1358; x_wconf 89' lang='lat' dir='ltr'><strong>ipsi</strong></span> <span class='ocrx_word' id='word_1_77' title='bbox 1682 1302 1714 1341; x_wconf 90' lang='lat' dir='ltr'><strong>a</strong></span> <span class='ocrx_word' id='word_1_78' title='bbox 1748 1286 1998 1340; x_wconf 70' lang='lat' dir='ltr'><strong>daemone</strong></span> 
     </span>
    </p>
   </div>
   <div class='ocr_carea' id='block_1_12' title="bbox 415 1381 2000 1454">
    <p class='ocr_par' dir='ltr' id='par_1_12' title="bbox 415 1381 2000 1454">
     <span class='ocr_line' id='line_1_12' title="bbox 415 1381 2000 1454; baseline -0.003 -19"><span class='ocrx_word' id='word_1_79' title='bbox 415 1382 718 1436; x_wconf 84' lang='lat' dir='ltr'><strong>vehementi</strong></span> <span class='ocrx_word' id='word_1_80' title='bbox 748 1398 846 1438; x_wconf 91' lang='lat' dir='ltr'><strong>uso</strong></span> <span class='ocrx_word' id='word_1_81' title='bbox 877 1382 1111 1449; x_wconf 84' lang='lat' dir='ltr'><strong>vafritie,</strong></span> <span class='ocrx_word' id='word_1_82' title='bbox 1138 1393 1193 1439; x_wconf 90' lang='lat' dir='ltr'><strong>et</strong></span> <span class='ocrx_word' id='word_1_83' title='bbox 1223 1399 1320 1454; x_wconf 89' lang='lat' dir='ltr'><strong>per</strong></span> <span class='ocrx_word' id='word_1_84' title='bbox 1347 1383 1634 1438; x_wconf 85' lang='lat' dir='ltr'><strong>cerebrum</strong></span> <span class='ocrx_word' id='word_1_85' title='bbox 1669 1381 1843 1434; x_wconf 87' lang='lat' dir='ltr'><strong>lucem</strong></span> <span class='ocrx_word' id='word_1_86' title='bbox 1866 1392 2000 1432; x_wconf 90' lang='lat' dir='ltr'><strong>con-</strong></span> 
     </span>
    </p>
   </div>
   <div class='ocr_carea' id='block_1_13' title="bbox 412 1468 2001 1547">
    <p class='ocr_par' dir='ltr' id='par_1_13' title="bbox 412 1468 2001 1547">
     <span class='ocr_line' id='line_1_13' title="bbox 412 1468 2001 1547; baseline -0.002 -21"><span class='ocrx_word' id='word_1_87' title='bbox 412 1474 659 1544; x_wconf 87' lang='lat' dir='ltr'><strong>junctam</strong></span> <span class='ocrx_word' id='word_1_88' title='bbox 698 1476 998 1542; x_wconf 89' lang='lat' dir='ltr'><strong>alterante,</strong></span> <span class='ocrx_word' id='word_1_89' title='bbox 1038 1492 1103 1532; x_wconf 86' lang='lat' dir='ltr'><strong>ac</strong></span> <span class='ocrx_word' id='word_1_90' title='bbox 1144 1477 1360 1547; x_wconf 87' lang='lat' dir='ltr'><strong>ipsum,</strong></span> <span class='ocrx_word' id='word_1_91' title='bbox 1390 1482 1553 1547; x_wconf 89' lang='lat' dir='ltr'><strong>prout</strong></span> <span class='ocrx_word' id='word_1_92' title='bbox 1580 1473 1848 1536; x_wconf 76' lang='lat' dir='ltr'><strong>diximus,</strong></span> <span class='ocrx_word' id='word_1_93' title='bbox 1888 1468 2001 1523; x_wconf 86' lang='lat' dir='ltr'><strong>for-</strong></span> 
     </span>
    </p>
   </div>
   <div class='ocr_carea' id='block_1_14' title="bbox 418 1570 617 1615">
    <p class='ocr_par' dir='ltr' id='par_1_14' title="bbox 418 1570 617 1615">
     <span class='ocr_line' id='line_1_14' title="bbox 418 1570 617 1615; baseline 0.01 -2"><span class='ocrx_word' id='word_1_94' title='bbox 418 1570 617 1615; x_wconf 87' lang='lat' dir='ltr'><strong>mante.</strong></span> 
     </span>
    </p>
   </div>
   <div class='ocr_carea' id='block_1_15' title="bbox 943 1695 1460 1791">
    <p class='ocr_par' dir='ltr' id='par_1_15' title="bbox 943 1695 1460 1791">
     <span class='ocr_line' id='line_1_15' title="bbox 943 1695 1460 1791; baseline 0.004 -39"><span class='ocrx_word' id='word_1_95' title='bbox 943 1696 1171 1791; x_wconf 75' lang='lat' dir='ltr'><strong>CAPUT</strong></span> <span class='ocrx_word' id='word_1_96' title='bbox 1223 1695 1460 1754; x_wconf 74' lang='lat' dir='ltr'><strong>LXXIV.</strong></span> 
     </span>
    </p>
   </div>
   <div class='ocr_carea' id='block_1_16' title="bbox 487 1817 2002 1894">
    <p class='ocr_par' dir='ltr' id='par_1_16' title="bbox 487 1817 2002 1894">
     <span class='ocr_line' id='line_1_16' title="bbox 487 1817 2002 1894; baseline 0.004 -22"><span class='ocrx_word' id='word_1_97' title='bbox 487 1817 581 1873; x_wconf 89' lang='lat' dir='ltr'><strong>Dei</strong></span> <span class='ocrx_word' id='word_1_98' title='bbox 635 1821 861 1892; x_wconf 75' lang='lat' dir='ltr'><strong>angelus</strong></span> <span class='ocrx_word' id='word_1_99' title='bbox 908 1832 1092 1877; x_wconf 86' lang='lat' dir='ltr'><strong>astans</strong></span> <span class='ocrx_word' id='word_1_100' title='bbox 1153 1824 1271 1878; x_wconf 88' lang='lat' dir='ltr'><strong>solo</strong></span> <span class='ocrx_word' id='word_1_101' title='bbox 1333 1824 1500 1879; x_wconf 90' lang='lat' dir='ltr'><strong>verbo</strong></span> <span class='ocrx_word' id='word_1_102' title='bbox 1549 1832 1803 1879; x_wconf 90' lang='lat' dir='ltr'><strong>cunctam</strong></span> <span class='ocrx_word' id='word_1_103' title='bbox 1867 1837 2002 1894; x_wconf 87' lang='lat' dir='ltr'><strong>ope-</strong></span> 
     </span>
    </p>
   </div>
   <div class='ocr_carea' id='block_1_17' title="bbox 416 1911 2003 1982">
    <p class='ocr_par' dir='ltr' id='par_1_17' title="bbox 416 1911 2003 1982">
     <span class='ocr_line' id='line_1_17' title="bbox 416 1911 2003 1982; baseline 0.004 -19"><span class='ocrx_word' id='word_1_104' title='bbox 416 1911 685 1965; x_wconf 83' lang='lat' dir='ltr'><strong>rationem</strong></span> <span class='ocrx_word' id='word_1_105' title='bbox 732 1915 1033 1982; x_wconf 81' lang='lat' dir='ltr'><strong>Oppositam</strong></span> <span class='ocrx_word' id='word_1_106' title='bbox 1080 1931 1108 1968; x_wconf 86' lang='lat' dir='ltr'><strong>a</strong></span> <span class='ocrx_word' id='word_1_107' title='bbox 1180 1916 1342 1971; x_wconf 89' lang='lat' dir='ltr'><strong>nobis</strong></span> <span class='ocrx_word' id='word_1_108' title='bbox 1394 1932 1610 1971; x_wconf 86' lang='lat' dir='ltr'><strong>cessare</strong></span> <span class='ocrx_word' id='word_1_109' title='bbox 1667 1915 1834 1982; x_wconf 81' lang='lat' dir='ltr'><strong>facit,</strong></span> <span class='ocrx_word' id='word_1_110' title='bbox 1884 1931 2003 1970; x_wconf 91' lang='lat' dir='ltr'><strong>mo-</strong></span> 
     </span>
    </p>
   </div>
   <div class='ocr_carea' id='block_1_18' title="bbox 417 2006 2003 2080">
    <p class='ocr_par' dir='ltr' id='par_1_18' title="bbox 417 2006 2003 2080">
     <span class='ocr_line' id='line_1_18' title="bbox 417 2006 2003 2080; baseline 0.004 -22"><span class='ocrx_word' id='word_1_111' title='bbox 417 2012 614 2075; x_wconf 85' lang='lat' dir='ltr'><strong>vetque</strong></span> <span class='ocrx_word' id='word_1_112' title='bbox 647 2006 829 2061; x_wconf 91' lang='lat' dir='ltr'><strong>lumen</strong></span> <span class='ocrx_word' id='word_1_113' title='bbox 874 2008 1072 2063; x_wconf 89' lang='lat' dir='ltr'><strong>mentis</strong></span> <span class='ocrx_word' id='word_1_114' title='bbox 1103 2009 1169 2064; x_wconf 91' lang='lat' dir='ltr'><strong>ad</strong></span> <span class='ocrx_word' id='word_1_115' title='bbox 1211 2012 1548 2080; x_wconf 87' lang='lat' dir='ltr'><strong>operandum</strong></span> <span class='ocrx_word' id='word_1_116' title='bbox 1599 2010 1732 2065; x_wconf 87' lang='lat' dir='ltr'><strong>sine-</strong></span> <span class='ocrx_word' id='word_1_117' title='bbox 1756 2009 1869 2066; x_wconf 91' lang='lat' dir='ltr'><strong>ullo</strong></span> <span class='ocrx_word' id='word_1_118' title='bbox 1910 2025 2003 2065; x_wconf 88' lang='lat' dir='ltr'><strong>er-</strong></span> 
     </span>
    </p>
   </div>
   <div class='ocr_carea' id='block_1_19' title="bbox 422 2111 566 2151">
    <p class='ocr_par' dir='ltr' id='par_1_19' title="bbox 422 2111 566 2151">
     <span class='ocr_line' id='line_1_19' title="bbox 422 2111 566 2151; baseline 0.014 -2"><span class='ocrx_word' id='word_1_119' title='bbox 422 2111 566 2151; x_wconf 85' lang='lat' dir='ltr'><strong>rore.</strong></span> 
     </span>
    </p>
   </div>
   <div class='ocr_carea' id='block_1_20' title="bbox 969 2234 1453 2292">
    <p class='ocr_par' dir='ltr' id='par_1_20' title="bbox 969 2234 1453 2292">
     <span class='ocr_line' id='line_1_20' title="bbox 969 2234 1453 2292; baseline 0.004 -2"><span class='ocrx_word' id='word_1_120' title='bbox 969 2234 1201 2290; x_wconf 79' lang='lat' dir='ltr'><strong>CAPUT</strong></span> <span class='ocrx_word' id='word_1_121' title='bbox 1242 2234 1453 2292; x_wconf 75' lang='lat' dir='ltr'><strong>LXXV.</strong></span> 
     </span>
    </p>
   </div>
   <div class='ocr_carea' id='block_1_21' title="bbox 492 2346 2002 2423">
    <p class='ocr_par' dir='ltr' id='par_1_21' title="bbox 492 2346 2002 2423">
     <span class='ocr_line' id='line_1_21' title="bbox 492 2346 2002 2423; baseline 0.003 -20"><span class='ocrx_word' id='word_1_122' title='bbox 492 2346 646 2413; x_wconf 86' lang='lat' dir='ltr'><strong>Quod</strong></span> <span class='ocrx_word' id='word_1_123' title='bbox 706 2348 923 2404; x_wconf 86' lang='lat' dir='ltr'><strong>dicatur</strong></span> <span class='ocrx_word' id='word_1_124' title='bbox 975 2348 1031 2403; x_wconf 89' lang='lat' dir='ltr'><strong>in</strong></span> <span class='ocrx_word' id='word_1_125' title='bbox 1086 2348 1413 2423; x_wconf 84' lang='lat' dir='ltr'><strong>Apocalypsi</strong></span> <span class='ocrx_word' id='word_1_126' title='bbox 1457 2348 1505 2384; x_wconf 75' lang='grc'><strong>⁸⁸</strong></span> <span class='ocrx_word' id='word_1_127' title='bbox 1551 2352 1800 2423; x_wconf 78' lang='lat' dir='ltr'><strong>angelum</strong></span> <span class='ocrx_word' id='word_1_128' title='bbox 1858 2351 2002 2408; x_wconf 89' lang='lat' dir='ltr'><strong>ferre</strong></span> 
     </span>
    </p>
   </div>
   <div class='ocr_carea' id='block_1_22' title="bbox 422 2442 2000 2511">
    <p class='ocr_par' dir='ltr' id='par_1_22' title="bbox 422 2442 2000 2511">
     <span class='ocr_line' id='line_1_22' title="bbox 422 2442 2000 2511; baseline 0.003 -16"><span class='ocrx_word' id='word_1_129' title='bbox 422 2442 757 2496; x_wconf 89' lang='lat' dir='ltr'><strong>thuribulum</strong></span> <span class='ocrx_word' id='word_1_130' title='bbox 782 2444 1076 2498; x_wconf 78' lang='lat' dir='ltr'><strong>sut’ﬁmenti</strong></span> <span class='ocrx_word' id='word_1_131' title='bbox 1099 2486 1115 2511; x_wconf 91' lang='lat'><strong>,</strong></span> <span class='ocrx_word' id='word_1_132' title='bbox 1155 2454 1216 2499; x_wconf 92' lang='lat' dir='ltr'><strong>ut</strong></span> <span class='ocrx_word' id='word_1_133' title='bbox 1260 2444 1415 2499; x_wconf 87' lang='lat' dir='ltr'><strong>daret</strong></span> <span class='ocrx_word' id='word_1_134' title='bbox 1452 2446 1518 2499; x_wconf 89' lang='lat' dir='ltr'><strong>ad</strong></span> <span class='ocrx_word' id='word_1_135' title='bbox 1561 2445 1841 2500; x_wconf 86' lang='lat' dir='ltr'><strong>orationes</strong></span> <span class='ocrx_word' id='word_1_136' title='bbox 1872 2459 2000 2500; x_wconf 88' lang='lat' dir='ltr'><strong>san-</strong></span> 
     </span>
    </p>
   </div>
   <div class='ocr_carea' id='block_1_23' title="bbox 421 2534 2001 2605">
    <p class='ocr_par' dir='ltr' id='par_1_23' title="bbox 421 2534 2001 2605">
     <span class='ocr_line' id='line_1_23' title="bbox 421 2534 2001 2605; baseline 0.003 -18"><span class='ocrx_word' id='word_1_137' title='bbox 421 2542 665 2600; x_wconf 87' lang='lat' dir='ltr'><strong>ctormn,</strong></span> <span class='ocrx_word' id='word_1_138' title='bbox 724 2534 959 2589; x_wconf 84' lang='lat' dir='ltr'><strong>arbitror</strong></span> <span class='ocrx_word' id='word_1_139' title='bbox 998 2536 1145 2605; x_wconf 87' lang='lat' dir='ltr'><strong>quod</strong></span> <span class='ocrx_word' id='word_1_140' title='bbox 1212 2536 1283 2592; x_wconf 85' lang='lat' dir='ltr'><strong>sit</strong></span> <span class='ocrx_word' id='word_1_141' title='bbox 1319 2538 1433 2590; x_wconf 61' lang='lat' dir='ltr'><strong>haec</strong></span> <span class='ocrx_word' id='word_1_142' title='bbox 1466 2536 1637 2605; x_wconf 86' lang='lat' dir='ltr'><strong>gratia</strong></span> <span class='ocrx_word' id='word_1_143' title='bbox 1665 2578 1680 2601; x_wconf 91' lang='lat'><strong>,</strong></span> <span class='ocrx_word' id='word_1_144' title='bbox 1728 2550 1850 2605; x_wconf 66' lang='lat' dir='ltr'><strong>qua</strong></span> <span class='ocrx_word' id='word_1_145' title='bbox 1905 2549 2001 2604; x_wconf 82' lang='lat' dir='ltr'><strong>per</strong></span> 
     </span>
    </p>
   </div>
   <div class='ocr_carea' id='block_1_24' title="bbox 421 2624 1999 2694">
    <p class='ocr_par' dir='ltr' id='par_1_24' title="bbox 421 2624 1999 2694">
     <span class='ocr_line' id='line_1_24' title="bbox 421 2624 1999 2694; baseline 0.001 -16"><span class='ocrx_word' id='word_1_146' title='bbox 421 2625 672 2694; x_wconf 78' lang='lat' dir='ltr'><strong>angelum</strong></span> <span class='ocrx_word' id='word_1_147' title='bbox 695 2624 924 2679; x_wconf 87' lang='lat' dir='ltr'><strong>ellicitur</strong></span> <span class='ocrx_word' id='word_1_148' title='bbox 946 2644 961 2679; x_wconf 91' lang='lat'><strong>:</strong></span> <span class='ocrx_word' id='word_1_149' title='bbox 987 2627 1125 2681; x_wconf 90' lang='lat' dir='ltr'><strong>indit</strong></span> <span class='ocrx_word' id='word_1_150' title='bbox 1151 2626 1295 2681; x_wconf 88' lang='lat' dir='ltr'><strong>enim</strong></span> <span class='ocrx_word' id='word_1_151' title='bbox 1326 2626 1693 2693; x_wconf 72' lang='lat' dir='ltr'><strong>cognitionem</strong></span> <span class='ocrx_word' id='word_1_152' title='bbox 1716 2640 1859 2681; x_wconf 76' lang='lat' dir='ltr'><strong>verte</strong></span> <span class='ocrx_word' id='word_1_153' title='bbox 1874 2639 1999 2680; x_wconf 82' lang='lat' dir='ltr'><strong>ora-</strong></span> 
     </span>
    </p>
   </div>
   <div class='ocr_carea' id='block_1_25' title="bbox 422 2715 1998 2786">
    <p class='ocr_par' dir='ltr' id='par_1_25' title="bbox 422 2715 1998 2786">
     <span class='ocr_line' id='line_1_25' title="bbox 422 2715 1998 2786; baseline 0.004 -17"><span class='ocrx_word' id='word_1_154' title='bbox 422 2716 628 2780; x_wconf 87' lang='lat' dir='ltr'><strong>tionis,</strong></span> <span class='ocrx_word' id='word_1_155' title='bbox 683 2715 757 2769; x_wconf 89' lang='lat' dir='ltr'><strong>ita</strong></span> <span class='ocrx_word' id='word_1_156' title='bbox 809 2725 871 2770; x_wconf 94' lang='lat' dir='ltr'><strong>ut</strong></span> <span class='ocrx_word' id='word_1_157' title='bbox 917 2732 1072 2771; x_wconf 91' lang='lat' dir='ltr'><strong>mens</strong></span> <span class='ocrx_word' id='word_1_158' title='bbox 1123 2716 1381 2786; x_wconf 87' lang='lat' dir='ltr'><strong>deinceps</strong></span> <span class='ocrx_word' id='word_1_159' title='bbox 1440 2724 1544 2772; x_wconf 89' lang='lat' dir='ltr'><strong>stet</strong></span> <span class='ocrx_word' id='word_1_160' title='bbox 1585 2724 1738 2772; x_wconf 77' lang='lat' dir='ltr'><strong>extra</strong></span> <span class='ocrx_word' id='word_1_161' title='bbox 1780 2732 1998 2775; x_wconf 88' lang='lat' dir='ltr'><strong>omnem</strong></span> 
     </span>
    </p>
   </div>
   <div class='ocr_carea' id='block_1_26' title="bbox 422 2806 1629 2879">
    <p class='ocr_par' dir='ltr' id='par_1_26' title="bbox 422 2806 1629 2879">
     <span class='ocr_line' id='line_1_26' title="bbox 422 2806 1629 2879; baseline 0.003 -19"><span class='ocrx_word' id='word_1_162' title='bbox 422 2806 791 2878; x_wconf 87' lang='lat' dir='ltr'><strong>agitationem,</strong></span> <span class='ocrx_word' id='word_1_163' title='bbox 820 2807 1093 2877; x_wconf 86' lang='lat' dir='ltr'><strong>pigritiam</strong></span> <span class='ocrx_word' id='word_1_164' title='bbox 1133 2823 1197 2862; x_wconf 92' lang='lat' dir='ltr'><strong>ac</strong></span> <span class='ocrx_word' id='word_1_165' title='bbox 1224 2808 1629 2879; x_wconf 86' lang='lat' dir='ltr'><strong>negligentiam.</strong></span> 
     </span>
    </p>
   </div>
   <div class='ocr_carea' id='block_1_27' title="bbox 848 2918 1581 2992">
    <p class='ocr_par' dir='ltr' id='par_1_27' title="bbox 848 2918 1581 2992">
     <span class='ocr_line' id='line_1_27' title="bbox 848 2918 1581 2992; baseline 0.001 -17"><span class='ocrx_word' id='word_1_166' title='bbox 848 2918 1013 2992; x_wconf 67' lang='lat'><strong>(.95</strong></span> <span class='ocrx_word' id='word_1_167' title='bbox 1068 2918 1300 2975; x_wconf 85' lang='lat' dir='ltr'><strong>CAPUT</strong></span> <span class='ocrx_word' id='word_1_168' title='bbox 1348 2920 1581 2976; x_wconf 77' lang='lat' dir='ltr'><strong>LXXVI.</strong></span> 
     </span>
    </p>
   </div>
   <div class='ocr_carea' id='block_1_28' title="bbox 1908 244 2161 307">
    <p class='ocr_par' dir='ltr' id='par_1_28' title="bbox 1908 244 2161 307">
     <span class='ocr_line' id='line_1_28' title="bbox 1908 244 2161 307; baseline 0.004 -1"><span class='ocrx_word' id='word_1_169' title='bbox 1908 245 1968 306; x_wconf 90' lang='lat' dir='ltr'><strong>S.</strong></span> <span class='ocrx_word' id='word_1_170' title='bbox 1995 244 2161 307; x_wconf 78' lang='lat' dir='ltr'><strong>NILI</strong></span> 
     </span>
    </p>
   </div>
   <div class='ocr_carea' id='block_1_29' title="bbox 1794 361 2058 421">
    <p class='ocr_par' dir='ltr' id='par_1_29' title="bbox 1794 361 2058 421">
     <span class='ocr_line' id='line_1_29' title="bbox 1794 361 2058 421; baseline 0 -3"><span class='ocrx_word' id='word_1_171' title='bbox 1794 361 2058 421; x_wconf 70' lang='grc' dir='ltr'><strong>’,Δ</strong></span> 
     </span>
    </p>
   </div>
   <div class='ocr_carea' id='block_1_30' title="bbox 3547 237 3700 302">
    <p class='ocr_par' dir='ltr' id='par_1_30' title="bbox 3547 237 3700 302">
     <span class='ocr_line' id='line_1_30' title="bbox 3547 237 3700 302; baseline 0 -1"><span class='ocrx_word' id='word_1_172' title='bbox 3547 237 3700 302; x_wconf 68' lang='grc'><strong>1184</strong></span> 
     </span>
    </p>
   </div>
   <div class='ocr_carea' id='block_1_31' title="bbox 2677 352 3079 409">
    <p class='ocr_par' dir='ltr' id='par_1_31' title="bbox 2677 352 3079 409">
     <span class='ocr_line' id='line_1_31' title="bbox 2677 352 3079 409; baseline -0.01 0"><span class='ocrx_word' id='word_1_173' title='bbox 2677 352 2929 409; x_wconf 73' lang='grc' dir='ltr'><strong>ΚΕΦᾹΔ.</strong></span> <span class='ocrx_word' id='word_1_174' title='bbox 2952 353 3079 406; x_wconf 74' lang='lat'><strong>01&quot;.</strong></span> 
     </span>
    </p>
   </div>
   <div class='ocr_carea' id='block_1_32' title="bbox 2160 465 3704 540">
    <p class='ocr_par' dir='ltr' id='par_1_32' title="bbox 2160 465 3704 540">
     <span class='ocr_line' id='line_1_32' title="bbox 2160 465 3704 540; baseline 0.001 -16"><span class='ocrx_word' id='word_1_175' title='bbox 2160 465 2332 539; x_wconf 75' lang='grc' dir='ltr'>Οἶμαι</span> <span class='ocrx_word' id='word_1_176' title='bbox 2384 468 2476 521; x_wconf 76' lang='grc' dir='ltr'>τὸν</span> <span class='ocrx_word' id='word_1_177' title='bbox 2523 467 2749 538; x_wconf 80' lang='grc' dir='ltr'>δαίμονα</span> <span class='ocrx_word' id='word_1_178' title='bbox 2808 467 3187 538; x_wconf 75' lang='grc' dir='ltr'>ἐφαπτόμενον</span> <span class='ocrx_word' id='word_1_179' title='bbox 3235 465 3331 520; x_wconf 86' lang='grc' dir='ltr'><strong>τοῦ</strong></span> <span class='ocrx_word' id='word_1_180' title='bbox 3380 469 3704 540; x_wconf 72' lang='grc' dir='ltr'><strong>εἰρημένου</strong></span> 
     </span>
    </p>
   </div>
   <div class='ocr_carea' id='block_1_33' title="bbox 2089 555 3702 629">
    <p class='ocr_par' dir='ltr' id='par_1_33' title="bbox 2089 555 3702 629">
     <span class='ocr_line' id='line_1_33' title="bbox 2089 555 3702 629; baseline 0.001 -16"><span class='ocrx_word' id='word_1_181' title='bbox 2089 559 2257 614; x_wconf 80' lang='grc' dir='ltr'>τόπου</span> <span class='ocrx_word' id='word_1_182' title='bbox 2284 558 2345 613; x_wconf 80' lang='grc' dir='ltr'>τὸ</span> <span class='ocrx_word' id='word_1_183' title='bbox 2369 558 2497 629; x_wconf 77' lang='grc' dir='ltr'>περὶ</span> <span class='ocrx_word' id='word_1_184' title='bbox 2522 558 2614 611; x_wconf 88' lang='grc' dir='ltr'>τὸν</span> <span class='ocrx_word' id='word_1_185' title='bbox 2637 559 2762 611; x_wconf 84' lang='grc' dir='ltr'>νοῦν</span> <span class='ocrx_word' id='word_1_186' title='bbox 2788 557 2910 626; x_wconf 80' lang='grc' dir='ltr'>,φῶς</span> <span class='ocrx_word' id='word_1_187' title='bbox 2934 557 3159 627; x_wconf 80' lang='grc' dir='ltr'><strong>τρέπειν</strong></span> <span class='ocrx_word' id='word_1_188' title='bbox 3182 555 3372 621; x_wconf 86' lang='grc' dir='ltr'>καθὼς</span> <span class='ocrx_word' id='word_1_189' title='bbox 3403 557 3702 628; x_wconf 79' lang='grc' dir='ltr'>βούλεται,</span> 
     </span>
    </p>
   </div>
   <div class='ocr_carea' id='block_1_34' title="bbox 2091 647 3687 720">
    <p class='ocr_par' dir='ltr' id='par_1_34' title="bbox 2091 647 3687 720">
     <span class='ocr_line' id='line_1_34' title="bbox 2091 647 3687 720; baseline -0.001 -15"><span class='ocrx_word' id='word_1_190' title='bbox 2091 652 2186 706; x_wconf 84' lang='grc' dir='ltr'><strong>καί</strong></span> <span class='ocrx_word' id='word_1_191' title='bbox 2208 650 2351 705; x_wconf 75' lang='grc' dir='ltr'>οὕτω</span> <span class='ocrx_word' id='word_1_192' title='bbox 2374 649 2640 704; x_wconf 84' lang='grc' dir='ltr'>κινεῖσθαι</span> <span class='ocrx_word' id='word_1_193' title='bbox 2670 649 2731 703; x_wconf 84' lang='grc' dir='ltr'>τὸ</span> <span class='ocrx_word' id='word_1_194' title='bbox 2752 648 2850 719; x_wconf 80' lang='grc' dir='ltr'>τῆς</span> <span class='ocrx_word' id='word_1_195' title='bbox 2876 647 3181 712; x_wconf 80' lang='grc' dir='ltr'>κενεδοξὶας</span> <span class='ocrx_word' id='word_1_196' title='bbox 3202 649 3404 716; x_wconf 83' lang='grc' dir='ltr'>πάθος,</span> <span class='ocrx_word' id='word_1_197' title='bbox 3436 653 3527 713; x_wconf 70' lang='grc' dir='ltr'>εἰς</span> <span class='ocrx_word' id='word_1_198' title='bbox 3558 652 3687 720; x_wconf 70' lang='grc' dir='ltr'>ἳὶογι</span> 
     </span>
    </p>
   </div>
   <div class='ocr_carea' id='block_1_35' title="bbox 2093 737 3703 814">
    <p class='ocr_par' dir='ltr' id='par_1_35' title="bbox 2093 737 3703 814">
     <span class='ocr_line' id='line_1_35' title="bbox 2093 737 3703 814; baseline -0.001 -18"><span class='ocrx_word' id='word_1_199' title='bbox 2093 742 2229 814; x_wconf 80' lang='grc' dir='ltr'>σμὸν</span> <span class='ocrx_word' id='word_1_200' title='bbox 2276 740 2587 812; x_wconf 84' lang='grc' dir='ltr'>μορφοῦντα</span> <span class='ocrx_word' id='word_1_201' title='bbox 2637 740 2731 794; x_wconf 83' lang='grc' dir='ltr'>τὸν</span> <span class='ocrx_word' id='word_1_202' title='bbox 2782 737 2907 793; x_wconf 92' lang='grc' dir='ltr'>νοῦν</span> <span class='ocrx_word' id='word_1_203' title='bbox 2952 737 3152 807; x_wconf 86' lang='grc' dir='ltr'>κοῦφον</span> <span class='ocrx_word' id='word_1_204' title='bbox 3191 741 3505 811; x_wconf 81' lang='grc' dir='ltr'>γνωμόνως</span> <span class='ocrx_word' id='word_1_205' title='bbox 3561 744 3703 813; x_wconf 70' lang='grc' dir='ltr'>πρὸς</span> 
     </span>
    </p>
   </div>
   <div class='ocr_carea' id='block_1_36' title="bbox 2090 829 3701 903">
    <p class='ocr_par' dir='ltr' id='par_1_36' title="bbox 2090 829 3701 903">
     <span class='ocr_line' id='line_1_36' title="bbox 2090 829 3701 903; baseline -0.002 -15"><span class='ocrx_word' id='word_1_206' title='bbox 2090 835 2183 888; x_wconf 85' lang='grc' dir='ltr'>τὸν</span> <span class='ocrx_word' id='word_1_207' title='bbox 2230 832 2582 903; x_wconf 78' lang='grc' dir='ltr'>ἁναπλασμὸν</span> <span class='ocrx_word' id='word_1_208' title='bbox 2609 831 2709 902; x_wconf 84' lang='grc' dir='ltr'>τῆς</span> <span class='ocrx_word' id='word_1_209' title='bbox 2753 829 2901 892; x_wconf 81' lang='grc' dir='ltr'><strong>θείας</strong></span> <span class='ocrx_word' id='word_1_210' title='bbox 2935 829 3031 881; x_wconf 75' lang='grc' dir='ltr'>καὶ</span> <span class='ocrx_word' id='word_1_211' title='bbox 3058 829 3353 894; x_wconf 79' lang='grc' dir='ltr'>οὐσιώδους</span> <span class='ocrx_word' id='word_1_212' title='bbox 3400 831 3701 900; x_wconf 77' lang='grc' dir='ltr'>γνώσεως,</span> 
     </span>
    </p>
   </div>
   <div class='ocr_carea' id='block_1_37' title="bbox 2095 919 3703 995">
    <p class='ocr_par' dir='ltr' id='par_1_37' title="bbox 2095 919 3703 995">
     <span class='ocr_line' id='line_1_37' title="bbox 2095 919 3703 995; baseline 0.001 -19"><span class='ocrx_word' id='word_1_213' title='bbox 2095 924 2171 995; x_wconf 83' lang='grc' dir='ltr'>μὴ</span> <span class='ocrx_word' id='word_1_214' title='bbox 2218 922 2543 993; x_wconf 82' lang='grc' dir='ltr'>ὁχλούμενος</span> <span class='ocrx_word' id='word_1_215' title='bbox 2598 921 2656 974; x_wconf 80' lang='grc' dir='ltr'><strong>δὲ</strong></span> <span class='ocrx_word' id='word_1_216' title='bbox 2699 921 2728 973; x_wconf 85' lang='grc' dir='ltr'><strong>ὁ</strong></span> <span class='ocrx_word' id='word_1_217' title='bbox 2774 919 3017 982; x_wconf 89' lang='grc' dir='ltr'>τοιοῦτος</span> <span class='ocrx_word' id='word_1_218' title='bbox 3066 919 3172 973; x_wconf 78' lang='grc' dir='ltr'><strong>ὑπὸ</strong></span> <span class='ocrx_word' id='word_1_219' title='bbox 3226 922 3547 992; x_wconf 80' lang='grc' dir='ltr'>σαρκικῶν,</span> <span class='ocrx_word' id='word_1_220' title='bbox 3606 927 3703 977; x_wconf 79' lang='grc' dir='ltr'>καὶ</span> 
     </span>
    </p>
   </div>
   <div class='ocr_carea' id='block_1_38' title="bbox 2091 1010 3695 1086">
    <p class='ocr_par' dir='ltr' id='par_1_38' title="bbox 2091 1010 3695 1086">
     <span class='ocr_line' id='line_1_38' title="bbox 2091 1010 3695 1086; baseline -0.001 -18"><span class='ocrx_word' id='word_1_221' title='bbox 2091 1013 2416 1085; x_wconf 78' lang='grc' dir='ltr'><strong>ἀκαθάρτων</strong></span> <span class='ocrx_word' id='word_1_222' title='bbox 2448 1012 2654 1077; x_wconf 83' lang='grc' dir='ltr'>παθῶν,</span> <span class='ocrx_word' id='word_1_223' title='bbox 2670 1010 2809 1064; x_wconf 79' lang='grc' dir='ltr'>ἀλλὰ</span> <span class='ocrx_word' id='word_1_224' title='bbox 2830 1010 3085 1082; x_wconf 77' lang='grc' dir='ltr'>καθαρῶς</span> <span class='ocrx_word' id='word_1_225' title='bbox 3099 1011 3263 1082; x_wconf 83' lang='grc' dir='ltr'><strong>δῆθεν</strong></span> <span class='ocrx_word' id='word_1_226' title='bbox 3290 1014 3695 1086; x_wconf 79' lang='grc' dir='ltr'>παρεστηκὼς,</span> 
     </span>
    </p>
   </div>
   <div class='ocr_carea' id='block_1_39' title="bbox 2093 1103 3696 1177">
    <p class='ocr_par' dir='ltr' id='par_1_39' title="bbox 2093 1103 3696 1177">
     <span class='ocr_line' id='line_1_39' title="bbox 2093 1103 3696 1177; baseline -0.001 -17"><span class='ocrx_word' id='word_1_227' title='bbox 2093 1105 2242 1160; x_wconf 85' lang='grc' dir='ltr'>δοκεῖ</span> <span class='ocrx_word' id='word_1_228' title='bbox 2286 1106 2487 1177; x_wconf 86' lang='grc' dir='ltr'>μηκέτι</span> <span class='ocrx_word' id='word_1_229' title='bbox 2534 1103 2820 1173; x_wconf 83' lang='grc' dir='ltr'>ὲνέργειάν</span> <span class='ocrx_word' id='word_1_230' title='bbox 2868 1120 2992 1157; x_wconf 91' lang='grc' dir='ltr'>τινα</span> <span class='ocrx_word' id='word_1_231' title='bbox 3038 1104 3288 1158; x_wconf 76' lang='grc' dir='ltr'>ἐναντίαν</span> <span class='ocrx_word' id='word_1_232' title='bbox 3328 1105 3593 1173; x_wconf 78' lang='grc' dir='ltr'>γίνεσθαι</span> <span class='ocrx_word' id='word_1_233' title='bbox 3638 1108 3696 1158; x_wconf 81' lang='grc' dir='ltr'><strong>έν</strong></span> 
     </span>
    </p>
   </div>
   <div class='ocr_carea' id='block_1_40' title="bbox 2095 1192 3695 1269">
    <p class='ocr_par' dir='ltr' id='par_1_40' title="bbox 2095 1192 3695 1269">
     <span class='ocr_line' id='line_1_40' title="bbox 2095 1192 3695 1269; baseline -0.001 -16"><span class='ocrx_word' id='word_1_234' title='bbox 2095 1198 2292 1269; x_wconf 78' lang='grc' dir='ltr'>ἑαυτῷ,</span> <span class='ocrx_word' id='word_1_235' title='bbox 2340 1199 2462 1253; x_wconf 85' lang='grc' dir='ltr'>ὃθεν</span> <span class='ocrx_word' id='word_1_236' title='bbox 2506 1196 2802 1252; x_wconf 83' lang='grc' dir='ltr'>ὑποπτεύει</span> <span class='ocrx_word' id='word_1_237' title='bbox 2848 1196 2999 1250; x_wconf 83' lang='grc' dir='ltr'><strong>θείαν</strong></span> <span class='ocrx_word' id='word_1_238' title='bbox 3035 1192 3173 1251; x_wconf 81' lang='grc' dir='ltr'>εἶναι</span> <span class='ocrx_word' id='word_1_239' title='bbox 3213 1198 3559 1267; x_wconf 74' lang='grc' dir='ltr'>ἐπιφάνειαν</span> <span class='ocrx_word' id='word_1_240' title='bbox 3596 1200 3695 1266; x_wconf 70' lang='grc' dir='ltr'>τὴν</span> 
     </span>
    </p>
   </div>
   <div class='ocr_carea' id='block_1_41' title="bbox 2095 1286 3696 1361">
    <p class='ocr_par' dir='ltr' id='par_1_41' title="bbox 2095 1286 3696 1361">
     <span class='ocr_line' id='line_1_41' title="bbox 2095 1286 3696 1361; baseline -0.001 -19"><span class='ocrx_word' id='word_1_241' title='bbox 2095 1291 2395 1361; x_wconf 81' lang='grc' dir='ltr'><strong>γενομένην</strong></span> <span class='ocrx_word' id='word_1_242' title='bbox 2438 1288 2586 1359; x_wconf 81' lang='grc' dir='ltr'><strong>αὑτῷ</strong></span> <span class='ocrx_word' id='word_1_243' title='bbox 2612 1287 2718 1341; x_wconf 72' lang='grc' dir='ltr'>ὑπὸ</span> <span class='ocrx_word' id='word_1_244' title='bbox 2761 1286 2855 1341; x_wconf 86' lang='grc' dir='ltr'><strong>τοῦ</strong></span> <span class='ocrx_word' id='word_1_245' title='bbox 2893 1287 3169 1359; x_wconf 86' lang='grc' dir='ltr'>δαίμονος,</span> <span class='ocrx_word' id='word_1_246' title='bbox 3206 1288 3306 1341; x_wconf 77' lang='grc' dir='ltr'>καὶ</span> <span class='ocrx_word' id='word_1_247' title='bbox 3341 1287 3696 1361; x_wconf 61' lang='lat' dir='ltr'><strong>popme</strong></span> 
     </span>
    </p>
   </div>
   <div class='ocr_carea' id='block_1_42' title="bbox 2096 1378 2871 1452">
    <p class='ocr_par' dir='ltr' id='par_1_42' title="bbox 2096 1378 2871 1452">
     <span class='ocr_line' id='line_1_42' title="bbox 2096 1378 2871 1452; baseline -0.001 -17"><span class='ocrx_word' id='word_1_248' title='bbox 2096 1381 2279 1446; x_wconf 80' lang='grc' dir='ltr'>αὑτὸν,</span> <span class='ocrx_word' id='word_1_249' title='bbox 2320 1380 2502 1446; x_wconf 84' lang='grc' dir='ltr'>καθῶς</span> <span class='ocrx_word' id='word_1_250' title='bbox 2531 1378 2871 1452; x_wconf 79' lang='grc' dir='ltr'>προέφαμεν.</span> 
     </span>
    </p>
   </div>
   <div class='ocr_carea' id='block_1_43' title="bbox 2675 1708 3088 1762">
    <p class='ocr_par' dir='ltr' id='par_1_43' title="bbox 2675 1708 3088 1762">
     <span class='ocr_line' id='line_1_43' title="bbox 2675 1708 3088 1762; baseline 0.002 -1"><span class='ocrx_word' id='word_1_251' title='bbox 2675 1708 2926 1762; x_wconf 75' lang='grc' dir='ltr'>ΚΕΦΑΛ.</span> <span class='ocrx_word' id='word_1_252' title='bbox 2972 1708 3088 1762; x_wconf 83' lang='grc' dir='ltr'>ΟΔ’.</span> 
     </span>
    </p>
   </div>
   <div class='ocr_carea' id='block_1_44' title="bbox 2182 1815 3698 1891">
    <p class='ocr_par' dir='ltr' id='par_1_44' title="bbox 2182 1815 3698 1891">
     <span class='ocr_line' id='line_1_44' title="bbox 2182 1815 3698 1891; baseline 0.001 -20"><span class='ocrx_word' id='word_1_253' title='bbox 2182 1816 2243 1871; x_wconf 84' lang='lat'><strong>&#39;0</strong></span> <span class='ocrx_word' id='word_1_254' title='bbox 2273 1815 2369 1871; x_wconf 92' lang='grc' dir='ltr'><strong>τοῦ</strong></span> <span class='ocrx_word' id='word_1_255' title='bbox 2400 1817 2535 1871; x_wconf 87' lang='grc' dir='ltr'>Θεοῦ</span> <span class='ocrx_word' id='word_1_256' title='bbox 2568 1817 2797 1887; x_wconf 78' lang='grc' dir='ltr'>ἄγγελος</span> <span class='ocrx_word' id='word_1_257' title='bbox 2844 1817 3070 1881; x_wconf 72' lang='grc' dir='ltr'>ἐπιστὰς</span> <span class='ocrx_word' id='word_1_258' title='bbox 3109 1817 3255 1889; x_wconf 84' lang='grc' dir='ltr'>λόγῳ</span> <span class='ocrx_word' id='word_1_259' title='bbox 3285 1821 3441 1891; x_wconf 82' lang='grc' dir='ltr'>μόνῳ</span> <span class='ocrx_word' id='word_1_260' title='bbox 3470 1815 3698 1877; x_wconf 72' lang='grc' dir='ltr'>ἃπασαν</span> 
     </span>
    </p>
   </div>
   <div class='ocr_carea' id='block_1_45' title="bbox 2098 1905 3698 1979">
    <p class='ocr_par' dir='ltr' id='par_1_45' title="bbox 2098 1905 3698 1979">
     <span class='ocr_line' id='line_1_45' title="bbox 2098 1905 3698 1979; baseline -0.003 -18"><span class='ocrx_word' id='word_1_261' title='bbox 2098 1906 2199 1979; x_wconf 83' lang='grc' dir='ltr'>τὴν</span> <span class='ocrx_word' id='word_1_262' title='bbox 2224 1908 2607 1978; x_wconf 82' lang='grc' dir='ltr'>ἀντικειμένην</span> <span class='ocrx_word' id='word_1_263' title='bbox 2647 1907 2930 1977; x_wconf 72' lang='grc' dir='ltr'>ἐνέργειαν</span> <span class='ocrx_word' id='word_1_264' title='bbox 2966 1905 3130 1958; x_wconf 82' lang='grc' dir='ltr'>παύει</span> <span class='ocrx_word' id='word_1_265' title='bbox 3160 1906 3220 1971; x_wconf 82' lang='grc' dir='ltr'>ὲξ</span> <span class='ocrx_word' id='word_1_266' title='bbox 3259 1906 3457 1977; x_wconf 62' lang='lat' dir='ltr'><strong>mqu,</strong></span> <span class='ocrx_word' id='word_1_267' title='bbox 3486 1907 3586 1959; x_wconf 80' lang='grc' dir='ltr'>καὶ</span> <span class='ocrx_word' id='word_1_268' title='bbox 3612 1923 3698 1958; x_wconf 84' lang='grc' dir='ltr'>κι-</span> 
     </span>
    </p>
   </div>
   <div class='ocr_carea' id='block_1_46' title="bbox 2098 1996 3217 2069">
    <p class='ocr_par' dir='ltr' id='par_1_46' title="bbox 2098 1996 3217 2069">
     <span class='ocr_line' id='line_1_46' title="bbox 2098 1996 3217 2069; baseline 0 -16"><span class='ocrx_word' id='word_1_269' title='bbox 2098 2000 2183 2054; x_wconf 79' lang='grc' dir='ltr'><strong>νεῖ</strong></span> <span class='ocrx_word' id='word_1_270' title='bbox 2203 1999 2265 2054; x_wconf 80' lang='grc' dir='ltr'>τὸ</span> <span class='ocrx_word' id='word_1_271' title='bbox 2291 2000 2406 2069; x_wconf 78' lang='grc' dir='ltr'><strong>φῶς</strong></span> <span class='ocrx_word' id='word_1_272' title='bbox 2432 1998 2528 2052; x_wconf 89' lang='grc' dir='ltr'><strong>τοῦ</strong></span> <span class='ocrx_word' id='word_1_273' title='bbox 2551 1997 2641 2052; x_wconf 82' lang='grc' dir='ltr'><strong>νοῦ</strong></span> <span class='ocrx_word' id='word_1_274' title='bbox 2667 1996 2925 2061; x_wconf 80' lang='grc' dir='ltr'>ἀπλανῶς</span> <span class='ocrx_word' id='word_1_275' title='bbox 2953 1999 3217 2069; x_wconf 71' lang='grc' dir='ltr'>ἐνεργεῖν.</span> 
     </span>
    </p>
   </div>
   <div class='ocr_carea' id='block_1_47' title="bbox 2674 2215 3089 2272">
    <p class='ocr_par' dir='ltr' id='par_1_47' title="bbox 2674 2215 3089 2272">
     <span class='ocr_line' id='line_1_47' title="bbox 2674 2215 3089 2272; baseline -0.002 0"><span class='ocrx_word' id='word_1_276' title='bbox 2674 2218 2925 2272; x_wconf 71' lang='grc' dir='ltr'><strong>ΚΕΦΑΛ.</strong></span> <span class='ocrx_word' id='word_1_277' title='bbox 2964 2215 3089 2271; x_wconf 85' lang='lat' dir='ltr'><strong>OE&#39;.</strong></span> 
     </span>
    </p>
   </div>
   <div class='ocr_carea' id='block_1_48' title="bbox 2170 2328 3700 2405">
    <p class='ocr_par' dir='ltr' id='par_1_48' title="bbox 2170 2328 3700 2405">
     <span class='ocr_line' id='line_1_48' title="bbox 2170 2328 3700 2405; baseline -0.002 -17"><span class='ocrx_word' id='word_1_278' title='bbox 2170 2334 2246 2388; x_wconf 86' lang='grc' dir='ltr'><strong>Τδ</strong></span> <span class='ocrx_word' id='word_1_279' title='bbox 2284 2333 2464 2402; x_wconf 84' lang='grc' dir='ltr'>λέγειν</span> <span class='ocrx_word' id='word_1_280' title='bbox 2510 2333 2569 2386; x_wconf 77' lang='grc' dir='ltr'>ἐν</span> <span class='ocrx_word' id='word_1_281' title='bbox 2601 2334 2667 2405; x_wconf 79' lang='grc' dir='ltr'>τῇ</span> <span class='ocrx_word' id='word_1_282' title='bbox 2712 2330 3075 2401; x_wconf 75' lang='grc' dir='ltr'>’Δποκαλύψει</span> <span class='ocrx_word' id='word_1_283' title='bbox 3104 2328 3443 2401; x_wconf 78' lang='grc' dir='ltr'>κομίζεσθαι</span> <span class='ocrx_word' id='word_1_284' title='bbox 3474 2331 3577 2385; x_wconf 75' lang='grc' dir='ltr'><strong>τὸν</strong></span> <span class='ocrx_word' id='word_1_285' title='bbox 3604 2331 3700 2399; x_wconf 73' lang='grc' dir='ltr'><strong>ἄγ-</strong></span> 
     </span>
    </p>
   </div>
   <div class='ocr_carea' id='block_1_49' title="bbox 2098 2424 3697 2499">
    <p class='ocr_par' dir='ltr' id='par_1_49' title="bbox 2098 2424 3697 2499">
     <span class='ocr_line' id='line_1_49' title="bbox 2098 2424 3697 2499; baseline -0.002 -17"><span class='ocrx_word' id='word_1_286' title='bbox 2098 2427 2256 2499; x_wconf 88' lang='grc' dir='ltr'>γελον</span> <span class='ocrx_word' id='word_1_287' title='bbox 2285 2427 2536 2498; x_wconf 83' lang='grc' dir='ltr'>θυμίαμα</span> <span class='ocrx_word' id='word_1_288' title='bbox 2563 2426 2653 2480; x_wconf 82' lang='grc' dir='ltr'>ἵνα</span> <span class='ocrx_word' id='word_1_289' title='bbox 2676 2424 2752 2497; x_wconf 81' lang='grc' dir='ltr'>δῷ</span> <span class='ocrx_word' id='word_1_290' title='bbox 2781 2426 2861 2490; x_wconf 79' lang='grc' dir='ltr'><strong>είς</strong></span> <span class='ocrx_word' id='word_1_291' title='bbox 2886 2425 2989 2490; x_wconf 77' lang='grc' dir='ltr'><strong>τὰς</strong></span> <span class='ocrx_word' id='word_1_292' title='bbox 3018 2425 3332 2494; x_wconf 78' lang='grc' dir='ltr'>προσευχὰς</span> <span class='ocrx_word' id='word_1_293' title='bbox 3352 2424 3473 2478; x_wconf 83' lang='grc' dir='ltr'><strong>τῶν</strong></span> <span class='ocrx_word' id='word_1_294' title='bbox 3503 2425 3697 2494; x_wconf 78' lang='grc' dir='ltr'>ἁγίων,</span> 
     </span>
    </p>
   </div>
   <div class='ocr_carea' id='block_1_50' title="bbox 2099 2514 3697 2592">
    <p class='ocr_par' dir='ltr' id='par_1_50' title="bbox 2099 2514 3697 2592">
     <span class='ocr_line' id='line_1_50' title="bbox 2099 2514 3697 2592; baseline -0.003 -18"><span class='ocrx_word' id='word_1_295' title='bbox 2099 2517 2255 2592; x_wconf 79' lang='grc' dir='ltr'>οἶμαι</span> <span class='ocrx_word' id='word_1_296' title='bbox 2284 2520 2384 2590; x_wconf 79' lang='grc' dir='ltr'>τὴν</span> <span class='ocrx_word' id='word_1_297' title='bbox 2412 2519 2573 2590; x_wconf 82' lang='grc' dir='ltr'>χάριν</span> <span class='ocrx_word' id='word_1_298' title='bbox 2612 2514 2752 2574; x_wconf 74' lang='grc' dir='ltr'>εἶναι</span> <span class='ocrx_word' id='word_1_299' title='bbox 2782 2520 2989 2590; x_wconf 83' lang='grc' dir='ltr'>ταύτην</span> <span class='ocrx_word' id='word_1_300' title='bbox 3026 2518 3113 2572; x_wconf 85' lang='grc' dir='ltr'>διὰ</span> <span class='ocrx_word' id='word_1_301' title='bbox 3144 2516 3239 2570; x_wconf 90' lang='grc' dir='ltr'><strong>τοῦ</strong></span> <span class='ocrx_word' id='word_1_302' title='bbox 3267 2516 3519 2585; x_wconf 76' lang='grc' dir='ltr'><strong>ἀγγέλου</strong></span> <span class='ocrx_word' id='word_1_303' title='bbox 3547 2520 3697 2587; x_wconf 71' lang='grc' dir='ltr'>ὲνερο</span> 
     </span>
    </p>
   </div>
   <div class='ocr_carea' id='block_1_51' title="bbox 2098 2609 3700 2683">
    <p class='ocr_par' dir='ltr' id='par_1_51' title="bbox 2098 2609 3700 2683">
     <span class='ocr_line' id='line_1_51' title="bbox 2098 2609 3700 2683; baseline -0.002 -17"><span class='ocrx_word' id='word_1_304' title='bbox 2098 2612 2372 2683; x_wconf 86' lang='grc' dir='ltr'>γουμένην</span> <span class='ocrx_word' id='word_1_305' title='bbox 2401 2628 2416 2643; x_wconf 74' lang='grc' dir='ltr'><strong><em>ο</em></strong></span> <span class='ocrx_word' id='word_1_306' title='bbox 2443 2610 2643 2681; x_wconf 84' lang='grc' dir='ltr'>γνῶσιν</span> <span class='ocrx_word' id='word_1_307' title='bbox 2672 2612 2780 2682; x_wconf 83' lang='grc' dir='ltr'>γὰρ</span> <span class='ocrx_word' id='word_1_308' title='bbox 2818 2612 3040 2683; x_wconf 75' lang='grc' dir='ltr'>ἐμποιεῖ</span> <span class='ocrx_word' id='word_1_309' title='bbox 3064 2611 3163 2682; x_wconf 82' lang='grc' dir='ltr'><strong>τῆς</strong></span> <span class='ocrx_word' id='word_1_310' title='bbox 3195 2609 3437 2683; x_wconf 78' lang='grc' dir='ltr'>ἀληθοῦς</span> <span class='ocrx_word' id='word_1_311' title='bbox 3465 2628 3700 2683; x_wconf 80' lang='grc' dir='ltr'>προσευ-</span> 
     </span>
    </p>
   </div>
   <div class='ocr_carea' id='block_1_52' title="bbox 2100 2702 3694 2775">
    <p class='ocr_par' dir='ltr' id='par_1_52' title="bbox 2100 2702 3694 2775">
     <span class='ocr_line' id='line_1_52' title="bbox 2100 2702 3694 2775; baseline -0.004 -16"><span class='ocrx_word' id='word_1_312' title='bbox 2100 2707 2223 2775; x_wconf 80' lang='grc' dir='ltr'><strong>χῆς,</strong></span> <span class='ocrx_word' id='word_1_313' title='bbox 2256 2702 2397 2757; x_wconf 86' lang='grc' dir='ltr'>ὥστε</span> <span class='ocrx_word' id='word_1_314' title='bbox 2417 2703 2641 2757; x_wconf 77' lang='grc' dir='ltr'>ἑστάναι</span> <span class='ocrx_word' id='word_1_315' title='bbox 2668 2703 2854 2758; x_wconf 81' lang='grc' dir='ltr'>λοιπὸν</span> <span class='ocrx_word' id='word_1_316' title='bbox 2886 2703 3044 2767; x_wconf 78' lang='grc' dir='ltr'>ἐκτὸς</span> <span class='ocrx_word' id='word_1_317' title='bbox 3072 2702 3274 2766; x_wconf 79' lang='grc' dir='ltr'>παντὸς</span> <span class='ocrx_word' id='word_1_318' title='bbox 3304 2702 3533 2766; x_wconf 77' lang='grc' dir='ltr'>κλόνου,</span> <span class='ocrx_word' id='word_1_319' title='bbox 3559 2705 3694 2773; x_wconf 65' lang='lat' dir='ltr'><strong>ina;-</strong></span> 
     </span>
    </p>
   </div>
   <div class='ocr_carea' id='block_1_53' title="bbox 2098 2795 3061 2867">
    <p class='ocr_par' dir='ltr' id='par_1_53' title="bbox 2098 2795 3061 2867">
     <span class='ocr_line' id='line_1_53' title="bbox 2098 2795 3061 2867; baseline -0.001 -17"><span class='ocrx_word' id='word_1_320' title='bbox 2098 2796 2219 2862; x_wconf 86' lang='grc' dir='ltr'>δίας</span> <span class='ocrx_word' id='word_1_321' title='bbox 2240 2813 2321 2862; x_wconf 85' lang='grc' dir='ltr'>τε,</span> <span class='ocrx_word' id='word_1_322' title='bbox 2349 2795 2444 2849; x_wconf 74' lang='grc' dir='ltr'><strong>καὶ</strong></span> <span class='ocrx_word' id='word_1_323' title='bbox 2476 2796 2772 2867; x_wconf 85' lang='grc' dir='ltr'>ὀλιγωρίας</span> <span class='ocrx_word' id='word_1_324' title='bbox 2788 2796 2882 2851; x_wconf 83' lang='grc' dir='ltr'>τὸν</span> <span class='ocrx_word' id='word_1_325' title='bbox 2914 2795 3061 2850; x_wconf 89' lang='grc' dir='ltr'>νοῦν.</span> 
     </span>
    </p>
   </div>
   <div class='ocr_carea' id='block_1_54' title="bbox 2675 2939 3094 3007">
    <p class='ocr_par' dir='ltr' id='par_1_54' title="bbox 2675 2939 3094 3007">
     <span class='ocr_line' id='line_1_54' title="bbox 2675 2939 3094 3007; baseline 0.005 -15"><span class='ocrx_word' id='word_1_326' title='bbox 2675 2939 2928 2993; x_wconf 78' lang='grc' dir='ltr'><strong>ΚΕΦΛΛ.</strong></span> <span class='ocrx_word' id='word_1_327' title='bbox 2959 2940 3094 3007; x_wconf 70' lang='grc' dir='ltr'>οςν.</span> 
     </span>
    </p>
   </div>
   <div class='ocr_carea' id='block_1_55' title="bbox 392 3032 1998 3126">
    <p class='ocr_par' dir='ltr' id='par_1_55' title="bbox 392 3032 1998 3091">
     <span class='ocr_line' id='line_1_55' title="bbox 392 3032 1998 3091; baseline 0.006 -10"><span class='ocrx_word' id='word_1_328' title='bbox 392 3070 401 3081; x_wconf 89' lang='grc'><strong>.</strong></span> <span class='ocrx_word' id='word_1_329' title='bbox 494 3032 694 3087; x_wconf 73' lang='lat' dir='ltr'><strong>PlIialze</strong></span> <span class='ocrx_word' id='word_1_330' title='bbox 758 3033 1241 3091; x_wconf 85' lang='lat' dir='ltr'><strong>odoratnentorum</strong></span> <span class='ocrx_word' id='word_1_331' title='bbox 1290 3036 1337 3068; x_wconf 80' lang='lat'>“</span> <span class='ocrx_word' id='word_1_332' title='bbox 1410 3035 1668 3090; x_wconf 87' lang='lat' dir='ltr'><strong>dicuntur</strong></span> <span class='ocrx_word' id='word_1_333' title='bbox 1726 3034 1998 3091; x_wconf 86' lang='lat' dir='ltr'><strong>orationes</strong></span> 
     </span>
    </p>
   </div>
   <div class='ocr_carea' id='block_1_56' title="bbox 2153 3032 3687 3126">
    <p class='ocr_par' dir='ltr' id='par_1_56' title="bbox 2171 3050 3687 3126">
     <span class='ocr_line' id='line_1_56' title="bbox 2171 3050 3687 3126; baseline 0 -19"><span class='ocrx_word' id='word_1_334' title='bbox 2171 3054 2239 3107; x_wconf 72' lang='lat' dir='ltr'><strong>At</strong></span> <span class='ocrx_word' id='word_1_335' title='bbox 2265 3052 2455 3123; x_wconf 85' lang='grc' dir='ltr'>φιάλαι</span> <span class='ocrx_word' id='word_1_336' title='bbox 2484 3051 2596 3108; x_wconf 85' lang='grc' dir='ltr'><strong>τῶν</strong></span> <span class='ocrx_word' id='word_1_337' title='bbox 2624 3052 2987 3124; x_wconf 85' lang='grc' dir='ltr'>θυμιαμάτων</span> <span class='ocrx_word' id='word_1_338' title='bbox 3016 3053 3071 3106; x_wconf 76' lang='grc' dir='ltr'>αἱ</span> <span class='ocrx_word' id='word_1_339' title='bbox 3092 3054 3406 3126; x_wconf 79' lang='grc' dir='ltr'>προσευχαὶ</span> <span class='ocrx_word' id='word_1_340' title='bbox 3437 3050 3583 3109; x_wconf 73' lang='grc' dir='ltr'>εἶναι</span> <span class='ocrx_word' id='word_1_341' title='bbox 3609 3055 3687 3107; x_wconf 75' lang='grc' dir='ltr'>λέ-</span> 
     </span>
    </p>
   </div>
   <div class='ocr_carea' id='block_1_57' title="bbox 422 3126 2007 3200">
    <p class='ocr_par' dir='ltr' id='par_1_57' title="bbox 422 3126 2007 3200">
     <span class='ocr_line' id='line_1_57' title="bbox 422 3126 2007 3200; baseline 0.003 -20"><span class='ocrx_word' id='word_1_342' title='bbox 422 3141 548 3181; x_wconf 88' lang='lat' dir='ltr'><strong>esse</strong></span> <span class='ocrx_word' id='word_1_343' title='bbox 584 3138 900 3182; x_wconf 86' lang='lat' dir='ltr'><strong>sanctorum</strong></span> <span class='ocrx_word' id='word_1_344' title='bbox 931 3167 948 3193; x_wconf 94' lang='lat'><strong>,</strong></span> <span class='ocrx_word' id='word_1_345' title='bbox 998 3143 1136 3199; x_wconf 89' lang='lat' dir='ltr'><strong>quas</strong></span> <span class='ocrx_word' id='word_1_346' title='bbox 1164 3128 1409 3185; x_wconf 79' lang='lat' dir='ltr'><strong>seniores</strong></span> <span class='ocrx_word' id='word_1_347' title='bbox 1439 3127 1632 3199; x_wconf 89' lang='lat' dir='ltr'><strong>viginti</strong></span> <span class='ocrx_word' id='word_1_348' title='bbox 1662 3135 1895 3200; x_wconf 86' lang='lat' dir='ltr'><strong>quatuor</strong></span> <span class='ocrx_word' id='word_1_349' title='bbox 1921 3126 2007 3184; x_wconf 82' lang='lat' dir='ltr'><strong>fe-</strong></span> 
     </span>
    </p>
   </div>
   <div class='ocr_carea' id='block_1_58' title="bbox 430 3226 577 3272">
    <p class='ocr_par' dir='ltr' id='par_1_58' title="bbox 430 3226 577 3272">
     <span class='ocr_line' id='line_1_58' title="bbox 430 3226 577 3272; baseline 0.014 -2"><span class='ocrx_word' id='word_1_350' title='bbox 430 3226 577 3272; x_wconf 88' lang='lat' dir='ltr'><strong>runt.</strong></span> 
     </span>
    </p>
   </div>
   <div class='ocr_carea' id='block_1_59' title="bbox 957 3351 1485 3410">
    <p class='ocr_par' dir='ltr' id='par_1_59' title="bbox 957 3351 1485 3410">
     <span class='ocr_line' id='line_1_59' title="bbox 957 3351 1485 3410; baseline -0.006 -1"><span class='ocrx_word' id='word_1_351' title='bbox 957 3352 1188 3410; x_wconf 85' lang='lat' dir='ltr'><strong>CAPUT</strong></span> <span class='ocrx_word' id='word_1_352' title='bbox 1227 3351 1485 3407; x_wconf 79' lang='lat' dir='ltr'><strong>LXXVII.</strong></span> 
     </span>
    </p>
   </div>
   <div class='ocr_carea' id='block_1_60' title="bbox 497 3464 2011 3536">
    <p class='ocr_par' dir='ltr' id='par_1_60' title="bbox 497 3464 2011 3536">
     <span class='ocr_line' id='line_1_60' title="bbox 497 3464 2011 3536; baseline 0.002 -18"><span class='ocrx_word' id='word_1_353' title='bbox 497 3464 929 3521; x_wconf 79' lang='lat' dir='ltr'><strong>Existimandum</strong></span> <span class='ocrx_word' id='word_1_354' title='bbox 962 3474 1142 3520; x_wconf 88' lang='lat' dir='ltr'><strong>autem</strong></span> <span class='ocrx_word' id='word_1_355' title='bbox 1173 3474 1279 3529; x_wconf 81' lang='lat' dir='ltr'><strong>est,</strong></span> <span class='ocrx_word' id='word_1_356' title='bbox 1308 3466 1542 3536; x_wconf 89' lang='lat' dir='ltr'><strong>phialam</strong></span> <span class='ocrx_word' id='word_1_357' title='bbox 1596 3478 1835 3520; x_wconf 90' lang='lat' dir='ltr'><strong>amorem</strong></span> <span class='ocrx_word' id='word_1_358' title='bbox 1886 3479 2011 3521; x_wconf 86' lang='lat' dir='ltr'><strong>esse</strong></span> 
     </span>
    </p>
   </div>
   <div class='ocr_carea' id='block_1_61' title="bbox 426 3554 2009 3628">
    <p class='ocr_par' dir='ltr' id='par_1_61' title="bbox 426 3554 2009 3628">
     <span class='ocr_line' id='line_1_61' title="bbox 426 3554 2009 3628; baseline -0.002 -17"><span class='ocrx_word' id='word_1_359' title='bbox 426 3574 554 3628; x_wconf 85' lang='lat' dir='ltr'><strong>erga</strong></span> <span class='ocrx_word' id='word_1_360' title='bbox 604 3558 770 3613; x_wconf 91' lang='lat' dir='ltr'><strong>Deum</strong></span> <span class='ocrx_word' id='word_1_361' title='bbox 799 3600 814 3623; x_wconf 94' lang='lat'><strong>,</strong></span> <span class='ocrx_word' id='word_1_362' title='bbox 882 3558 995 3612; x_wconf 76' lang='lat' dir='ltr'><strong>sive</strong></span> <span class='ocrx_word' id='word_1_363' title='bbox 1046 3557 1335 3626; x_wconf 86' lang='lat' dir='ltr'><strong>perfectam</strong></span> <span class='ocrx_word' id='word_1_364' title='bbox 1370 3566 1425 3611; x_wconf 91' lang='lat' dir='ltr'><strong>et</strong></span> <span class='ocrx_word' id='word_1_365' title='bbox 1465 3556 1795 3626; x_wconf 85' lang='lat' dir='ltr'><strong>spiritualem</strong></span> <span class='ocrx_word' id='word_1_366' title='bbox 1828 3554 2009 3610; x_wconf 66' lang='lat' dir='ltr'><strong>clIari~</strong></span> 
     </span>
    </p>
   </div>
   <div class='ocr_carea' id='block_1_62' title="bbox 428 3644 2010 3720">
    <p class='ocr_par' dir='ltr' id='par_1_62' title="bbox 428 3644 2010 3720">
     <span class='ocr_line' id='line_1_62' title="bbox 428 3644 2010 3720; baseline -0.004 -17"><span class='ocrx_word' id='word_1_367' title='bbox 428 3660 626 3715; x_wconf 87' lang='lat' dir='ltr'><strong>tatem,</strong></span> <span class='ocrx_word' id='word_1_368' title='bbox 675 3651 729 3703; x_wconf 94' lang='lat' dir='ltr'><strong>in</strong></span> <span class='ocrx_word' id='word_1_369' title='bbox 769 3664 876 3720; x_wconf 87' lang='lat' dir='ltr'><strong>qua</strong></span> <span class='ocrx_word' id='word_1_370' title='bbox 928 3647 1206 3718; x_wconf 89' lang='lat' dir='ltr'><strong>perﬁcitur</strong></span> <span class='ocrx_word' id='word_1_371' title='bbox 1247 3645 1422 3701; x_wconf 90' lang='lat' dir='ltr'><strong>oratio</strong></span> <span class='ocrx_word' id='word_1_372' title='bbox 1453 3646 1509 3700; x_wconf 92' lang='lat' dir='ltr'><strong>in</strong></span> <span class='ocrx_word' id='word_1_373' title='bbox 1544 3644 1749 3715; x_wconf 85' lang='lat' dir='ltr'><strong>Spiritu</strong></span> <span class='ocrx_word' id='word_1_374' title='bbox 1791 3654 1846 3700; x_wconf 87' lang='lat' dir='ltr'><strong>et</strong></span> <span class='ocrx_word' id='word_1_375' title='bbox 1868 3644 2010 3699; x_wconf 86' lang='lat' dir='ltr'><strong>veri-</strong></span> 
     </span>
    </p>
   </div>
   <div class='ocr_carea' id='block_1_63' title="bbox 429 3752 556 3797">
    <p class='ocr_par' dir='ltr' id='par_1_63' title="bbox 429 3752 556 3797">
     <span class='ocr_line' id='line_1_63' title="bbox 429 3752 556 3797; baseline 0.016 -2"><span class='ocrx_word' id='word_1_376' title='bbox 429 3752 480 3795; x_wconf 85' lang='lat' dir='ltr'><strong>ta</strong></span> <span class='ocrx_word' id='word_1_377' title='bbox 488 3754 556 3797; x_wconf 91' lang='lat' dir='ltr'><strong>te.</strong></span> 
     </span>
    </p>
   </div>
   <div class='ocr_carea' id='block_1_64' title="bbox 942 3869 1491 3930">
    <p class='ocr_par' dir='ltr' id='par_1_64' title="bbox 942 3869 1491 3930">
     <span class='ocr_line' id='line_1_64' title="bbox 942 3869 1491 3930; baseline -0.004 -1"><span class='ocrx_word' id='word_1_378' title='bbox 942 3871 1171 3930; x_wconf 76' lang='lat' dir='ltr'><strong>CAPUT</strong></span> <span class='ocrx_word' id='word_1_379' title='bbox 1206 3869 1491 3927; x_wconf 78' lang='lat' dir='ltr'><strong>LXXVIII.</strong></span> 
     </span>
    </p>
   </div>
   <div class='ocr_carea' id='block_1_65' title="bbox 500 3981 2011 4055">
    <p class='ocr_par' dir='ltr' id='par_1_65' title="bbox 500 3981 2011 4055">
     <span class='ocr_line' id='line_1_65' title="bbox 500 3981 2011 4055; baseline 0 -17"><span class='ocrx_word' id='word_1_380' title='bbox 500 3981 639 4038; x_wconf 89' lang='lat' dir='ltr'><strong>Cum</strong></span> <span class='ocrx_word' id='word_1_381' title='bbox 682 3982 932 4053; x_wconf 84' lang='lat' dir='ltr'><strong>opinatus</strong></span> <span class='ocrx_word' id='word_1_382' title='bbox 958 3981 1129 4040; x_wconf 84' lang='lat' dir='ltr'><strong>fueris</strong></span> <span class='ocrx_word' id='word_1_383' title='bbox 1176 3996 1228 4039; x_wconf 91' lang='lat' dir='ltr'><strong>te</strong></span> <span class='ocrx_word' id='word_1_384' title='bbox 1279 3999 1387 4038; x_wconf 90' lang='lat' dir='ltr'><strong>non</strong></span> <span class='ocrx_word' id='word_1_385' title='bbox 1435 3999 1596 4054; x_wconf 89' lang='lat' dir='ltr'><strong>egere</strong></span> <span class='ocrx_word' id='word_1_386' title='bbox 1652 3983 1905 4055; x_wconf 83' lang='lat' dir='ltr'><strong>lacrymis</strong></span> <span class='ocrx_word' id='word_1_387' title='bbox 1955 3982 2011 4038; x_wconf 88' lang='lat' dir='ltr'><strong>in</strong></span> 
     </span>
    </p>
   </div>
   <div class='ocr_carea' id='block_1_66' title="bbox 2104 3146 3687 3218">
    <p class='ocr_par' dir='ltr' id='par_1_66' title="bbox 2104 3146 3687 3218">
     <span class='ocr_line' id='line_1_66' title="bbox 2104 3146 3687 3218; baseline -0.001 -17"><span class='ocrx_word' id='word_1_388' title='bbox 2104 3164 2292 3216; x_wconf 87' lang='grc' dir='ltr'>γονται</span> <span class='ocrx_word' id='word_1_389' title='bbox 2311 3148 2418 3202; x_wconf 85' lang='grc' dir='ltr'><strong>τῶν</strong></span> <span class='ocrx_word' id='word_1_390' title='bbox 2431 3146 2620 3216; x_wconf 88' lang='grc' dir='ltr'>ἁγίων,</span> <span class='ocrx_word' id='word_1_391' title='bbox 2641 3146 2709 3210; x_wconf 79' lang='grc' dir='ltr'>ἃς</span> <span class='ocrx_word' id='word_1_392' title='bbox 2721 3147 3157 3215; x_wconf 67' lang='grc' dir='ltr'>εἰκοσιτέσσαρες</span> <span class='ocrx_word' id='word_1_393' title='bbox 3178 3146 3558 3218; x_wconf 79' lang='grc' dir='ltr'>πρεσϐύτεροι</span> <span class='ocrx_word' id='word_1_394' title='bbox 3580 3146 3687 3199; x_wconf 74' lang='grc' dir='ltr'>ἑπι-</span> 
     </span>
    </p>
   </div>
   <div class='ocr_carea' id='block_1_67' title="bbox 2107 3241 2387 3311">
    <p class='ocr_par' dir='ltr' id='par_1_67' title="bbox 2107 3241 2387 3311">
     <span class='ocr_line' id='line_1_67' title="bbox 2107 3241 2387 3311; baseline 0.004 -17"><span class='ocrx_word' id='word_1_395' title='bbox 2107 3241 2387 3311; x_wconf 82' lang='grc' dir='ltr'>φέρονται.</span> 
     </span>
    </p>
   </div>
   <div class='ocr_carea' id='block_1_68' title="bbox 2690 3372 3091 3427">
    <p class='ocr_par' dir='ltr' id='par_1_68' title="bbox 2690 3372 3091 3427">
     <span class='ocr_line' id='line_1_68' title="bbox 2690 3372 3091 3427; baseline -0.002 0"><span class='ocrx_word' id='word_1_396' title='bbox 2690 3372 2944 3427; x_wconf 71' lang='grc' dir='ltr'><strong>ΚΕΦΑΛ.</strong></span> <span class='ocrx_word' id='word_1_397' title='bbox 2975 3373 3091 3426; x_wconf 87' lang='grc' dir='ltr'><strong>οΖ’.</strong></span> 
     </span>
    </p>
   </div>
   <div class='ocr_carea' id='block_1_69' title="bbox 2177 3484 3684 3558">
    <p class='ocr_par' dir='ltr' id='par_1_69' title="bbox 2177 3484 3684 3558">
     <span class='ocr_line' id='line_1_69' title="bbox 2177 3484 3684 3558; baseline -0.001 -20"><span class='ocrx_word' id='word_1_398' title='bbox 2177 3485 2379 3556; x_wconf 79' lang='grc' dir='ltr'>Φιάλην</span> <span class='ocrx_word' id='word_1_399' title='bbox 2406 3485 2462 3540; x_wconf 74' lang='grc' dir='ltr'>δὲ</span> <span class='ocrx_word' id='word_1_400' title='bbox 2492 3485 2834 3556; x_wconf 80' lang='grc' dir='ltr'>ὑποληπτέον</span> <span class='ocrx_word' id='word_1_401' title='bbox 2870 3484 2972 3557; x_wconf 81' lang='grc' dir='ltr'>τὴν</span> <span class='ocrx_word' id='word_1_402' title='bbox 2999 3486 3136 3558; x_wconf 80' lang='grc' dir='ltr'>πρὸς</span> <span class='ocrx_word' id='word_1_403' title='bbox 3167 3484 3301 3541; x_wconf 83' lang='grc' dir='ltr'>Θεὸν</span> <span class='ocrx_word' id='word_1_404' title='bbox 3342 3488 3553 3558; x_wconf 78' lang='grc' dir='ltr'>φιλίαν.</span> <span class='ocrx_word' id='word_1_405' title='bbox 3578 3489 3684 3558; x_wconf 73' lang='grc' dir='ltr'>ἦτοι</span> 
     </span>
    </p>
   </div>
   <div class='ocr_carea' id='block_1_70' title="bbox 2107 3574 3683 3653">
    <p class='ocr_par' dir='ltr' id='par_1_70' title="bbox 2107 3574 3683 3653">
     <span class='ocr_line' id='line_1_70' title="bbox 2107 3574 3683 3653; baseline 0.003 -23"><span class='ocrx_word' id='word_1_406' title='bbox 2107 3577 2208 3647; x_wconf 78' lang='grc' dir='ltr'>τὴν</span> <span class='ocrx_word' id='word_1_407' title='bbox 2252 3577 2463 3631; x_wconf 88' lang='grc' dir='ltr'>τελείαν</span> <span class='ocrx_word' id='word_1_408' title='bbox 2489 3577 2584 3631; x_wconf 76' lang='grc' dir='ltr'>καὶ</span> <span class='ocrx_word' id='word_1_409' title='bbox 2613 3576 2989 3648; x_wconf 84' lang='grc' dir='ltr'>πνευματικὴν</span> <span class='ocrx_word' id='word_1_410' title='bbox 3015 3579 3260 3650; x_wconf 85' lang='grc' dir='ltr'>ἀγάπην,</span> <span class='ocrx_word' id='word_1_411' title='bbox 3290 3580 3352 3633; x_wconf 82' lang='grc' dir='ltr'>ὲν</span> <span class='ocrx_word' id='word_1_412' title='bbox 3461 3581 3496 3651; x_wconf 82' lang='grc' dir='ltr'>ἠ</span> <span class='ocrx_word' id='word_1_413' title='bbox 3529 3595 3683 3651; x_wconf 86' lang='grc' dir='ltr'>προσ-</span> 
     </span>
    </p>
   </div>
   <div class='ocr_carea' id='block_1_71' title="bbox 2109 3668 3383 3743">
    <p class='ocr_par' dir='ltr' id='par_1_71' title="bbox 2109 3668 3383 3743">
     <span class='ocr_line' id='line_1_71' title="bbox 2109 3668 3383 3743; baseline 0.002 -20"><span class='ocrx_word' id='word_1_414' title='bbox 2109 3673 2243 3741; x_wconf 81' lang='grc' dir='ltr'>ευχὴ</span> <span class='ocrx_word' id='word_1_415' title='bbox 2268 3670 2570 3741; x_wconf 76' lang='grc' dir='ltr'>ἐνεργεῖται</span> <span class='ocrx_word' id='word_1_416' title='bbox 2599 3670 2658 3723; x_wconf 79' lang='grc' dir='ltr'>ὲν</span> <span class='ocrx_word' id='word_1_417' title='bbox 2684 3668 2965 3740; x_wconf 74' lang='grc' dir='ltr'>Πνεύματι</span> <span class='ocrx_word' id='word_1_418' title='bbox 3000 3670 3097 3724; x_wconf 78' lang='grc' dir='ltr'>καὶ</span> <span class='ocrx_word' id='word_1_419' title='bbox 3126 3669 3383 3743; x_wconf 71' lang='grc' dir='ltr'>ἀληθείᾳ.</span> 
     </span>
    </p>
   </div>
   <div class='ocr_carea' id='block_1_72' title="bbox 2689 3872 3080 3927">
    <p class='ocr_par' dir='ltr' id='par_1_72' title="bbox 2689 3872 3080 3927">
     <span class='ocr_line' id='line_1_72' title="bbox 2689 3872 3080 3927; baseline 0.003 -2"><span class='ocrx_word' id='word_1_420' title='bbox 2689 3872 2941 3927; x_wconf 79' lang='grc' dir='ltr'><strong>ΚΕΦΑΛ.</strong></span> <span class='ocrx_word' id='word_1_421' title='bbox 2972 3874 3080 3926; x_wconf 85' lang='lat' dir='ltr'><strong>OH’</strong></span> 
     </span>
    </p>
   </div>
   <div class='ocr_carea' id='block_1_73' title="bbox 2184 3981 3680 4057">
    <p class='ocr_par' dir='ltr' id='par_1_73' title="bbox 2184 3981 3680 4057">
     <span class='ocr_line' id='line_1_73' title="bbox 2184 3981 3680 4057; baseline 0.001 -21"><span class='ocrx_word' id='word_1_422' title='bbox 2184 3983 2353 4037; x_wconf 83' lang='grc' dir='ltr'>Ὅταν</span> <span class='ocrx_word' id='word_1_423' title='bbox 2378 3981 2538 4055; x_wconf 81' lang='grc' dir='ltr'><strong>δόξῃς</strong></span> <span class='ocrx_word' id='word_1_424' title='bbox 2568 3981 2646 4055; x_wconf 80' lang='grc' dir='ltr'>μὴ</span> <span class='ocrx_word' id='word_1_425' title='bbox 2692 3982 2901 4039; x_wconf 82' lang='grc' dir='ltr'>δεῖσθαι</span> <span class='ocrx_word' id='word_1_426' title='bbox 2933 3983 3188 4052; x_wconf 79' lang='grc' dir='ltr'>δακρύων</span> <span class='ocrx_word' id='word_1_427' title='bbox 3210 3985 3271 4037; x_wconf 82' lang='grc' dir='ltr'><strong>έν</strong></span> <span class='ocrx_word' id='word_1_428' title='bbox 3297 3984 3367 4055; x_wconf 78' lang='grc' dir='ltr'>τῇ</span> <span class='ocrx_word' id='word_1_429' title='bbox 3413 3989 3680 4057; x_wconf 79' lang='grc' dir='ltr'>προσευχῇ</span> 
     </span>
    </p>
   </div>
   <div class='ocr_carea' id='block_1_74' title="bbox 427 4072 1998 4147">
    <p class='ocr_par' dir='ltr' id='par_1_74' title="bbox 427 4072 1998 4143">
     <span class='ocr_line' id='line_1_74' title="bbox 427 4072 1998 4143; baseline -0.001 -16"><span class='ocrx_word' id='word_1_430' title='bbox 427 4072 678 4127; x_wconf 83' lang='lat' dir='ltr'><strong>oratione</strong></span> <span class='ocrx_word' id='word_1_431' title='bbox 708 4082 798 4127; x_wconf 90' lang='lat' dir='ltr'><strong>tua</strong></span> <span class='ocrx_word' id='word_1_432' title='bbox 824 4082 1043 4143; x_wconf 89' lang='lat' dir='ltr'><strong>propter</strong></span> <span class='ocrx_word' id='word_1_433' title='bbox 1073 4082 1294 4143; x_wconf 87' lang='lat' dir='ltr'><strong>peccata</strong></span> <span class='ocrx_word' id='word_1_434' title='bbox 1314 4114 1329 4137; x_wconf 92' lang='lat'><strong>,</strong></span> <span class='ocrx_word' id='word_1_435' title='bbox 1372 4072 1579 4142; x_wconf 89' lang='lat' dir='ltr'><strong>dispice</strong></span> <span class='ocrx_word' id='word_1_436' title='bbox 1610 4081 1873 4143; x_wconf 86' lang='lat' dir='ltr'><strong>quantum</strong></span> <span class='ocrx_word' id='word_1_437' title='bbox 1913 4072 1998 4126; x_wconf 91' lang='lat' dir='ltr'><strong>ab-</strong></span> 
     </span>
    </p>
   </div>
   <div class='ocr_carea' id='block_1_75' title="bbox 2153 4072 3682 4147">
    <p class='ocr_par' dir='ltr' id='par_1_75' title="bbox 2153 4073 3682 4147">
     <span class='ocr_line' id='line_1_75' title="bbox 2153 4073 3682 4147; baseline 0.003 -19"><span class='ocrx_word' id='word_1_438' title='bbox 2153 4093 2208 4129; x_wconf 85' lang='grc' dir='ltr'>ου</span> <span class='ocrx_word' id='word_1_439' title='bbox 2253 4073 2323 4129; x_wconf 87' lang='grc' dir='ltr'>δι’</span> <span class='ocrx_word' id='word_1_440' title='bbox 2379 4075 2675 4147; x_wconf 82' lang='grc' dir='ltr'>ἁμαρτίας,</span> <span class='ocrx_word' id='word_1_441' title='bbox 2704 4074 2898 4131; x_wconf 79' lang='grc' dir='ltr'>σκόπει</span> <span class='ocrx_word' id='word_1_442' title='bbox 2961 4078 3143 4129; x_wconf 80' lang='grc' dir='ltr'>πόσον¹</span> <span class='ocrx_word' id='word_1_443' title='bbox 3172 4076 3501 4147; x_wconf 83' lang='grc' dir='ltr'>ἀφέστηκας</span> <span class='ocrx_word' id='word_1_444' title='bbox 3537 4078 3682 4139; x_wconf 78' lang='grc' dir='ltr'>Θεοῦ.</span> 
     </span>
    </p>
   </div>
   <div class='ocr_carea' id='block_1_76' title="bbox 430 4163 2012 4238">
    <p class='ocr_par' dir='ltr' id='par_1_76' title="bbox 430 4163 2012 4238">
     <span class='ocr_line' id='line_1_76' title="bbox 430 4163 2012 4238; baseline 0.003 -20"><span class='ocrx_word' id='word_1_445' title='bbox 430 4163 602 4221; x_wconf 86' lang='lat' dir='ltr'><strong>fueris</strong></span> <span class='ocrx_word' id='word_1_446' title='bbox 623 4181 652 4218; x_wconf 87' lang='lat' dir='ltr'><strong>a</strong></span> <span class='ocrx_word' id='word_1_447' title='bbox 676 4164 803 4231; x_wconf 90' lang='lat' dir='ltr'><strong>Deo,</strong></span> <span class='ocrx_word' id='word_1_448' title='bbox 830 4182 952 4221; x_wconf 91' lang='lat' dir='ltr'><strong>cum</strong></span> <span class='ocrx_word' id='word_1_449' title='bbox 973 4167 1199 4221; x_wconf 87' lang='lat' dir='ltr'><strong>deberes</strong></span> <span class='ocrx_word' id='word_1_450' title='bbox 1221 4165 1372 4220; x_wconf 89' lang='lat' dir='ltr'><strong>omni</strong></span> <span class='ocrx_word' id='word_1_451' title='bbox 1396 4176 1640 4238; x_wconf 91' lang='lat' dir='ltr'><strong>tempore</strong></span> <span class='ocrx_word' id='word_1_452' title='bbox 1678 4167 1735 4221; x_wconf 93' lang='lat' dir='ltr'><strong>in</strong></span> <span class='ocrx_word' id='word_1_453' title='bbox 1775 4182 1843 4222; x_wconf 91' lang='lat' dir='ltr'><strong>eo</strong></span> <span class='ocrx_word' id='word_1_454' title='bbox 1866 4180 2012 4234; x_wconf 86' lang='lat' dir='ltr'><strong>esse,</strong></span> 
     </span>
    </p>
   </div>
   <div class='ocr_carea' id='block_1_77' title="bbox 428 4257 1190 4329">
    <p class='ocr_par' dir='ltr' id='par_1_77' title="bbox 428 4257 1190 4329">
     <span class='ocr_line' id='line_1_77' title="bbox 428 4257 1190 4329; baseline 0.003 -18"><span class='ocrx_word' id='word_1_455' title='bbox 428 4265 485 4311; x_wconf 88' lang='lat' dir='ltr'><strong>et</strong></span> <span class='ocrx_word' id='word_1_456' title='bbox 517 4257 746 4312; x_wconf 90' lang='lat' dir='ltr'><strong>calidius</strong></span> <span class='ocrx_word' id='word_1_457' title='bbox 778 4257 1190 4329; x_wconf 86' lang='lat' dir='ltr'><strong>lacrymaberis.</strong></span> 
     </span>
    </p>
   </div>
   <div class='ocr_carea' id='block_1_78' title="bbox 959 4392 1475 4450">
    <p class='ocr_par' dir='ltr' id='par_1_78' title="bbox 959 4392 1475 4450">
     <span class='ocr_line' id='line_1_78' title="bbox 959 4392 1475 4450; baseline 0 -1"><span class='ocrx_word' id='word_1_458' title='bbox 959 4392 1191 4450; x_wconf 80' lang='lat' dir='ltr'><strong>CAPUT</strong></span> <span class='ocrx_word' id='word_1_459' title='bbox 1237 4392 1475 4449; x_wconf 80' lang='lat' dir='ltr'><strong>LXXIX.</strong></span> 
     </span>
    </p>
   </div>
   <div class='ocr_carea' id='block_1_79' title="bbox 504 4504 2004 4576">
    <p class='ocr_par' dir='ltr' id='par_1_79' title="bbox 504 4504 2004 4576">
     <span class='ocr_line' id='line_1_79' title="bbox 504 4504 2004 4576; baseline 0 -16"><span class='ocrx_word' id='word_1_460' title='bbox 504 4504 757 4561; x_wconf 81' lang='lat' dir='ltr'><strong>Profecto</strong></span> <span class='ocrx_word' id='word_1_461' title='bbox 785 4522 1070 4563; x_wconf 80' lang='lat' dir='ltr'><strong>mensuras</strong></span> <span class='ocrx_word' id='word_1_462' title='bbox 1103 4516 1224 4565; x_wconf 85' lang='lat' dir='ltr'><strong>tuas</strong></span> <span class='ocrx_word' id='word_1_463' title='bbox 1257 4520 1594 4576; x_wconf 87' lang='lat' dir='ltr'><strong>agnoscens,</strong></span> <span class='ocrx_word' id='word_1_464' title='bbox 1632 4504 1873 4561; x_wconf 83' lang='lat' dir='ltr'><strong>suaviter</strong></span> <span class='ocrx_word' id='word_1_465' title='bbox 1919 4505 2004 4560; x_wconf 87' lang='lat' dir='ltr'><strong>lu-</strong></span> 
     </span>
    </p>
   </div>
   <div class='ocr_carea' id='block_1_80' title="bbox 2112 4164 3682 4242">
    <p class='ocr_par' dir='ltr' id='par_1_80' title="bbox 2112 4164 3682 4242">
     <span class='ocr_line' id='line_1_80' title="bbox 2112 4164 3682 4242; baseline 0.001 -21"><span class='ocrx_word' id='word_1_466' title='bbox 2112 4168 2345 4238; x_wconf 80' lang='grc' dir='ltr'>ὀφείλων</span> <span class='ocrx_word' id='word_1_467' title='bbox 2390 4164 2528 4223; x_wconf 72' lang='grc' dir='ltr'>εἶναι</span> <span class='ocrx_word' id='word_1_468' title='bbox 2568 4170 2627 4222; x_wconf 83' lang='grc' dir='ltr'>ὲν</span> <span class='ocrx_word' id='word_1_469' title='bbox 2658 4168 2808 4241; x_wconf 82' lang='grc' dir='ltr'>αὐτῷ</span> <span class='ocrx_word' id='word_1_470' title='bbox 2849 4168 2939 4224; x_wconf 84' lang='grc' dir='ltr'><strong>διὰ</strong></span> <span class='ocrx_word' id='word_1_471' title='bbox 2964 4168 3199 4234; x_wconf 77' lang='grc' dir='ltr'>παντὸς,</span> <span class='ocrx_word' id='word_1_472' title='bbox 3238 4170 3334 4224; x_wconf 75' lang='grc' dir='ltr'>καὶ</span> <span class='ocrx_word' id='word_1_473' title='bbox 3367 4170 3682 4242; x_wconf 79' lang='grc' dir='ltr'>θερμότερον</span> 
     </span>
    </p>
   </div>
   <div class='ocr_carea' id='block_1_81' title="bbox 2111 4259 2426 4332">
    <p class='ocr_par' dir='ltr' id='par_1_81' title="bbox 2111 4259 2426 4332">
     <span class='ocr_line' id='line_1_81' title="bbox 2111 4259 2426 4332; baseline -0.006 -17"><span class='ocrx_word' id='word_1_474' title='bbox 2111 4259 2426 4332; x_wconf 81' lang='grc' dir='ltr'>δακρύσεις.</span> 
     </span>
    </p>
   </div>
   <div class='ocr_carea' id='block_1_82' title="bbox 2696 4391 3103 4449">
    <p class='ocr_par' dir='ltr' id='par_1_82' title="bbox 2696 4391 3103 4449">
     <span class='ocr_line' id='line_1_82' title="bbox 2696 4391 3103 4449; baseline 0.007 -4"><span class='ocrx_word' id='word_1_475' title='bbox 2696 4391 2949 4447; x_wconf 80' lang='grc' dir='ltr'>ΚΕΦΔΛ.</span> <span class='ocrx_word' id='word_1_476' title='bbox 2983 4391 3103 4449; x_wconf 78' lang='grc' dir='ltr'><strong>ΟΘ’.</strong></span> 
     </span>
    </p>
   </div>
   <div class='ocr_carea' id='block_1_83' title="bbox 2177 4503 3676 4576">
    <p class='ocr_par' dir='ltr' id='par_1_83' title="bbox 2177 4503 3676 4576">
     <span class='ocr_line' id='line_1_83' title="bbox 2177 4503 3676 4576; baseline 0.001 -18"><span class='ocrx_word' id='word_1_477' title='bbox 2177 4505 2284 4558; x_wconf 81' lang='grc' dir='ltr'><strong>Ναὶ</strong></span> <span class='ocrx_word' id='word_1_478' title='bbox 2314 4505 2423 4574; x_wconf 78' lang='grc' dir='ltr'>μὴν</span> <span class='ocrx_word' id='word_1_479' title='bbox 2448 4503 2829 4571; x_wconf 67' lang='grc' dir='ltr'>ἐπιγινώσκων</span> <span class='ocrx_word' id='word_1_480' title='bbox 2855 4504 2925 4558; x_wconf 83' lang='grc' dir='ltr'>τὰ</span> <span class='ocrx_word' id='word_1_481' title='bbox 2950 4504 3125 4575; x_wconf 85' lang='grc' dir='ltr'>μέτρα</span> <span class='ocrx_word' id='word_1_482' title='bbox 3151 4521 3267 4569; x_wconf 81' lang='grc' dir='ltr'>σου,</span> <span class='ocrx_word' id='word_1_483' title='bbox 3292 4504 3473 4575; x_wconf 80' lang='grc' dir='ltr'>ἡδέως</span> <span class='ocrx_word' id='word_1_484' title='bbox 3496 4506 3676 4576; x_wconf 80' lang='grc' dir='ltr'>πενθή-</span> 
     </span>
    </p>
   </div>
   <div class='ocr_carea' id='block_1_84' title="bbox 432 4593 1998 4668">
    <p class='ocr_par' dir='ltr' id='par_1_84' title="bbox 432 4597 1998 4667">
     <span class='ocr_line' id='line_1_84' title="bbox 432 4597 1998 4667; baseline 0.001 -16"><span class='ocrx_word' id='word_1_485' title='bbox 432 4597 620 4666; x_wconf 82' lang='lat' dir='ltr'><strong>gebis,</strong></span> <span class='ocrx_word' id='word_1_486' title='bbox 676 4598 934 4653; x_wconf 84' lang='lat' dir='ltr'><strong>miserum</strong></span> <span class='ocrx_word' id='word_1_487' title='bbox 974 4612 1455 4666; x_wconf 64' lang='lat' dir='ltr'><strong>aerumnosumque</strong></span> <span class='ocrx_word' id='word_1_488' title='bbox 1495 4598 1728 4667; x_wconf 83' lang='lat' dir='ltr'><strong>teipsum</strong></span> <span class='ocrx_word' id='word_1_489' title='bbox 1766 4598 1998 4653; x_wconf 75' lang='lat' dir='ltr'><strong>vocitant</strong></span> 
     </span>
    </p>
   </div>
   <div class='ocr_carea' id='block_1_85' title="bbox 2153 4593 3676 4668">
    <p class='ocr_par' dir='ltr' id='par_1_85' title="bbox 2153 4593 3676 4668">
     <span class='ocr_line' id='line_1_85' title="bbox 2153 4593 3676 4668; baseline 0.001 -17"><span class='ocrx_word' id='word_1_490' title='bbox 2153 4593 2544 4660; x_wconf 77' lang='grc' dir='ltr'>εις.ταλανίζων</span> <span class='ocrx_word' id='word_1_491' title='bbox 2564 4596 2757 4649; x_wconf 80' lang='grc' dir='ltr'>ἑαυτὸν</span> <span class='ocrx_word' id='word_1_492' title='bbox 2771 4596 2913 4650; x_wconf 81' lang='grc' dir='ltr'>κατὰ</span> <span class='ocrx_word' id='word_1_493' title='bbox 2923 4596 3015 4650; x_wconf 76' lang='grc' dir='ltr'>τὸν</span> <span class='ocrx_word' id='word_1_494' title='bbox 3028 4596 3365 4661; x_wconf 76' lang='grc' dir='ltr'>Ἡσαΐαν,ὡς</span> <span class='ocrx_word' id='word_1_495' title='bbox 3391 4597 3676 4668; x_wconf 79' lang='grc' dir='ltr'>ἀκάθαρτος</span> 
     </span>
    </p>
   </div>
   <div class='ocr_carea' id='block_1_86' title="bbox 436 4685 2011 4755">
    <p class='ocr_par' dir='ltr' id='par_1_86' title="bbox 436 4685 2011 4755">
     <span class='ocr_line' id='line_1_86' title="bbox 436 4685 2011 4755; baseline -0.001 -14"><span class='ocrx_word' id='word_1_496' title='bbox 436 4686 735 4741; x_wconf 88' lang='lat' dir='ltr'><strong>secundum</strong></span> <span class='ocrx_word' id='word_1_497' title='bbox 772 4685 964 4741; x_wconf 90' lang='lat' dir='ltr'><strong>Isaiam</strong></span> <span class='ocrx_word' id='word_1_498' title='bbox 993 4686 1039 4719; x_wconf 82' lang='grc'><strong>⁸³</strong></span> <span class='ocrx_word' id='word_1_499' title='bbox 1057 4725 1073 4751; x_wconf 90' lang='grc'><em>,</em></span> <span class='ocrx_word' id='word_1_500' title='bbox 1104 4686 1249 4755; x_wconf 90' lang='lat' dir='ltr'><strong>quod</strong></span> <span class='ocrx_word' id='word_1_501' title='bbox 1267 4702 1388 4741; x_wconf 90' lang='lat' dir='ltr'><strong>cum</strong></span> <span class='ocrx_word' id='word_1_502' title='bbox 1417 4686 1655 4755; x_wconf 90' lang='lat' dir='ltr'><strong>pollutus</strong></span> <span class='ocrx_word' id='word_1_503' title='bbox 1679 4686 1755 4740; x_wconf 92' lang='lat' dir='ltr'><strong>sis</strong></span> <span class='ocrx_word' id='word_1_504' title='bbox 1775 4727 1789 4752; x_wconf 91' lang='lat'><strong>,</strong></span> <span class='ocrx_word' id='word_1_505' title='bbox 1819 4694 1874 4740; x_wconf 90' lang='lat' dir='ltr'><strong>et</strong></span> <span class='ocrx_word' id='word_1_506' title='bbox 1894 4685 2011 4755; x_wconf 84' lang='lat' dir='ltr'><strong>pol-</strong></span> 
     </span>
    </p>
   </div>
   <div class='ocr_carea' id='block_1_87' title="bbox 436 4777 2015 4847">
    <p class='ocr_par' dir='ltr' id='par_1_87' title="bbox 436 4777 2015 4847">
     <span class='ocr_line' id='line_1_87' title="bbox 436 4777 2015 4847; baseline 0 -16"><span class='ocrx_word' id='word_1_507' title='bbox 436 4778 548 4834; x_wconf 89' lang='lat' dir='ltr'><strong>luta</strong></span> <span class='ocrx_word' id='word_1_508' title='bbox 577 4780 725 4834; x_wconf 89' lang='lat' dir='ltr'><strong>labia</strong></span> <span class='ocrx_word' id='word_1_509' title='bbox 768 4778 1006 4846; x_wconf 88' lang='lat' dir='ltr'><strong>habeas,</strong></span> <span class='ocrx_word' id='word_1_510' title='bbox 1061 4786 1117 4833; x_wconf 90' lang='lat' dir='ltr'><strong>et</strong></span> <span class='ocrx_word' id='word_1_511' title='bbox 1176 4780 1231 4833; x_wconf 92' lang='lat' dir='ltr'><strong>in</strong></span> <span class='ocrx_word' id='word_1_512' title='bbox 1274 4777 1453 4832; x_wconf 90' lang='lat' dir='ltr'><strong>medio</strong></span> <span class='ocrx_word' id='word_1_513' title='bbox 1492 4777 1677 4847; x_wconf 92' lang='lat' dir='ltr'><strong>populi</strong></span> <span class='ocrx_word' id='word_1_514' title='bbox 1718 4779 1843 4833; x_wconf 89' lang='lat' dir='ltr'><strong>talis</strong></span> <span class='ocrx_word' id='word_1_515' title='bbox 1871 4778 2015 4833; x_wconf 82' lang='lat' dir='ltr'><strong>exsi-</strong></span> 
     </span>
    </p>
   </div>
   <div class='ocr_carea' id='block_1_88' title="bbox 436 4858 2009 4940">
    <p class='ocr_par' dir='ltr' id='par_1_88' title="bbox 436 4858 2009 4940">
     <span class='ocr_line' id='line_1_88' title="bbox 436 4858 2009 4940; baseline -0.003 -12"><span class='ocrx_word' id='word_1_516' title='bbox 436 4882 589 4940; x_wconf 87' lang='lat' dir='ltr'><strong>stas,</strong></span> <span class='ocrx_word' id='word_1_517' title='bbox 651 4881 708 4928; x_wconf 93' lang='lat' dir='ltr'><strong>tu</strong></span> <span class='ocrx_word' id='word_1_518' title='bbox 761 4887 796 4929; x_wconf 89' lang='lat' dir='ltr'><strong>e</strong></span> <span class='ocrx_word' id='word_1_519' title='bbox 843 4871 1120 4928; x_wconf 90' lang='lat' dir='ltr'><strong>contrario</strong></span> <span class='ocrx_word' id='word_1_520' title='bbox 1159 4858 1326 4927; x_wconf 77' lang='lat' dir='ltr'><strong>audes</strong></span> <span class='ocrx_word' id='word_1_521' title='bbox 1385 4870 1616 4929; x_wconf 87' lang='lat' dir='ltr'><strong>Domino</strong></span> <span class='ocrx_word' id='word_1_522' title='bbox 1672 4870 2009 4927; x_wconf 83' lang='lat' dir='ltr'><strong>exercituum</strong></span> 
     </span>
    </p>
   </div>
   <div class='ocr_carea' id='block_1_89' title="bbox 436 4971 639 5018">
    <p class='ocr_par' dir='ltr' id='par_1_89' title="bbox 436 4971 639 5018">
     <span class='ocr_line' id='line_1_89' title="bbox 436 4971 639 5018; baseline 0 -1"><span class='ocrx_word' id='word_1_523' title='bbox 436 4971 639 5018; x_wconf 67' lang='grc' dir='ltr'>οειοτε.</span> 
     </span>
    </p>
   </div>
   <div class='ocr_carea' id='block_1_90' title="bbox 988 5090 1474 5149">
    <p class='ocr_par' dir='ltr' id='par_1_90' title="bbox 988 5090 1474 5149">
     <span class='ocr_line' id='line_1_90' title="bbox 988 5090 1474 5149; baseline -0.006 0"><span class='ocrx_word' id='word_1_524' title='bbox 988 5091 1220 5149; x_wconf 79' lang='lat' dir='ltr'><strong>CAPUT</strong></span> <span class='ocrx_word' id='word_1_525' title='bbox 1260 5090 1474 5148; x_wconf 79' lang='lat' dir='ltr'><strong>LXXX.</strong></span> 
     </span>
    </p>
   </div>
   <div class='ocr_carea' id='block_1_91' title="bbox 513 5207 2017 5280">
    <p class='ocr_par' dir='ltr' id='par_1_91' title="bbox 513 5207 2017 5280">
     <span class='ocr_line' id='line_1_91' title="bbox 513 5207 2017 5280; baseline -0.003 -12"><span class='ocrx_word' id='word_1_526' title='bbox 513 5212 571 5268; x_wconf 90' lang='lat' dir='ltr'><strong>Si</strong></span> <span class='ocrx_word' id='word_1_527' title='bbox 599 5227 728 5268; x_wconf 89' lang='lat' dir='ltr'><strong>vere</strong></span> <span class='ocrx_word' id='word_1_528' title='bbox 759 5211 1004 5267; x_wconf 86' lang='lat' dir='ltr'><strong>oraveris</strong></span> <span class='ocrx_word' id='word_1_529' title='bbox 1029 5253 1044 5277; x_wconf 94' lang='lat'><strong>,</strong></span> <span class='ocrx_word' id='word_1_530' title='bbox 1077 5209 1451 5280; x_wconf 90' lang='lat' dir='ltr'><strong>plenissimam</strong></span> <span class='ocrx_word' id='word_1_531' title='bbox 1483 5209 1786 5278; x_wconf 90' lang='lat' dir='ltr'><strong>comperies</strong></span> <span class='ocrx_word' id='word_1_532' title='bbox 1817 5207 1975 5264; x_wconf 88' lang='lat' dir='ltr'><strong>ﬁdem</strong></span> <span class='ocrx_word' id='word_1_533' title='bbox 1998 5247 2017 5274; x_wconf 92' lang='lat'><strong>,</strong></span> 
     </span>
    </p>
   </div>
   <div class='ocr_carea' id='block_1_92' title="bbox 445 5300 2009 5370">
    <p class='ocr_par' dir='ltr' id='par_1_92' title="bbox 445 5300 2009 5370">
     <span class='ocr_line' id='line_1_92' title="bbox 445 5300 2009 5370; baseline -0.003 -11"><span class='ocrx_word' id='word_1_534' title='bbox 445 5319 542 5359; x_wconf 82' lang='lat' dir='ltr'><strong>seu</strong></span> <span class='ocrx_word' id='word_1_535' title='bbox 585 5302 1070 5365; x_wconf 88' lang='lat' dir='ltr'><strong>certiﬁcationem,</strong></span> <span class='ocrx_word' id='word_1_536' title='bbox 1114 5311 1169 5356; x_wconf 92' lang='lat' dir='ltr'><strong>et</strong></span> <span class='ocrx_word' id='word_1_537' title='bbox 1222 5301 1289 5356; x_wconf 88' lang='lat' dir='ltr'><strong>ad</strong></span> <span class='ocrx_word' id='word_1_538' title='bbox 1340 5309 1392 5354; x_wconf 92' lang='lat' dir='ltr'><strong>te</strong></span> <span class='ocrx_word' id='word_1_539' title='bbox 1433 5300 1607 5370; x_wconf 83' lang='lat' dir='ltr'><strong>angeli</strong></span> <span class='ocrx_word' id='word_1_540' title='bbox 1650 5300 2009 5368; x_wconf 68' lang='lat' dir='ltr'><strong>convenient,</strong></span> 
     </span>
    </p>
   </div>
   <div class='ocr_carea' id='block_1_93' title="bbox 2108 4686 3672 4759">
    <p class='ocr_par' dir='ltr' id='par_1_93' title="bbox 2108 4686 3672 4759">
     <span class='ocr_line' id='line_1_93' title="bbox 2108 4686 3672 4759; baseline 0 -18"><span class='ocrx_word' id='word_1_541' title='bbox 2108 4688 2303 4753; x_wconf 74' lang='grc' dir='ltr'>ὣν,καὶ</span> <span class='ocrx_word' id='word_1_542' title='bbox 2323 4687 2609 4758; x_wconf 81' lang='grc' dir='ltr'>ἀκάθαρτα</span> <span class='ocrx_word' id='word_1_543' title='bbox 2629 4686 2780 4759; x_wconf 85' lang='grc' dir='ltr'>χείλη</span> <span class='ocrx_word' id='word_1_544' title='bbox 2807 4686 2967 4757; x_wconf 82' lang='grc' dir='ltr'>έχων,</span> <span class='ocrx_word' id='word_1_545' title='bbox 2990 4687 3085 4740; x_wconf 55' lang='grc' dir='ltr'><strong>καὶ⁵</strong></span> <span class='ocrx_word' id='word_1_546' title='bbox 3108 4688 3167 4741; x_wconf 84' lang='grc' dir='ltr'>ὲν</span> <span class='ocrx_word' id='word_1_547' title='bbox 3190 4688 3340 4759; x_wconf 85' lang='grc' dir='ltr'>μέσῳ</span> <span class='ocrx_word' id='word_1_548' title='bbox 3360 4688 3495 4743; x_wconf 85' lang='grc' dir='ltr'>λαοῦ</span> <span class='ocrx_word' id='word_1_549' title='bbox 3521 4688 3672 4742; x_wconf 82' lang='grc' dir='ltr'>τοιού-</span> 
     </span>
    </p>
   </div>
   <div class='ocr_carea' id='block_1_94' title="bbox 2105 4778 3670 4851">
    <p class='ocr_par' dir='ltr' id='par_1_94' title="bbox 2105 4778 3670 4851">
     <span class='ocr_line' id='line_1_94' title="bbox 2105 4778 3670 4851; baseline -0.001 -17"><span class='ocrx_word' id='word_1_550' title='bbox 2105 4798 2200 4834; x_wconf 88' lang='grc' dir='ltr'><strong>του</strong></span> <span class='ocrx_word' id='word_1_551' title='bbox 2262 4780 2543 4850; x_wconf 82' lang='grc' dir='ltr'>ὑπάρχων,</span> <span class='ocrx_word' id='word_1_552' title='bbox 2595 4779 2909 4834; x_wconf 83' lang='grc' dir='ltr'>τούναντίον</span> <span class='ocrx_word' id='word_1_553' title='bbox 2962 4778 3169 4850; x_wconf 77' lang='grc' dir='ltr'>τολμᾷς</span> <span class='ocrx_word' id='word_1_554' title='bbox 3209 4780 3405 4851; x_wconf 82' lang='grc' dir='ltr'>Κυρίῳ</span> <span class='ocrx_word' id='word_1_555' title='bbox 3468 4778 3670 4835; x_wconf 76' lang='grc' dir='ltr'>Σαϐαὼθ</span> 
     </span>
    </p>
   </div>
   <div class='ocr_carea' id='block_1_95' title="bbox 2110 4874 2468 4945">
    <p class='ocr_par' dir='ltr' id='par_1_95' title="bbox 2110 4874 2468 4945">
     <span class='ocr_line' id='line_1_95' title="bbox 2110 4874 2468 4945; baseline 0 -18"><span class='ocrx_word' id='word_1_556' title='bbox 2110 4874 2468 4945; x_wconf 84' lang='grc' dir='ltr'>παρεστάναι.</span> 
     </span>
    </p>
   </div>
   <div class='ocr_carea' id='block_1_96' title="bbox 2713 5092 3090 5151">
    <p class='ocr_par' dir='ltr' id='par_1_96' title="bbox 2713 5092 3090 5151">
     <span class='ocr_line' id='line_1_96' title="bbox 2713 5092 3090 5151; baseline 0.005 -4"><span class='ocrx_word' id='word_1_557' title='bbox 2713 5092 2970 5151; x_wconf 70' lang='grc' dir='ltr'><strong>ΚΕΦΔΛ.</strong></span> <span class='ocrx_word' id='word_1_558' title='bbox 3005 5093 3090 5149; x_wconf 85' lang='lat' dir='ltr'><strong>Il&#39;.</strong></span> 
     </span>
    </p>
   </div>
   <div class='ocr_carea' id='block_1_97' title="bbox 2197 5205 3665 5280">
    <p class='ocr_par' dir='ltr' id='par_1_97' title="bbox 2197 5205 3665 5280">
     <span class='ocr_line' id='line_1_97' title="bbox 2197 5205 3665 5280; baseline -0.002 -17"><span class='ocrx_word' id='word_1_559' title='bbox 2197 5207 2325 5263; x_wconf 81' lang='grc' dir='ltr'>Ἐὰν</span> <span class='ocrx_word' id='word_1_560' title='bbox 2346 5206 2561 5279; x_wconf 82' lang='grc' dir='ltr'>ἀληθῶς</span> <span class='ocrx_word' id='word_1_561' title='bbox 2585 5205 2885 5280; x_wconf 80' lang='grc' dir='ltr'>προσεύχῃ,</span> <span class='ocrx_word' id='word_1_562' title='bbox 2909 5205 3111 5277; x_wconf 84' lang='grc' dir='ltr'>πολλὴν</span> <span class='ocrx_word' id='word_1_563' title='bbox 3132 5205 3512 5279; x_wconf 78' lang='grc' dir='ltr'>πληροφορίαν</span> <span class='ocrx_word' id='word_1_564' title='bbox 3524 5208 3665 5279; x_wconf 73' lang='grc' dir='ltr'>εὑρή-</span> 
     </span>
    </p>
   </div>
   <div class='ocr_carea' id='block_1_98' title="bbox 2119 5297 3663 5371">
    <p class='ocr_par' dir='ltr' id='par_1_98' title="bbox 2119 5297 3663 5371">
     <span class='ocr_line' id='line_1_98' title="bbox 2119 5297 3663 5371; baseline -0.002 -14"><span class='ocrx_word' id='word_1_565' title='bbox 2119 5319 2255 5371; x_wconf 85' lang='grc' dir='ltr'>σεις,</span> <span class='ocrx_word' id='word_1_566' title='bbox 2282 5300 2379 5357; x_wconf 74' lang='lat' dir='ltr'><strong>xai.</strong></span> <span class='ocrx_word' id='word_1_567' title='bbox 2397 5300 2618 5371; x_wconf 79' lang='grc' dir='ltr'>ἄγγελοι</span> <span class='ocrx_word' id='word_1_568' title='bbox 2665 5297 3079 5355; x_wconf 82' lang='grc' dir='ltr'>συνελεύσονταί</span> <span class='ocrx_word' id='word_1_569' title='bbox 3113 5315 3195 5354; x_wconf 90' lang='grc' dir='ltr'><strong>σοι</strong></span> <span class='ocrx_word' id='word_1_570' title='bbox 3222 5299 3319 5354; x_wconf 75' lang='grc' dir='ltr'>καὶ</span> <span class='ocrx_word' id='word_1_571' title='bbox 3346 5300 3475 5365; x_wconf 73' lang='grc' dir='ltr'>τοὺς</span> <span class='ocrx_word' id='word_1_572' title='bbox 3499 5299 3663 5369; x_wconf 81' lang='grc' dir='ltr'>λόγους</span> 
     </span>
    </p>
   </div>
   <div class='ocr_carea' id='block_1_99' title="bbox 445 5389 1998 5467">
    <p class='ocr_par' dir='ltr' id='par_1_99' title="bbox 445 5390 1998 5463">
     <span class='ocr_line' id='line_1_99' title="bbox 445 5390 1998 5463; baseline -0.003 -12"><span class='ocrx_word' id='word_1_573' title='bbox 445 5404 501 5451; x_wconf 89' lang='lat' dir='ltr'><strong>ct</strong></span> <span class='ocrx_word' id='word_1_574' title='bbox 555 5395 793 5450; x_wconf 82' lang='lat' dir='ltr'><strong>rationes</strong></span> <span class='ocrx_word' id='word_1_575' title='bbox 841 5409 1029 5449; x_wconf 90' lang='lat' dir='ltr'><strong>eorum</strong></span> <span class='ocrx_word' id='word_1_576' title='bbox 1057 5433 1073 5459; x_wconf 89' lang='lat'><strong>,</strong></span> <span class='ocrx_word' id='word_1_577' title='bbox 1117 5408 1238 5463; x_wconf 71' lang='lat' dir='ltr'><strong>qua:</strong></span> <span class='ocrx_word' id='word_1_578' title='bbox 1292 5391 1456 5457; x_wconf 88' lang='lat' dir='ltr'><strong>ﬁunt,</strong></span> <span class='ocrx_word' id='word_1_579' title='bbox 1500 5390 1554 5445; x_wconf 91' lang='lat' dir='ltr'><strong>in</strong></span> <span class='ocrx_word' id='word_1_580' title='bbox 1601 5391 1776 5448; x_wconf 89' lang='lat' dir='ltr'><strong>lucem</strong></span> <span class='ocrx_word' id='word_1_581' title='bbox 1831 5390 1998 5462; x_wconf 87' lang='lat' dir='ltr'><strong>profe-</strong></span> 
     </span>
    </p>
   </div>
   <div class='ocr_carea' id='block_1_100' title="bbox 2153 5389 2864 5467">
    <p class='ocr_par' dir='ltr' id='par_1_100' title="bbox 2153 5389 2864 5467">
     <span class='ocr_line' id='line_1_100' title="bbox 2153 5389 2864 5467; baseline -0.007 -15"><span class='ocrx_word' id='word_1_582' title='bbox 2153 5394 2228 5452; x_wconf 86' lang='grc' dir='ltr'><strong>ῶν</strong></span> <span class='ocrx_word' id='word_1_583' title='bbox 2254 5392 2555 5467; x_wconf 80' lang='grc' dir='ltr'>γινομένων</span> <span class='ocrx_word' id='word_1_584' title='bbox 2581 5389 2864 5464; x_wconf 80' lang='grc' dir='ltr'>φωτιοῦσι.</span> 
     </span>
    </p>
   </div>
   <div class='ocr_carea' id='block_1_101' title="bbox 449 5496 585 5543">
    <p class='ocr_par' dir='ltr' id='par_1_101' title="bbox 449 5496 585 5543">
     <span class='ocr_line' id='line_1_101' title="bbox 449 5496 585 5543; baseline 0 -2"><span class='ocrx_word' id='word_1_585' title='bbox 449 5496 585 5543; x_wconf 88' lang='lat' dir='ltr'><strong>rent.</strong></span> 
     </span>
    </p>
   </div>
   <div class='ocr_carea' id='block_1_102' title="bbox 522 5657 1945 5733">
    <p class='ocr_par' dir='ltr' id='par_1_102' title="bbox 522 5657 1945 5733">
     <span class='ocr_line' id='line_1_102' title="bbox 522 5657 1945 5733; baseline -0.002 -18"><span class='ocrx_word' id='word_1_586' title='bbox 522 5661 562 5693; x_wconf 82' lang='grc'><strong>⁸¹</strong></span> <span class='ocrx_word' id='word_1_587' title='bbox 605 5663 769 5731; x_wconf 85' lang='lat' dir='ltr'><strong>Apoc.</strong></span> <span class='ocrx_word' id='word_1_588' title='bbox 806 5676 925 5727; x_wconf 88' lang='lat' dir='ltr'><strong>vIII,</strong></span> <span class='ocrx_word' id='word_1_589' title='bbox 953 5662 1009 5716; x_wconf 79' lang='lat'><strong>5.</strong></span> <span class='ocrx_word' id='word_1_590' title='bbox 1086 5660 1130 5693; x_wconf 74' lang='grc' dir='ltr'><strong>δ’</strong></span> <span class='ocrx_word' id='word_1_591' title='bbox 1167 5660 1334 5733; x_wconf 75' lang='lat' dir='ltr'><strong>Apoc.</strong></span> <span class='ocrx_word' id='word_1_592' title='bbox 1372 5677 1425 5728; x_wconf 90' lang='lat' dir='ltr'><strong>v,</strong></span> <span class='ocrx_word' id='word_1_593' title='bbox 1454 5661 1508 5716; x_wconf 92' lang='lat'><strong>8.</strong></span> <span class='ocrx_word' id='word_1_594' title='bbox 1584 5660 1630 5693; x_wconf 85' lang='grc'><strong>⁸⁸</strong></span> <span class='ocrx_word' id='word_1_595' title='bbox 1661 5658 1865 5727; x_wconf 82' lang='lat' dir='ltr'><strong>lsa.vI,</strong></span> <span class='ocrx_word' id='word_1_596' title='bbox 1890 5657 1945 5713; x_wconf 81' lang='lat'><strong>5.</strong></span> 
     </span>
    </p>
   </div>
  </div>
