3788 6224
74 278 230 345 I185

667 392 922 448 ΚΕΦΔΛ.
958 394 1084 448 IlA'.

143 504 421 571 Γίνωσκε,
470 504 665 576 ὅτιπερ
706 506 756 559 oi
798 506 945 575 ἀγιοι
994 506 1216 575 ἄγγελοι
1270 508 1669 579 προτρέπονται

65 598 225 667 ἡμᾶς
268 597 348 661 είς
385 597 723 669 προσευχὴν,
757 601 852 652 καὶ
880 599 1363 669 συμπαρίστανται
1387 602 1520 671 ἡμῖν
1546 600 1671 670 χαί·

71 705 273 757 ροντες
306 690 448 759 ἅμα,
482 691 579 742 καὶ
606 690 1035 761 προσευχόμενοι
1077 692 1220 762 ὑπὶρ
1247 691 1423 761 ἠμῶψ
1452 692 1550 745 ὲάν
1576 689 1671 746 οὖν

67 779 472 851 ἀμελήσωμεν,
495 782 590 835 καὶ⁵
609 780 891 851 δεξώμεθα
913 782 1210 850 λογισμοὺς
1249 784 1526 847 ἐναντίους
1546 784 1669 840 λίαν

70 876 461 947 παροξύνομεν
494 878 918 950 αὐτοὺς,ὂτιπερ
945 879 1085 949 ὑπὲρ
1114 878 1272 948 ἡμῶν
1309 879 1668 947 ἀγωνίζονται

70 967 356 1032 τοσοῦτον,
388 970 551 1039 ἡμεῖς
588 968 645 1023 δὲ
676 970 796 1023 οὐδὲ
830 970 972 1039 ὑπὲρ
998 970 1206 1022 ἑαυτῶν
1230 970 1530 1040 βουλόμεθα
1553 974 1668 1025 ἰκε-

71 1059 275 1113 τεῦσαι
318 1061 411 1113 τὸν
446 1060 578 1113 Θεόν
604 1076 619 1089 '
670 1061 806 1113 ἀλλά
849 1062 1319 1130 καταφρονοῦντες
1352 1062 1450 1131 τῆς
1487 1061 1668 1115 αὐτῶν

71 1148 447 1223 λειτουργίας,
484 1154 579 1207 καὶ
605 1153 697 1207 τὸν
732 1153 938 1207 τούτων
972 1155 1126 1214 Θεὸν.
1156 1153 1252 1207 καὶ¹
1272 1153 1548 1223 Δεσπότην
1569 1170 1668 1207 κα-

69 1240 520 1310 ταλιμπάνοντες
602 1242 855 1313 δαίμοσιν
927 1241 1264 1314 ἀκαθάρτοις
1333 1241 1665 1312 ἐντυγχάνο-

74 1342 200 1394 μεν.

664 1440 915 1495 ΚΕΦΔΛ.
946 1442 1071 1497 ΠΒ¹.

138 1547 458 1620 Προσεύχου
486 1550 765 1633 ἐπιεικῶς,
796 1553 889 1606 καὶ
915 1553 1223 1625 ἀταράχως,
1242 1553 1336 1607 καὶ
1356 1552 1524 1623 ψάλλε
1542 1571 1667 1608 συν-

71 1640 209 1705 ετῶς
243 1642 343 1694 καὶ
386 1641 696 1713 εὐρύθμως,
729 1645 825 1699 καὶ
877 1644 978 1716 ἔσῃ
1016 1645 1093 1709 ὼς
1138 1646 1357 1710 νεοσσὸς
1388 1645 1550 1700 ἀετοῦ
1603 1648 1665 1701 ἐν

73 1732 196 1801 ’ὕψει
224 1734 538 1805 αίρόμενος.

656 1852 907 1906 ΚΕΦΑΛ.
939 1853 1062 1908 III".

149 1958 216 2014 Ἥ
263 1961 368 2031 μὲν
407 1960 693 2033 ψαλμῳδία
730 1963 798 2017 τά
849 1964 997 2035 πάθη
1045 1966 1385 2033 κατευνάζει,
1417 1968 1514 2022 καὶ
1552 1965 1653 2039 τὴν

72 2051 344 2121 ἀκρασίαν
377 2054 471 2106 τοῦ
502 2053 753 2125 σώματος
796 2058 1024 2128 ἠρεμεῖν
1063 2060 1457 2131 ἀπεργάζεται.
1503 2059 1566 2114 'II
1594 2060 1653 2114 δὲ

72 2148 354 2218 προσευχὴ
381 2150 626 2220 ἐνεργεῖν
666 2151 1077 2221 παρασκευάζει
1104 2152 1196 2206 τὸν
1224 2152 1350 2207 νοῦν
1378 2153 1479 2226 τὴν
1515 2154 1651 2208 ίδίαν

71 2237 384 2307 ἐνέργειαν.

631 2353 905 2425 ,ΚΕΦΑΛ.
953 2358 1075 2413 IIA'.

138 2467 427 2537 Προσευχη
494 2468 611 2521 ἐστὶ
682 2469 966 2542 πρέπουσα
1029 2474 1280 2546 ἐνέργεια
1313 2517 1329 2541 ,
1390 2481 1457 2550 τῇ
1523 2478 1653 2554 ἀξίᾳ

70 2557 159 2611 τοῦ
195 2558 295 2613 νοῦ
319 2560 440 2632 ἦτοι
466 2563 749 2635 κρείττων,
784 2568 877 2620 καὶ
902 2566 1199 2641 εἰλικρινὴς
1221 2571 1401 2643 κρίσις
1425 2573 1612 2629 αὑτοῦ.

649 2766 903 2823 ΚΕΦΑΛ.
946 2768 1072 2825 IIE'.

151 2879 213 2933 Ἦ
238 2879 343 2950 μὲν
362 2879 651 2953 ψαλμῳδία
670 2880 838 2945 τύπος
857 2883 955 2953 τῆς
983 2885 1233 2957 ποικίλης
1263 2887 1456 2958 σοφίας
1476 2892 1645 2959 ἐστὶν,

71 2969 103 3038 ἠ
140 2967 196 3021 δὲ
237 2971 545 3042 προσευχὴ,
582 2972 870 3052 προοίμιόν
898 2975 1014 3029 εστι
1054 2976 1157 3047 τῆς
1185 2978 1373 3046 ἀΰλου,
1410 2982 1506 3036 καὶ
1535 2998 1657 3037 ποι-⁸

73 3059 222 3129 κίλης
250 3060 527 3130 γνώσεως.

630 3176 878 3231 ΚΕΦΑΛ.
934 3178 1075 3247 nq'.

146 3285 211 3340 Ἦ
240 3287 467 3355 γνῶσις,
501 3287 761 3363 καλλίστη
791 3292 1047 3365 ὑπάρχει,
1079 3296 1341 3368 συνεργὸς
1383 3299 1491 3372 γάρ
1525 3296 1644 3355 ἐστι

72 3376 165 3448 τῆς
193 3380 529 3451 προσευχῆς,
562 3382 664 3452 τὴν
696 3383 888 3455 νοεράν
922 3385 1153 3457 δύναμιν
1177 3387 1273 3443 τοῦ
1309 3390 1403 3445 νοῦ
1431 3391 1643 3448 διυπνί-

75 3469 233 3533 ζουσα
264 3472 404 3545 πρὸς
438 3474 672 3547 θεωρίαν
693 3477 791 3548 τῆς
813 3477 962 3543 θείας
992 3478 1268 3548 γνώσεως.

659 3679 908 3733 ΚΕΦΑΛ.
941 3680 1062 3734 ΠΖ’.

140 3783 199 3839 El
227 3784 447 3841 οὐδέπω
488 3787 679 3851 ἔλαϐες
722 3790 968 3861 χάρισμα
1010 3792 1342 3865 προσευχῆς,
1385 3792 1421 3865 ἦ
1460 3794 1641 3867 ψαλμ-

75 3875 249 3945 ῳδίας,
288 3878 632 3953 ἑφέδρενσον,
666 3882 762 3935 καὶ
787 3881 956 3953 λήψῃ.

639 4013 894 4068 ΚΕΦΑΛ.
925 4013 1060 4068 IIH'.

138 4127 333 4195 Ἔλεγε
364 4126 424 4181 δὲ
453 4126 643 4191 αὐτοῖς
671 4127 766 4181 καὶ
795 4126 1112 4200 παραϐολὴν
1137 4129 1275 4200 πρὸς
1295 4128 1357 4182 τὸ
1379 4128 1490 4183 δεῖν
1536 4130 1637 4183 αὐ-

72 4216 189 4282 τοὺς
211 4218 448 4273 πάντοτε
484 4217 903 4289 προσεύχεσθαι,
938 4219 1035 4272 καὶ⁸
1064 4218 1143 4289 μὴ
1184 4219 1440 4274 tantaqu
1462 4236 1478 4252 ·
1508 4222 1638 4275 οὐκ·

71 4305 160 4361 οῦν
212 4310 293 4382 μὴ
347 4309 573 4365 ὲκκάκει
612 4308 771 4374 τέως,
814 4309 949 4380 μηδὲ
979 4302 1179 4380 ἀθύμει
1212 4309 1289 4374 ὡς
1321 4309 1397 4380 μὴ
1433 4310 1633 4365 λαϐὡνο

70 4398 204 4474 λήψῃ
242 4403 356 4475 γάρ
386 4403 615 4474 ὕστερον
641 4418 656 4431 '
709 4401 803 4455 καὶ
834 4403 1079 4473 ὶπήγαγι
1107 4404 1174 4471 τῇ
1205 4402 1509 4475 παραϐολῇ,
1543 4404 1631 4457 τό’

75 4507 92 4539 ι
122 4491 180 4544 Et
207 4493 319 4564 γάρ
361 4494 455 4545 καὶ
484 4491 618 4546 Θεὸν
652 4492 715 4546 οὺ
749 4491 1044 4563 φοϐοῦμαι,
1076 4492 1170 4546 καὶΙ
1215 4492 1502 4563 ἄνθρωπον
1535 4494 1636 4549 οὐκ

70 4580 416 4655 ἐντρέπομαι,
439 4583 575 4640 ἀλλά
601 4601 665 4654 γε
696 4584 786 4639 διά
810 4583 872 4638 τὸ
900 4584 1102 4647 κόπους
1130 4586 1395 4655 παρέχειν
1429 4602 1519 4656 μοι
1539 4586 1637 4656 τὴν

72 4676 316 4741 γυναῖκα,
358 4675 573 4747 ποιήσω
603 4675 702 4748 τὴν
731 4674 1012 4746 ικδίκησιν
1036 4675 1237 4747 αὐτῆςο
1271 4694 1292 4728 ι
1341 4674 1516 4741 οὕτως
1544 4674 1637 4731 οὖν

70 4764 157 4816 καὶ
188 4766 216 4819 ό
248 4766 381 4831 Θεὸς
417 4768 635 4840 ποιήσει
666 4766 764 4839 τὴν
788 4767 1066 4838 ἐκδίκησιν
1081 4766 1189 4820 τῶν
1224 4765 1469 4837 βοώντων
1500 4768 1637 4839 πρὸς

72 4856 223 4912 αὐτὸν
273 4860 469 4924 νυκτὸς
512 4860 608 4915 καὶ
655 4860 871 4932 ἡμέρας
919 4860 978 4912 ὲν
1021 4859 1197 4931 τάχει.
1225 4858 1466 4931 Εὐθύμει
1522 4876 1637 4914 τοι-

73 4948 266 5018 γαροῦν
326 4950 755 5023 προσκαρτερῶν
811 4949 1065 5022 ὲμπόνως
1124 4944 1204 5022 τῇ
1264 4948 1397 5023 ἀγίᾳ
1461 4966 1635 5021 προσ-

74 5042 219 5112 ευχῇ.

634 5174 887 5230 ΚΕΦΑΛ.
910 5170 1040 5228 ΠΘ’.

135 5284 221 5358 Μὴ
255 5286 588 5359 sesama;
615 5306 699 5345 σοι
726 5289 893 5351 δοκεῖ,
929 5288 1044 5344 ἀλλ’
1079 5289 1155 5353 ὠς
1179 5286 1299 5359 Θεῷ
1318 5286 1541 5360 ἀρέσκει
1563 5286 1632 5342 τά

74 5377 201 5432 κατά
227 5379 285 5434 σὲ
316 5382 591 5451 γενέσθαι,
626 5383 723 5437 καὶ
750 5383 851 5456 ἔσῃ
874 5382 1172 5455 ἀτάραχος,
1195 5382 1290 5436 καὶ
1314 5379 1635 5452 εὐχάριστος

77 5466 129 5518 ὲν
152 5476 417 5545 προσευχῇ
445 5492 565 5532 σου.

142 5693 183 5725 ⁸⁸
217 5696 343 5754 Luc.
374 5715 531 5767 mu,
554 5698 675 5753 2-6.

1434 283 1533 342 DE
1569 282 1976 343 ORATIONE.

1699 400 1745 461 Α
2200 392 2378 470 ωε
2412 397 2642 455 CAPUT
2674 398 2912 455 LXXXI.

3210 288 3350 358 1185

1838 508 2034 573 Nosce,
2065 509 2210 581 quod
2233 512 2409 566 sancti
2434 512 2611 583 angeli
2645 528 2746 568 nos
2778 514 3019 570 excitant
3046 515 3112 569 ad
3141 517 3351 571 oratio-

1768 613 1925 665 ncm,
1962 609 2016 654 et
2058 616 2166 655 una
2197 603 2479 657 nobiscum
2518 613 2738 669 astant,
2776 606 3073 675 gaudentes
3106 608 3269 662 simul
3298 615 3353 663 et

1768 702 1989 746 orantes
2027 708 2127 763 pro
2164 694 2362 760 nobis;
2400 696 2445 749 si
2478 696 2643 765 igitur
2674 696 3101 766 neglexerimus,
3126 707 3181 751 et
3221 714 3350 752 con-

1768 784 1963 839 trarias
1988 786 2390 856 susceperimus
2416 789 2804 858 cogitationes,
2832 789 2986 843 valde
3013 790 3351 844 irritabimus

1769 874 1952 943 ipsos,
1987 876 2129 944 quod
2173 876 2210 931 ii
2252 892 2353 947 pro
2382 879 2543 933 nobis
2581 887 2861 949 tantopere
2894 881 3203 946 decerteut,
3250 895 3352 933 nos

1768 981 1897 1021 vero
1928 982 2029 1022 nec
2058 982 2155 1037 pro
2194 970 2352 1025 nobis
2393 970 2529 1040 ipsis
2573 972 2824 1026 volumus
2853 973 3163 1042 supplicare
3204 971 3345 1037 Deo,

1769 1056 1865 1111 sed
1902 1072 2093 1111 eorum
2119 1068 2532 1114 contemnentes
2560 1060 2924 1115 ministerium
2948 1105 2962 1126 ,
2991 1063 3347 1131 ipsorumque

1766 1144 1933 1199 Deum
1976 1161 2039 1201 ac
2097 1146 2386 1201 Dominum
2427 1149 2908 1220 derelinquentes,
2954 1151 3182 1218 impuris
3219 1165 3345 1203 cum

1764 1239 2105 1295 dmmonibus
2140 1254 2549 1298 conversamur.

2282 1435 2513 1492 CAPUT
2552 1436 2815 1493 LXXXII.

1831 1546 2014 1618 Equo
2056 1548 2308 1620 bonoque
2364 1552 2577 1619 animo,
2607 1563 2662 1607 et
2694 1553 2900 1623 absque
2932 1551 3341 1623 perturbatione

1762 1655 1879 1707 ora,
1910 1649 1965 1694 et
1998 1643 2291 1709 prudenter
2312 1652 2476 1713 atque
2507 1645 2775 1699 concinne
2808 1646 2994 1716 psalle,
3021 1646 3237 1715 erisque
3261 1646 3337 1700 uti

1687 1737 1736 1798 Β
1760 1730 1940 1801 pullus
1983 1731 2180 1800 aquilae
2213 1731 2268 1785 in
2302 1732 2471 1785 altum
2507 1734 2772 1789 elevatus.

2276 1844 2505 1900 CAPUT
2538 1846 2823 1904 LXXXIII.

1827 1952 2168 2009 Psalmorum
2201 1965 2395 2010 cantus
2434 1955 2717 2025 passiones
2753 1954 2937 2024 sedat,
2965 1965 3019 2013 et
3050 1960 3296 2029 conSopit
3318 1998 3338 2025 ,

1757 2048 2111 2118 corporisque
2136 2048 2609 2118 intemperantiam
2646 2051 2931 2120 quiescere
2956 2048 3104 2106 facit.
3148 2049 3338 2107 Oratio

1756 2150 1936 2194 autem
1974 2132 2209 2195 mentem
2242 2150 2530 2210 praeparat,
2561 2152 2624 2195 ut
2660 2143 3035 2212 operationem
3060 2144 3337 2215 propriam

1754 2241 2024 2288 exerceat.

2264 2347 2493 2403 CAPUT
2534 2348 2821 2405 LXXXIV.

1827 2462 2016 2519 Oratio
2054 2473 2140 2520 est
2199 2466 2445 2535 operatio
2468 2508 2484 2532 ,
2510 2482 2634 2536 quae
2657 2467 2815 2523 decet
2840 2465 3155 2538 dignitatem
3184 2482 3338 2524 men-

1768 2556 1881 2624 tis,
1934 2572 2031 2613 seu
2081 2565 2167 2613 est
2210 2557 2475 2627 judicium
2533 2558 2705 2629 ipsius
2758 2559 2998 2626 melius,
3050 2569 3106 2615 et
3155 2561 3367 2616 sincer

1754 2666 1900 2706 rum.

2271 2764 2502 2823 CAPUT
2543 2765 2804 2822 LXXXV.

1822 2877 2165 2935 Psalmorum
2205 2888 2399 2935 cantus
2436 2888 2522 2935 est
2571 2880 2752 2949 imago
2781 2879 3071 2951 variegatte
3108 2881 3328 2952 sapien-

1752 2974 1875 3042 tiae;
1910 2975 2087 3029 oratio
2128 2972 2291 3045 497
2343 2989 2510 3040 vero,
2568 2973 2897 3045 prooemium
2958 2983 3044 3030 est
3077 2975 3329 3032 immate-

1671 3096 1718 3156 α
1752 3059 1903 3115 rialis
1941 3069 1995 3114 et
2021 3059 2182 3114 varia:
2207 3059 2553 3128 cognitionis.

2264 3172 2490 3229 CAPUT
2520 3171 2806 3228 LXXXVI.

1816 3274 2091 3360 Cognitio'
2122 3286 2491 3358 pulcherrima
2525 3293 2631 3349 est,
2664 3285 2865 3355 quippe
2894 3299 3017 3355 quae
3055 3284 3325 3340 orationis

1746 3388 1831 3436 est
1876 3380 2242 3451 cooperatrix,
2279 3378 2388 3433 vim
2448 3378 2647 3434 mentis
2697 3376 3094 3449 intelligibilem
3125 3392 3322 3446 exper-

1748 3469 1883 3541 gisci
1944 3469 2152 3525 faciens
2219 3469 2289 3524 ad
2364 3468 2569 3524 notitia:
2639 3466 2837 3522 divina:
2908 3468 3322 3537 contemplatio-

1746 3576 1872 3617 nem
1880 3599 1897 3616 ο

2244 3670 2476 3728 CAPUT
2500 3669 2814 3728 LXXXVII.

1816 3786 1876 3843 Si
1902 3787 2133 3843 necdum
2159 3786 2417 3857 accepisti
2446 3788 2678 3858 gratiam
2717 3787 3007 3855 orationis,
3033 3795 3130 3843 aut
3173 3787 3322 3859 psal-

1746 3879 1961 3948 modiaa,
1993 3880 2186 3935 insiste
2220 3880 2468 3946 sedulus,
2505 3888 2561 3935 et
2599 3879 2860 3949 accipies.

2226 4009 2459 4068 CAPUT
2496 4008 2831 4065 LXXXVIII.

1814 4124 2040 4181 Dicebat
2071 4136 2251 4180 autem
2280 4125 2415 4195 ipsis
2440 4133 2496 4180 et
2534 4124 2873 4195 parabolam,
2901 4123 3048 4195 quod
3071 4131 3323 4194 oporteat

1743 4217 1893 4287 ipsos
1919 4232 2135 4287 semper
2156 4232 2335 4283 orare,
2363 4232 2538 4287 neque
2567 4218 2799 4273 deiicere
2834 4238 2845 4272 :
2879 4236 2988 4276 non
3022 4222 3186 4293 igitur
3219 4224 3319 4279 dc-

1742 4310 1894 4365 licias
1915 4309 2199 4374 hactenus,
2230 4324 2405 4379 neque
2436 4310 2777 4379 despondeas
2805 4312 3012 4376 animo,
3043 4312 3171 4383 quia
3207 4331 3315 4369 non

1742 4401 2057 4470 acceperis;
2113 4400 2346 4470 accipies
2413 4401 2612 4456 etenim
2675 4410 2862 4471 postea
2920 4424 2933 4459 :
2983 4411 3040 4458 et
3090 4404 3323 4473 subjecit

1743 4494 1941 4548 deinde
1969 4493 2240 4563 parabolae
2267 4493 2396 4549 illud
2435 4494 2683 4548 dictum:
2720 4513 2740 4546 ι
2782 4493 2839 4548 Si
2874 4511 3109 4565 namque
3145 4494 3317 4550 Deum

1743 4585 1967 4639 minime
1998 4585 2185 4651 timeo,
2213 4594 2269 4640 et
2308 4585 2586 4641 hominem
2627 4600 2737 4641 non
2778 4601 3064 4653 revereor;
3137 4597 3316 4641 tamen

1740 4686 2025 4749 propterea
2052 4677 2198 4749 quod
2239 4677 2435 4732 mulier
2464 4678 2597 4733 mihi
2645 4679 2845 4749 praebet
2877 4678 3178 4744 molestias,
3232 4680 3318 4748 ip-

1739 4772 1855 4827 sius
1892 4770 2152 4826 ultionem
2175 4769 2371 4825 faciam
2398 4770 2478 4836 ⁸⁸;
2524 4789 2543 4822 ι
2578 4769 2659 4825 sic
2683 4785 2815 4840 ergo
2841 4780 2896 4825 et
2950 4771 3096 4825 Deus
3153 4770 3319 4826 faciet

1739 4861 2031 4916 vindictam
2082 4860 2437 4916 clamantium
2488 4859 2558 4914 ad
2620 4860 2798 4930 ipsum
2867 4870 3031 4915 noctu
3092 4860 3314 4929 diuque.

1738 4949 1870 5007 Esto
1896 4950 2080 5021 itaque
2112 4950 2258 5005 bono
2286 4950 2472 5006 animo
2524 4965 2879 5021 perseverans
2935 4951 3204 5008 laboriose
3258 4953 3316 5008 in

1738 5050 1926 5098 sancta
1964 5041 2229 5098 oratione.

2242 5176 2473 5255 CAPUT
2502 5175 2802 5233 LXXXIX.

1806 5291 1903 5355 Ne,
1927 5302 1987 5347 ut
2014 5292 2109 5347 tibi
2140 5291 2374 5355 videtur,
2408 5291 2543 5377 velis
2560 5291 2699 5355 ﬁeri,
2720 5306 2842 5361 qua:
2868 5289 2934 5345 ad
2964 5299 3015 5344 te
3045 5299 3313 5360 spectant,

1736 5387 1831 5441 sed
1870 5398 1929 5440 ut
1966 5384 2076 5441 Deo
2105 5384 2302 5455 placet,
2332 5384 2551 5449 erisque
2584 5382 3030 5456 imperturbatus,
3083 5390 3139 5437 et
3188 5396 3312 5453 gra—

1738 5474 1840 5530 tias
1862 5488 2029 5545 agens
2058 5473 2112 5528 in
2146 5483 2236 5529 tua
2262 5472 2526 5529 oratione.
