3788 6224
424 292 563 361 IIS?

492 516 643 571 Licet
675 524 801 566 cum
844 508 954 563 Deo
984 505 1217 560 videaris
1246 517 1388 566 esse,
1428 514 1562 554 cave
1592 512 1623 552 a
1654 496 1881 551 luxuriae
1903 494 2009 548 dae-

425 623 586 663 mone
609 622 624 671 ;
662 602 816 658 valde
844 614 1083 668 namque
1106 596 1265 650 fallax
1291 605 1397 655 est,
1420 602 1475 645 et
1502 590 1739 645 maxime
1769 586 2006 649 invidus,

423 713 478 755 et
508 698 659 752 ocior
683 708 805 748 esse
845 691 962 744 vult
995 688 1232 743 motione
1260 701 1324 739 ac
1355 681 1631 752 vigilantia
1658 678 1857 733 mentis
1883 686 2009 739 tuae,

428 791 501 843 ita
534 797 593 841 ut
644 800 765 840 eam
796 782 994 837 avellat
1022 795 1052 834 a
1080 778 1211 844 Deo,
1245 776 1335 831 cui
1360 773 1653 831 assistebat
1690 786 1815 827 cum
1849 769 2012 824 devo-

428 881 574 934 tione
603 894 668 933 ac
696 877 911 931 timore.

1013 1086 1243 1146 CAPUT
1275 1086 1415 1143 XCI.

501 1211 558 1266 Si
588 1209 682 1265 tibi
710 1184 839 1264 cura
862 1216 945 1261 est
960 1204 1240 1267 orationis,
1262 1215 1503 1273 praepara
1525 1198 1652 1254 tead
1671 1196 1896 1252 hostiles
1912 1193 2014 1249 da:-

1921 276 1983 333 S.
2028 274 2196 334 NILI

915 394 1081 467 (.93
1110 388 1338 448 CAPUT
1398 386 1515 442 xc.
2033 390 2085 444 Α

3552 260 3699 326 1188

2720 372 2971 428 item.
3000 375 3074 439 ια.

2176 490 2301 546 Κάν
2328 490 2463 561 μετὰ
2486 488 2623 541 Θεοῦ
2645 488 2805 558 δοκῇς
2838 483 2998 548 εἶναι,
3020 483 3288 553 φυλάττου
3307 482 3409 551 τῆς
3430 484 3696 553 πορνείας

2110 584 2360 654 δαίμονα.
2392 582 2527 635 Λίαν
2568 581 2677 648 γάρ
2732 580 2879 631 ἐστιν
2922 574 3199 637 ἀπατεὼν,
3223 575 3317 627 καὶ
3345 573 3696 645 φθονερώτα-

2107 695 2201 741 τος
2232 718 2247 740 ,
2305 676 2400 729 καὶ
2457 673 2705 744 βούλεται
2769 671 3024 741 ὀξύτερος
3068 664 3210 723 εἶναι
3268 670 3369 739 τῆς
3420 667 3697 737 κινήσεως

2112 768 2208 822 καὶ
2262 766 2477 836 νήψεως
2521 763 2613 816 τοῦ
2675 761 2794 825 νοός
2858 778 2973 820 σου,
3034 760 3130 812 καὶ
3188 759 3297 811 ἀπὸ
3357 757 3495 810 Θεοῦ
3560 759 3696 810 ἀπο-

2115 858 2257 928 σπᾷν
2289 854 2452 909 αὑτὸν
2486 854 2815 924 παρεστῶτα.
2869 848 3021 919 αὑτῷ
3076 847 3194 919 μετ’
3234 845 3549 911 εὐλαϐείας,
3597 846 3698 899 καὶ

2116 951 2305 1021 φόὸου.

2704 1056 2952 1111 ΚΕΦΑΛ.
2987 1056 3104 1121 τΑι.

2196 1178 2325 1233 Ἑάν
2356 1178 2664 1248 προσευχῆς
2688 1171 2943 1242 ἐπιμελῇ,
2970 1167 3259 1238 ἑτοιμάζοι)
3303 1165 3442 1236 πρὸς
3474 1167 3696 1230 ἑπαγωο

430 1315 653 1357 monum
684 1296 1017 1359 invasiones,
1052 1303 1104 1348 et
1125 1300 1441 1347 constanter
1462 1289 1685 1343 verbera
1719 1301 1841 1357 qua:
1872 1285 2017 1339 inlli-

2180 1290 2218 1335 ις
2251 1270 2540 1341 δαιμόνων,
2576 1269 2668 1323 καὶ
2692 1263 2974 1337 καρτερῶς
3005 1261 3105 1323 τάς
3133 1260 3265 1327 παρ’
3289 1258 3471 1311 αὐτῶν
3505 1258 3695 1327 μάστι-

432 1402 585 1464 gunt,
606 1391 815 1447 sustine
838 1405 853 1454 ;
874 1403 995 1441 nam
1031 1396 1288 1453 tanquam
1316 1381 1523 1436 feroces
1560 1380 1745 1435 bestia:
1777 1377 2018 1432 insilient

2180 1380 2218 1427 ις
2257 1362 2515 1432 ύπόμενευ
2536 1360 2613 1424 ὡς
2639 1358 2749 1429 γὰρ
2771 1356 2936 1427 θῆρες

2116 1458 2211 1510 καὶ
2239 1458 2348 1510 πᾶν
2372 1471 2466 1508 σου
2498 1449 2813 1507 κακώσουσι
2834 1446 2897 1500 τὸ
2926 1445 3104 1515 σῶμα.

434 1484 491 1539 in
524 1491 596 1547 te,
630 1490 893 1549 tuumque
926 1490 1124 1546 corpus
1152 1483 1324 1528 totum
1357 1472 1630 1526 vexabunt
1653 1478 1708 1526 et
1737 1468 1990 1539 afﬂigent.

1008 1586 1234 1644 CAPUT
1265 1584 1424 1641 XCII.

513 1707 745 1762 Paratus
786 1706 885 1770 sis,
926 1704 1004 1759 uti
1029 1704 1237 1773 peritus
1261 1708 1521 1761 certator,
1565 1705 1643 1757 nt,
1671 1695 1926 1767 quamvis
1949 1710 2017 1747 ex
2048 1733 2091 1788 Β

438 1802 724 1871 inopinato
754 1796 956 1851 videris
992 1804 1292 1864 spectrum,
1346 1808 1454 1845 non
1490 1787 1845 1850 concutiaris,
1871 1794 1925 1839 et
1948 1784 2018 1837 li-

2965 1353 3146 1424 ἄγριοι
3172 1347 3561 1404 ὲπελεύσονταί
3588 1364 3694 1410 σοι,

2713 1560 2965 1617 ΚΕΦΑΛ.
2993 1557 3104 1626 ιβ’.

2187 1679 2614 1755 Παρασκευάζου
2635 1679 2708 1741 ώς
2731 1676 2989 1747 ἔμπειρος
3011 1668 3335 1740 ἀγωνιστὴς,
3356 1667 3460 1721 κᾶν
3485 1665 3697 1735 ἀθρόως

2122 1775 2237 1846 ἴδῃς
2269 1773 2593 1843 φαντασίαν,
2632 1769 2707 1841 μὴ
2747 1764 3072 1829 κλονεῖσθαι,
3107 1761 3208 1816 κᾶν
3237 1758 3518 1831 ῥομφαίαν
3552 1760 3699 1809 κατά

437 1847 862 1960 cetrdispexeris
894 1847 1132 1957 gladium
1165 1884 1467 1939 districtum
1508 1880 1795 1935 adversum
1832 1886 1904 1943 te,
1929 1884 2024 1929 aut

2180 1864 2216 1917 μῦ
2256 1863 2631 1933 ἑσπασμένην,
2676 1860 2709 1930 ἢ
2759 1856 3017 1928 λαμπάδα
3065 1851 3404 1921 κατέχουσαν
3458 1865 3556 1900 σου
3599 1847 3699 1917 τὴν

2320 1955 2330 1960 -
2503 1953 2514 1960 .
2656 1950 2677 1960 Α
2862 1948 2884 1960 α
3140 1945 3153 1960 1
3326 1959 3347 1960 ,,
3400 1941 3453 1960 ιη
3473 1938 3530 1960 ’1
3603 1937 3697 1960 ---ἱ

441 1937 526 1947 νη
561 1937 859 1960 --η-ν--η-
895 1937 1131 1957 ο--π--π-
1174 1937 1266 1939 ην
1891 1937 1901 1943 ,

437 1983 768 2053 lampadem,
802 1995 924 2051 quae
955 1988 1109 2034 tuum
1168 1973 1595 2046 comprehendat
1649 1972 1852 2037 visum,
1910 1984 2020 2023 non

2180 1974 2242 2010 νιν
2273 1955 2348 2026 μὴ
2380 1950 2763 2026 ταράττεσθαι,
2819 1948 2924 2002 κᾶν
2982 1945 3196 2017 μορφήν
3230 1959 3353 1995 τινα
3391 1938 3560 2008 ἀηδῆ,
3603 1937 3701 1990 καὶ

438 2075 698 2137 turberis,
727 2083 782 2127 et
811 2074 1062 2143 quamvis
1120 2070 1355 2140 speciem
1410 2068 1651 2136 aliquam
1699 2062 2017 2127 deformem,

2122 2045 2424 2117 αἱματώδη,
2486 2043 2731 2113 μηδόλως
2784 2036 3148 2093 καταπίπτειν
3212 2049 3306 2086 σου
3356 2030 3458 2101 τὴν
3496 2029 3699 2098 ψυχὴν,

440 2121 698 2137 unum,
733 2121 780 2127 -ν
814 2121 1059 2143 η---η--η
1121 2121 1295 2140 -r--_-
1503 2121 1519 2136 ,
2005 2121 2016 2127 ,

438 2178 497 2225 et
566 2175 851 2223 cruentam
917 2162 1265 2234 spectaveris,
1327 2160 1477 2214 nullo
1543 2158 1706 2213 modo
1769 2156 2022 2211 concidas

2180 2139 2260 2191 .λά
2300 2136 2456 2206 στῆθι
2495 2132 2771 2206 ὁμολογῶν
2799 2132 2897 2201 τὴν
2921 2128 3095 2199 καλήν
3129 2143 3224 2180 σου
3255 2123 3574 2195 ὁμολογίαν,
3608 2121 3704 2173 καὶ

441 2264 647 2327 anima,
688 2273 876 2313 verum
908 2266 989 2312 sta
1019 2264 1168 2310 tuam
1200 2254 1509 2309 conﬁtendo
1546 2250 1862 2321 praeclaram
1890 2263 2023 2302 con-

442 2354 757 2412 fessionem.
788 2359 843 2406 et
871 2349 1084 2405 facilius
1111 2359 1232 2402 tuos
1262 2345 1516 2416 inspicies
1535 2342 1804 2398 inimicos.

997 2459 1228 2517 CAPUT
1280 2458 1463 2514 XCIII.

515 2580 621 2649 Qui
655 2581 882 2635 molesta
914 2577 1128 2643 suffert,
1184 2582 1507 2645 assequetur
1537 2574 1701 2628 etiam
1733 2586 1853 2643 quae
1881 2585 2023 2640 gau-

445 2662 597 2730 dium
625 2675 867 2744 pariunt,
906 2680 960 2725 et
991 2670 1084 2740 qui
1113 2677 1372 2725 constans
1400 2667 1597 2720 tolerat
1624 2663 1893 2729 insuavia,
1916 2675 2026 2717 non

448 2768 658 2822 carebit
685 2765 968 2821 suavibus.

914 2875 1081 2949 499
1108 2871 1341 2931 CAPUT
1378 2869 1561 2926 χειν.

521 2993 667 3049 Cave
697 3006 765 3046 ne
796 2999 851 3045 te
876 2988 1152 3058 decipiant
1184 3002 1276 3057 per
1320 2984 1562 3055 aliquam
1590 2984 1856 3038 visionem
1911 2996 2031 3035 ma-

453 3085 587 3158 ligni
618 3086 923 3148 daemones;
976 3094 1160 3134 verum
1195 3088 1313 3133 esto
1342 3077 1602 3147 prudens,
1630 3085 1682 3130 te
1710 3081 2029 3131 convertens
2056 3078 2101 3140 c

455 3177 522 3231 ad
554 3176 877 3238 orationem,
960 3170 1247 3239 Deumque
1288 3184 1530 3239 precare,
1591 3177 1650 3222 ut
1695 3167 1742 3221 si
1782 3182 1847 3221 ex
1914 3166 2033 3236 ipso

456 3267 676 3338 quidem
708 3273 792 3317 est
819 3262 1139 3334 cogitatum,
1190 3259 1307 3329 ipse
1339 3268 1391 3313 te
1440 3258 1731 3323 illuminet,
1760 3265 1817 3311 at
1847 3256 1890 3310 si
1924 3270 2033 3309 non

456 3364 543 3412 est
605 3354 852 3410 celeriter
882 3368 913 3406 a
945 3360 999 3406 te
1061 3352 1405 3420 deceptorem
1432 3350 1684 3419 depellat,
1718 3358 1772 3402 et
1799 3347 2032 3411 confide,

459 3447 608 3518 quod
643 3461 753 3500 non
804 3444 1031 3499 stabunt
1055 3457 1240 3507 canes,
1289 3451 1341 3497 te
1388 3442 1609 3497 ardente
1665 3456 1789 3495 cum
1851 3439 2035 3497 animo

462 3539 572 3593 Deo
598 3537 940 3604 colloquente
970 3553 983 3588 :
1026 3532 1311 3589 confestim
1342 3546 1535 3600 nempe
1563 3528 1925 3595 invisibiliter,
1950 3537 2035 3582 at-

461 3642 568 3697 que
602 3626 813 3680 occulte
837 3623 933 3678 Dei
982 3623 1224 3694 potentia
1253 3621 1525 3692 ﬂagellati,
1593 3619 1784 3692 procul
1849 3619 2037 3689 ειμεια

465 3718 663 3772 ιειιιιιτ.

1033 3820 1264 3878 CAPUT
1297 3820 1461 3876 XCV.

533 3936 752 3993 Justum
802 3942 887 3991 est
922 3935 1067 4005 quod
1114 3949 1290 4004 neque
1344 3933 1612 3989 fallaciam
1673 3934 1833 3989 istam
1882 3932 2041 4002 igno-

466 4043 595 4097 res;
624 4027 881 4083 nimirum
935 4024 1080 4097 quod
1131 4025 1199 4080 ad
1235 4036 1446 4095 tempus
1497 4040 1619 4085 sese
1650 4025 1900 4080 dividunt
1931 4024 2042 4078 daa-

466 4134 681 4182 tnones,
715 4118 871 4188 sique
922 4117 1186 4172 auxilium
1229 4117 1582 4187 quaerendum
1615 4116 1918 4180 censueris,
1951 4114 2041 4168 in-

473 4218 620 4264 trant
646 4208 838 4278 reliqui
872 4206 1131 4277 angelicis
1184 4207 1240 4261 in
1285 4206 1498 4274 formis,
1557 4206 1874 4277 expellendo
1927 4204 2040 4274 pri-

478 4315 621 4364 mos,
661 4315 772 4371 quo
824 4310 881 4354 tu
937 4299 1225 4368 decipiaris
1266 4298 1337 4353 ab
1387 4298 1541 4369 ipsis,
1567 4297 1861 4368 iudicando
1898 4295 2043 4368 quod

473 4392 726 4448 videlicet
748 4390 926 4445 forent
964 4391 1141 4461 angeli
1170 4391 1363 4446 sancti.

1020 4501 1251 4557 CAPUT
1300 4500 1482 4556 XCVI.

542 4614 726 4672 Multae
770 4613 1060 4669 humilitati
1115 4628 1179 4669 ac
1222 4611 1571 4682 generositati
1625 4611 1801 4677 stude,
1854 4618 1911 4667 et
1957 4609 2045 4665 in-

477 4710 654 4763 sultas
681 4706 994 4762 daemonum
1028 4704 1267 4759 animam
1299 4714 1447 4758 tuam
1481 4720 1589 4759 non
1612 4703 1912 4772 continget,
1955 4718 2049 4755 ne-

478 4814 589 4870 que
649 4797 918 4867 ﬂagellum
998 4796 1449 4867 appropinquabit
1525 4794 1872 4849 tabernaculo
1939 4802 2052 4857 tuo,

478 4890 603 4967 quia
634 4886 841 4958 angelis
868 4887 986 4942 suis
1019 4887 1298 4940 mandavit
1314 4886 1380 4941 de
1397 4895 1470 4953 te,
1492 4895 1551 4940 ut
1571 4885 1882 4940 custodiant
1907 4893 1957 4937 te
1976 4883 2043 4947 ⁸⁸,

477 4991 534 5037 et
580 4979 922 5035 invisibiliter
947 4980 1169 5050 abigant
1196 4993 1230 5033 a
1269 4986 1319 5032 te
1347 4994 1564 5033 onmem
1591 4977 1893 5048 oppositam
1915 4990 2050 5045 ope-

480 5073 770 5127 rationem.

1012 5180 1242 5240 CAPUT
1302 5182 1511 5239 XCVII.
1528 5188 1531 5191 “

551 5303 657 5370 Qui
685 5301 921 5359 orationi
947 5298 1041 5356 dat
1066 5315 1292 5372 operam
1312 5300 1514 5363 audiet
1544 5300 1763 5371 quidem
1792 5301 2056 5370 strepitus

485 5404 540 5450 et
576 5395 840 5466 fragores,
872 5404 927 5448 et
953 5409 1139 5462 voces,
1168 5404 1331 5465 atque
1365 5393 1527 5464 500
1554 5393 1840 5448 verberum
1874 5394 2056 5463 pulsa-

488 5489 684 5551 tiones,
714 5486 810 5541 sed
863 5502 971 5540 non
1012 5488 1283 5552 concidet,
1317 5501 1491 5557 neque
1536 5486 1729 5557 prodet
1761 5486 2057 5541 ratiocina-

561 5665 608 5696 “
641 5663 787 5720 Psal.
820 5679 909 5727 xc,
942 5663 1031 5728 10,
1069 5663 1153 5717 ll.

2126 2234 2255 2305 ῥᾷον
2282 2231 2457 2302 ὲπόψῃ
2488 2229 2582 2281 ἐπὶ
2611 2228 2737 2289 τοὺς
2762 2223 2989 2295 ἐχθρούς
3012 2238 3127 2275 σου.

2729 2425 2980 2480 Rectum.
3010 2422 3123 2489 tm.

2208 2544 2269 2595 Ὀ
2302 2541 2369 2595 τὰ
2394 2539 2612 2611 λυπηρά
2646 2538 2956 2609 ὑποφέρων,
2975 2534 3199 2589 καὶτῶν
3228 2532 3555 2603 περιχαρῶν
3582 2531 3705 2583 τεύ-

2128 2634 2300 2700 ξεται,
2336 2634 2429 2689 καὶ
2450 2636 2479 2686 ὁ
2500 2636 2556 2685 ὲν
2582 2635 2693 2695 τοῖς
2721 2631 2914 2701 ἀηδέσι
2940 2629 3245 2701 καρτερῶν,
3266 2627 3380 2680 τῶν
3409 2627 3582 2697 ἡδέων
3606 2627 3710 2679 ούκ

2127 2727 2442 2797 ἀμοιρήσει.

2725 2834 2976 2889 ΚΕΦΑΛ.
3007 2834 3120 2898 ι,Δν.

2204 2931 2343 3001 Ὅρα
2377 2929 2450 3000 μή
2488 2945 2547 2980 σε
2574 2927 2896 2996 ἀπατήσωσι
2935 2924 3023 2977 διά
3058 2940 3204 2987 τινος
3235 2923 3509 2987 ὀπτασίας
3537 2925 3585 2976 οἱ
3612 2940 3709 2975 πο-

2130 3021 2286 3092 νηροὶ
2332 3019 2613 3089 δαίμονες·
2644 3014 2780 3070 ἀλλά
2812 3015 2964 3081 γίνου
3008 3012 3230 3075 σύννους
3259 3013 3601 3082 τρεπόμενος
3630 3016 3707 3075 εἰς

2130 3112 2317 3183 εὐχὴν,
2360 3113 2455 3164 καὶ
2492 3107 2799 3179 παρακάλει
2831 3106 2921 3159 τὸν
2959 3105 3112 3167 Θεὸν,
3150 3105 3258 3170 ἵνα,
3286 3108 3335 3157 εἰ
3377 3106 3480 3176 μὲν
3522 3107 3581 3173 ἐξ
3610 3109 3704 3160 ας...

2131 3205 2223 3259 τοῦ
2254 3206 2370 3256 ἐστι
2397 3202 2458 3254 τὸ
2485 3201 2686 3271 νόημα,
2719 3197 2879 3261 αὐτός
2906 3214 2963 3249 σε
3010 3196 3243 3267 φωτίσῃ,
3277 3199 3324 3249 εί
3346 3196 3406 3249 δὲ
3444 3199 3611 3269 μήγε,
3649 3200 3706 3250 τὸ

2132 3299 2296 3367 τάχος
2333 3296 2423 3349 τὸν
2460 3293 2659 3346 πλάνον
2694 3291 2941 3360 ἀπελάσῃ
2968 3289 3077 3342 ἀπὸ
3109 3288 3225 3352 σοῦ,
3250 3290 3347 3342 καὶ
3387 3289 3604 3359 θάρσει,
3636 3291 3707 3353 ὡς

2134 3391 2196 3443 ού
2244 3388 2533 3457 στήσονται
2574 3385 2623 3436 οἱ
2667 3382 2847 3447 κύνες,
2887 3381 2983 3435 σοῦ
3022 3380 3287 3452 ἐμπύρως
3314 3383 3384 3451 τῇ
3417 3382 3554 3451 πρὸς
3581 3381 3708 3434 Θεὸν

2135 3478 2373 3544 ἐντεύξει
2436 3473 2774 3545 κεχρημένου
2808 3488 2823 3504 ο
2851 3472 3054 3536 εὐθέως
3114 3470 3223 3543 γὰρ
3289 3471 3560 3541 ἀοράτως,
3620 3474 3708 3524 καὶ

2136 3570 2357 3640 ἀφανῶς
2381 3566 2516 3621 Θεοῦ
2538 3565 2766 3637 δυνάμει
2798 3562 3207 3636 μαστιζόμενοι,
3240 3562 3462 3633 μακρὰν
3488 3564 3709 3634 ἐλασθή-

2142 3678 2346 3717 σονται.

2731 3815 2983 3869 ΚΕΦΑΛ.
3005 3812 3122 3880 τεο.

2210 3933 2428 3988 Δίκαιόν
2462 3934 2578 3985 ἐστι
2609 3929 2743 4000 μηδὲ
2770 3929 2857 3982 τὸν
2878 3929 3028 3982 δόλον
3064 3926 3256 3980 τοῦτόν
3282 3945 3342 3980 σε
3367 3929 3610 3997 ἀγνοεῖν,
3636 3933 3717 3984 ὅτι

2142 4030 2202 4082 ἐν
2231 4023 2408 4097 καιρῷ
2437 4022 2749 4094 μερίζονται
2776 4018 3003 4081 ἑαυτοὺς
3041 4018 3091 4070 oi
3119 4017 3393 4087 δαίμονες,
3422 4022 3519 4072 καὶ
3548 4024 3596 4073 ει
3632 4023 3716 4073 δά-

2144 4121 2238 4190 ξης
2266 4118 2517 4189 βοήθειαν
2539 4113 2837 4184 ἐπιζητεῖν,
2865 4110 3099 4163 εἰσίασιν
3120 4111 3172 4162 οἱ
3198 4108 3377 4163 λοιποὶ
3408 4113 3468 4163 ὲν
3504 4115 3719 4183 σχήμα-

2145 4226 2231 4262 σιν
2269 4206 2582 4275 ἀγγελικοῖς
2618 4204 2745 4266 τοὺς
2775 4200 3029 4271 πρώτους
3056 4197 3453 4264 ἐξελαύνοντες,
3496 4203 3635 4271 πρὸς
3662 4204 3717 4254 τδ

2147 4316 2206 4353 σε
2256 4294 2630 4363 ἐξαπατᾶσθαι
2684 4292 2778 4346 ὑπ’
2809 4291 3012 4358 αὐτῶν,
3060 4293 3125 4362 τῇ
3178 4291 3393 4362 γνώμῃ,
3437 4294 3519 4356 ὡς
3563 4294 3716 4363 δῆθεν

2077 4417 2122 4474 D
2150 4391 2322 4461 ἁγίων
2347 4390 2515 4442 ὅντων
2539 4385 2806 4455 ἀγγέλων.

2724 4500 2976 4553 ΚΕΦΑΑ.
3003 4501 3130 4567 ις’·

2220 4604 2735 4687 Ταπεινοφροσύνης
2780 4610 2980 4681 πολλῆς
3021 4609 3372 4681 ἐπιμέλησαι,
3402 4608 3604 4679 καὶού
3650 4608 3711 4675 μὴ

2156 4727 2249 4762 σου
2302 4706 2571 4775 δαιμόνων
2622 4704 2858 4773 ἐπήρεια
2898 4701 3211 4770 καθάψηται
3256 4701 3355 4769 τῆς
3395 4700 3603 4769 ψυχῆς,
3634 4699 3716 4750 καὶ

2158 4799 2354 4872 μάστιξ
2387 4799 2488 4851 οὐκ
2510 4798 2684 4864 ἐγγιεῐ
2716 4795 2793 4865 τῷ
2818 4795 3134 4865 σκηνώματι
3165 4810 3279 4857 σου,
3304 4795 3387 4845 ὄτι
3419 4796 3535 4855 τοῖς
3563 4792 3715 4859 ἀγγέ-

2155 4893 2267 4955 λοις
2298 4888 2464 4944 αὐτοῦ
2513 4888 2806 4940 ἐντελεῖται
2856 4887 2988 4957 περὶ
3020 4886 3114 4939 σοῦ
3153 4886 3247 4938 τοῦ
3286 4886 3615 4953 διαφυλάξαι
3646 4900 3713 4943 σε,

2157 4988 2249 5041 καὶ
2272 4982 2494 5052 ἀφανῶς
2524 4981 2741 5035 ἃπασαν
2778 4979 2878 5050 τὴν
2909 4979 3295 5049 ἀντικειμένην
3323 4979 3609 5047 ἐνέργειαν
3636 4978 3715 5025 ἐκ·

2157 5076 2438 5141 διώξουσιν
2464 5073 2571 5127 ἀπὸ
2602 5072 2717 5126 σοῦ.

2756 5184 3008 5236 ΚΕΦΑΛ.
3046 5185 3159 5250 t,z'.

2225 5302 2448 5370 ‘I'dcpou;
2482 5297 2580 5369 μὲν
2611 5296 2704 5349 καὶ
2730 5294 2970 5359 κτύπους
2999 5296 3092 5348 καὶ
3116 5294 3300 5363 φωνὰς
3324 5293 3417 5345 καὶ
3444 5290 3721 5360 αἰκισμοὺς

2157 5395 2223 5446 ὲκ
2271 5389 2541 5459 δαιμόνων
2590 5385 2882 5438 ἀκούσεται
2942 5385 2971 5435 ὁ
3015 5382 3262 5453 καθαρᾶς
3304 5380 3721 5451 ἐπιμελούμενος

2157 5481 2484 5557 προσευχῆς,
2520 5478 2657 5532 ἀλλὰ
2688 5477 2749 5530 ού
2779 5479 3156 5546 συμπετείται,
3188 5475 3308 5528 οὐδὲ
3344 5473 3618 5526 ποοδὼσει
3644 5472 3722 5521 τὸν
