3788 6224
129 262 267 326 1189

1490 255 1585 315 DE
1613 254 2019 314 ORATIONE.

3243 250 3378 314 1190

126 369 384 440 λογισμὸν
434 366 608 434 λέγων
660 364 795 434 πρὸς
852 363 943 416 τὸν
995 362 1147 414 Θεόν⁸
1197 361 1272 413 Ού
1324 361 1706 431 φοϐηθήσομαι

1854 376 2037 422 onent,
2094 360 2279 414 «licens
2303 360 2367 414 ad
2399 360 2565 415 Deum
2593 380 2604 414 :
2641 361 2754 415 Non
2786 363 2986 416 timebo
3033 362 3194 426 mala,
3240 377 3372 431 quo-

126 462 294 527 ιιακᾶ,
325 461 409 512 ὅτι
436 459 500 511 σὺ
530 457 650 529 μετ’
684 455 818 526 ἐμοῦ
849 452 918 516 εἴ,
952 456 1046 506 καὶ
1067 454 1136 506 τὰ
1164 455 1346 522 ὃμοια.

725 568 981 621 ΚΕΦΑΛ.
1014 567 1138 632 ur.

210 684 298 734 ‘Ev
329 679 504 751 καιρῷ
531 678 641 732 τῶν
665 679 925 732 τοιούτων
963 675 1316 749 πειρασμῶν,
1352 674 1586 747 βραχείᾳ
1611 677 1707 730 καὶ

127 774 494 845 ὲπιτεταμένῃ
526 775 806 843 προσευχῇ
841 771 1106 841 κέχρησο.

734 881 987 936 ΚΕΦΑΛ.
1016 879 1110 946 1,9

215 1001 340 1054 Ἐὰν
373 997 715 1070 ἀπειλήσωσί
754 1012 836 1048 σοι
880 996 929 1047 οἰ
962 993 1235 1063 δαίμονες,
1271 992 1482 1064 ἀθρόως
1520 992 1584 1044 ὲκ
1615 990 1708 1044 τοῦ

128 1098 293 1169 ἀέρος
321 1091 736 1168 προφαίνεσθαι,
768 1089 865 1144 καὶ
889 1088 1216 1159 ἐκπλήττειν
1247 1103 1328 1150 σε,
1354 1085 1444 1138 καὶ
1473 1084 1708 1153 διαρπά-

131 1192 248 1254 ζειν
279 1190 372 1242 τὸν
395 1187 522 1242 νοῦν
554 1203 670 1247 σου,
701 1184 734 1254 ἦ
757 1183 831 1246 ὡς
852 1181 1017 1253 θῆρες
1037 1181 1241 1234 ἀδικεῖν
1261 1179 1356 1250 τὴν
1385 1179 1561 1246 σάρκα
1591 1193 1708 1238 σου,

134 1282 212 1349 μὴ
264 1277 509 1348 πτοηθῇς
542 1273 760 1336 αὐτοὺς,
797 1270 931 1341 μηδὲ
961 1269 1098 1332 ὅλως
1128 1268 1421 1340 φροντίσῃς
1454 1267 1551 1334 τῆς
1585 1264 1711 1317 τού-

130 1388 242 1424 των
269 1369 524 1439 ἁπειλῆςο
547 1362 840 1434 ὲκφοϐοὖσι
869 1362 976 1434 γάρ
1008 1378 1067 1415 σε
1093 1359 1468 1431 πειράζοντες,
1498 1357 1546 1410 εί
1576 1356 1711 1418 ὅλως

132 1463 427 1535 προσέχεις
481 1460 688 1523 αὐτοῖς,
750 1457 798 1509 εί
857 1454 1065 1508 τέλειον
1131 1451 1312 1506 αὐτῶν
1369 1449 1710 1519 κατεφρόνη-

133 1573 255 1620 σας,
286 1557 334 1608 εί
356 1553 476 1623 Θεῷ
503 1549 925 1621 παντοκράτορι,
961 1544 1056 1598 καὶ
1093 1540 1430 1613 δημιουργῷ,
1457 1540 1549 1593 καὶ
1575 1555 1709 1608 προ-

140 1650 300 1718 θοητῇ
335 1645 432 1699 τοῦ
468 1642 668 1706 παντὸς
697 1638 1038 1711 παρίστασαι
1063 1637 1120 1688 ὲν
1142 1637 1207 1706 τῇ
1232 1633 1533 1702 προσευχῇ.

749 1853 1002 1907 ΚΕΦΑΛ.
1030 1851 1111 1905 P’.

203 1967 272 2020 Τί
297 1966 469 2029 οὕτως
496 1964 707 2034 ἀλόγως
731 1963 882 2034 αὑτῷ
910 1962 1281 2033 παρέστηκας,
1313 1962 1387 2024 ὡς
1411 1962 1707 2032 παρελθόνο

131 2077 201 2112 τα
256 2060 348 2111 τὸν
403 2056 812 2128 ἀνυπέρϐλητον
859 2053 1023 2108 αὑτοῦ
1062 2054 1247 2122 φόϐον,
1283 2054 1378 2107 καὶ
1418 2053 1707 2117 κώνωπας,

131 2151 233 2204 καὶ
267 2150 571 2220 κανθάρους
605 2147 967 2209 δεδίττεσθαι;
998 2146 1032 2217 ἢ
1068 2146 1169 2199 οὐκ
1205 2146 1445 2217 ἤκουσας
1490 2144 1584 2197 τοῦ
1621 2144 1710 2197 λέ-

145 2259 363 2310 γοντος·
379 2262 396 2294 t
424 2242 630 2312 Κύριον
646 2240 737 2294 τὸν
764 2241 898 2292 Θεὸν
915 2255 1008 2292 σου
1037 2238 1344 2311 φοϐηθήσῃ;
1372 2257 1390 2288 ι
1414 2238 1509 2292 καὶ⁵
1526 2237 1707 2290 πάλιν·

138 2354 156 2385 ε
195 2335 295 2386 ’ον
331 2334 542 2404 φρίττει
576 2332 672 2387 καὶ
724 2331 920 2403 τρέμει
960 2331 1138 2383 πάντα
1162 2329 1270 2384 ἀπὺ
1296 2327 1588 2400 προσώπου
1612 2327 1711 2397 τῆς

129 2426 419 2496 δυνάμεως
442 2424 641 2491 αὑτοῦ;
680 2442 700 2476 ι
732 2423 915 2478 καὶτὰ
943 2422 1092 2493 ἑξῆς.

714 2538 968 2593 ΚΕΦΔΛ.
1003 2538 1128 2592 PA'.

209 2649 423 2719 Ὠσπερ
449 2649 477 2700 6
502 2647 665 2720 ἄρτος
692 2648 865 2720 τροφή
895 2650 1009 2702 ἐστι
1055 2647 1134 2718 τῷ
1160 2647 1394 2718 σώματι,
1421 2647 1517 2700 καὶ
1541 2645 1711 2718 ἀρετὴ

128 2743 200 2812 τῇ
244 2741 413 2812 ψυχῇ,
453 2739 596 2794 οὓτω
625 2741 718 2794 καὶ
753 2739 847 2793 τοῦ
879 2739 972 2794 νοῦ
999 2741 1034 2810 ἡ
1060 2739 1404 2810 πνευματικὴ
1435 2738 1710 2810 προσευχὴ

130 2834 311 2904 τροφὴ
347 2833 602 2904 ὑπάρχει.
1673 2835 1677 2838 ’

724 2939 977 2994 ΚΕΦΑΛ.
1019 2939 1141 2993 ΡΒ’.

205 3057 298 3128 Μὴ
327 3053 690 3126 φαρισαῖκῶς,
724 3053 861 3107 ἀλλὰ
889 3052 1196 3116 τελωνικῶς
1222 3051 1525 3122 προσεύχου
1555 3052 1614 3104 ὲν
1634 3051 1711 3122 τῷ

133 3148 270 3218 ἱερῷ
300 3147 450 3217 τόπῳ
473 3145 574 3210 τῆς
598 3144 926 3214 προσευχῆς,
957 3143 1043 3195 ἵνα
1073 3143 1170 3195 καὶ
1195 3143 1258 3195 σὺ
1288 3142 1582 3212 δικαιωθῇς
1608 3141 1711 3193 ὑπὸ

132 3243 367 3314 Κυρίου.

734 3352 988 3406 ΚΕΦΑΛ.
1028 3350 1149 3404 ΡΓ¹.

221 3445 518 3513 ’Ᾱγωνίζου
553 3444 629 3514 μὴ
660 3441 1023 3506 κατεύξασθαί
1059 3458 1204 3504 τινος
1249 3441 1306 3495 ἐν
1334 3443 1398 3512 τῇ
1434 3443 1710 3513 προσευχῇ

135 3556 256 3599 σου,
292 3537 382 3589 ἵνα
405 3535 478 3606 μὴ
506 3535 541 3588 ἃ.
564 3534 864 3597 οἱκοδοιιεῖς
891 3532 1201 3603 καταλύσῃς
1223 3531 1516 3603 βδελυκτὴν
1543 3532 1715 3587 ποιῶν

131 3629 235 3698 τὴν
268 3626 582 3696 προσευχήν
618 3641 734 3678 σου.

741 3738 995 3791 ΚΕΦΑΛ.
1023 3735 1140 3792 ΡΔ’.

217 3833 279 3884 '0
311 3831 712 3902 χρεωφειλέτης
737 3832 846 3884 τῶν
873 3830 1084 3902 μυρίων
1109 3829 1386 3883 ταλάντων
1413 3830 1716 3886 παιδευέτω

135 3942 222 3987 σε,
242 3925 340 3989 ὠς,
375 3925 424 3976 εί
463 3925 540 3994 μὴ
573 3925 788 3996 ἁφήσῃς
812 3925 890 3995 τῷ
912 3924 1185 3995 ὀφειλέτῃ,
1217 3922 1338 3975 οὐδὲ
1357 3923 1519 3987 αὐτὸς
1551 3923 1714 3998 τεύξῃ

133 4019 238 4087 τῆς
269 4017 538 4084 ἀφέσεωςο
568 4016 854 4088 παρέδωκε
889 4017 1019 4087 γὰρ,
1056 4014 1240 4087 φησὶν,
1283 4017 1446 4072 αὐτὸν
1473 4020 1584 4082 τοῖς
1614 4017 1716 4088 βα-

134 4110 441 4171 σανισταῖς.

740 4217 994 4273 ΚΕΦΔΛ.
1023 4219 1146 4276 ΡΕ’.

211 4307 596 4378 Παραπὲμπου
647 4307 747 4371 τὰς
793 4310 1039 4379 ἀνάγκας
1086 4311 1179 4366 τοῦ
1229 4315 1502 4386 σώματος,
1553 4318 1611 4371 ὲν
1647 4321 1713 4390 τῇ

131 4399 483 4470 παραστάσει
514 4397 615 4466 τῆς
643 4400 971 4470 προσευχῆς,
1016 4401 1102 4454 ἵνα
1134 4403 1207 4474 μὴ
1253 4405 1577 4476 νυττόμενος
1609 4407 1714 4460 ὑπὸ

129 4488 367 4560 ψύλληςν
396 4485 740 4557 ῆφθειρδςνῆ
772 4488 1107 4564 κώνωποςνῆ
1139 4494 1322 4563 μυίας,
1343 4495 1628 4569 ζημιωθῇς
1653 4497 1716 4551 τὺ

134 4580 403 4652 μέγιστον
437 4576 627 4649 κέρδος
653 4576 754 4647 τῆς
777 4583 1087 4652 προσευχῆς
1123 4601 1238 4638 σου.

737 4670 989 4726 ΚΕΦΑΛ.
1030 4671 1168 4742 Pq'.

208 4753 414 4812 *Ηλθεν
439 4759 520 4822 είς
552 4759 720 4830 ἡμᾶς,
754 4759 830 4822 ὥς
856 4777 964 4814 τινι
995 4762 1104 4814 τῶν
1137 4763 1308 4832 ἁγίων
1343 4767 1713 4837 προσευχομέ-

131 4870 238 4923 νῳ,
261 4849 513 4904 τοσοῦτον
538 4850 827 4903 ἀνθίστατο
854 4851 882 4903 ὁ
911 4851 1165 4923 πονηρὸς,
1189 4854 1266 4916 ὡς
1290 4856 1406 4924 ἅμα
1433 4854 1510 4925 τῷ
1545 4856 1718 4909 ἐκτεῖ-

133 4961 229 4998 ναι
259 4944 360 5005 τὰς
388 4943 608 5012 χεῖρας,
638 4941 845 4995 ἐκεῖνον
883 4943 963 5005 εἰς
1012 4943 1199 4997 λέοντα
1248 4947 1720 5017 μετασχηματίζε-

137 5036 292 5101 σθαι,
325 5034 417 5088 καὶ
443 5033 749 5104 ἀνεγείρειν
778 5037 859 5096 είς
881 5036 1043 5107 ὀρθὸν
1076 5039 1205 5101 τοὺς
1233 5039 1601 5110 ἐμπροσθίους
1623 5040 1721 5092 πό-

135 5128 263 5191 δας,
291 5129 384 5180 καὶ
413 5129 540 5193 τοὺς
563 5131 798 5196 οίκείους
833 5130 1031 5202 ὄνυχας
1068 5131 1412 5201 ἑκατέρωθεν
1444 5135 1566 5196 ταῖς
1599 5133 1721 5186 δυσὶ

136 5221 313 5291 ψύαις
342 5221 623 5293 ὲμπείρειν
657 5222 753 5276 τοῦ
791 5221 1116 5292 ἀγωνιστοῦ,
1148 5223 1243 5276 καὶ
1275 5221 1350 5294 μὴ
1391 5223 1722 5291 ἀφίστασθαι

137 5313 279 5383 πρὶν
331 5312 429 5376 τὰς
484 5318 673 5384 χεῖρας
727 5314 976 5379 κατάξει.
1037 5314 1140 5367 Τὸν
1204 5314 1261 5367 δὲ
1315 5314 1451 5385 μηδὲ
1504 5314 1722 5368 πώποτε

141 5405 490 5475 ὑποχαλάσαι
542 5406 747 5470 ταύτας
805 5405 966 5478 ἄχρις
1017 5399 1079 5460 οὗ
1119 5405 1224 5476 ῖτάς
1271 5406 1523 5474 συνήθεις
1559 5406 1724 5476 εύχάς

143 5497 289 5568 ὲπλή
298 5515 461 5569 ρωσε.

1808 454 1954 508 niam
1985 463 2039 507 tu
2089 469 2301 508 mecum
2332 471 2391 510 es
2417 472 2430 519 ;
2468 465 2522 510 et
2551 458 2772 510 similia.

2339 568 2570 624 CAPUT
2624 570 2850 626 XCVIII.

1877 678 1933 733 In
1963 689 2205 751 tempore
2236 681 2610 751 hujuscemodi
2642 684 2999 739 tentationum
3033 693 3182 739 utere
3235 686 3379 740 brevi

1805 781 1862 826 et
1892 771 2102 828 intensa
2126 773 2391 828 oratione.

2370 886 2602 942 CAPUT
2633 887 2816 942 XCIX.

1880 995 1937 1049 Si
1971 996 2248 1053 daemones
2277 999 2680 1053 comminemur
2725 1001 2820 1054 tibi
2851 1016 2972 1056 sese
3000 1017 3064 1056 ex
3089 1001 3382 1070 improviso

1810 1090 2153 1158 apparituros
2182 1107 2248 1145 ex
2282 1105 2426 1156 aere,
2483 1101 2641 1163 teque
2669 1095 3173 1162 perterrefacluros,
3204 1105 3382 1150 tuam-

1809 1196 1916 1250 que
1944 1191 2179 1235 mentem
2214 1191 2486 1250 rapturos,
2512 1193 2624 1245 aut,
2657 1193 2912 1254 tanquam
2945 1194 3158 1240 atroces
3185 1187 3374 1240 bestia?

1810 1283 1958 1328 tuam
1986 1290 2202 1328 carnem
2247 1275 2509 1330 violenter
2537 1274 2927 1340 dilaniaturos,
3001 1292 3067 1330 ne
3105 1277 3252 1344 ipsos
3283 1293 3383 1345 pa-

1809 1382 1955 1431 veas,
1987 1381 2121 1420 neve
2154 1366 2424 1422 ullatenus
2455 1368 2666 1422 illorum
2685 1369 3164 1424 comminationem
3198 1387 3380 1435 cures;

1813 1458 2065 1526 injiciunt
2119 1459 2327 1528 quippe
2378 1469 2582 1513 metum
2633 1469 2898 1514 tentantes
2929 1471 3000 1526 te,
3052 1477 3118 1514 an
3159 1464 3383 1516 omnino

1811 1547 1942 1616 ipsis
1967 1551 2214 1602 attendas
2237 1589 2253 1613 ,
2285 1563 2353 1602 an
2383 1564 2478 1602 eos
2506 1549 3089 1619 totaliterdespexeris,
3115 1566 3180 1604 an
3205 1567 3384 1606 omm-

1810 1639 2014 1706 potenti
2044 1639 2170 1702 Deo,
2203 1650 2255 1692 et
2292 1639 2561 1705 Creatori,
2621 1642 2972 1711 omniumque
3028 1657 3206 1696 rerum
3261 1660 3386 1712 pro-

1741 1747 1782 1801 Β
1813 1729 2000 1796 visori,
2029 1730 2083 1783 in
2135 1729 2381 1784 oratione
2409 1731 2669 1786 astiteris.

2438 1845 2667 1900 CAPUT
2710 1847 2771 1902 (ἶ.

1879 1951 2018 2018 Quid
2057 1955 2229 2008 eidem
2261 1954 2372 2011 Deo
2406 1956 2478 2011 ita
2523 1957 2925 2012 inconsiderate
2969 1967 3138 2019 astas,
3175 1967 3232 2012 ut
3259 1957 3380 2027 ejus

1811 2042 2234 2112 insuperabilem
2285 2048 2543 2103 omittens
2602 2050 2871 2114 timorem,
2947 2059 3001 2104 et
3058 2049 3260 2104 culices
3333 2062 3388 2105 et

1810 2136 2098 2190 scarabeos
2130 2136 2524 2204 pertimescas?
2586 2139 2784 2192 Annon
2840 2139 3036 2193 audisti
3068 2140 3334 2194 dicentem
3361 2159 3372 2192 :

1818 2226 2161 2280 «Dominum
2196 2228 2365 2282 Deum
2430 2239 2582 2284 tuum
2631 2231 2844 2285 timebis
2866 2232 2932 2296 ⁸⁷,
2992 2249 3011 2282 ι
3051 2240 3104 2284 et
3157 2247 3382 2285 rursus:

1814 2334 1836 2367 ι
1875 2317 2047 2382 Quem
2109 2327 2379 2385 metuunt,
2439 2330 2495 2377 et
2552 2333 2788 2377 tremunt
2847 2337 2879 2377 a
2941 2321 3078 2376 facie
3132 2323 3387 2390 potentiae

1810 2409 1929 2479 ejus
1949 2410 2034 2464 δεῖ)
2071 2429 2089 2462 ι
2116 2420 2165 2465 et
2197 2413 2418 2483 reliqua.

2318 2524 2474 2594 501
2519 2524 2748 2580 CAPUT
2783 2525 2870 2580 Cl.

1885 2637 2039 2691 Sicut
2067 2640 2223 2708 panis
2253 2648 2336 2693 est
2359 2641 2681 2695 alimentum
2708 2640 2948 2709 corpori,
2973 2651 3028 2694 et
3061 2639 3232 2693 virtus
3256 2641 3376 2694 ani—

1813 2745 1937 2796 mae,
1975 2731 2049 2786 ita
2084 2741 2140 2786 et
2173 2731 2469 2788 intellectui
2529 2731 2831 2802 spiritualis
2872 2733 3050 2787 oratio
3086 2734 3392 2788 nutrimen-

1813 2830 1928 2877 tum
1961 2833 2061 2878 est.

2414 2938 2645 2994 CAPUT
2675 2939 2785 2995 CII.

1887 3052 1964 3107 Ne
1991 3054 2297 3124 pharisaice
2318 3095 2332 3118 ,
2369 3055 2462 3109 sed
2497 3070 2645 3109 more
2678 3055 2954 3123 publicani
2983 3070 3107 3110 ores
3146 3055 3199 3110 in
3231 3071 3389 3111 sacro

1815 3147 2080 3202 orationis
2110 3147 2250 3212 loco,
2280 3156 2339 3200 ut
2359 3147 2522 3202 etiam
2555 3157 2613 3201 tu
2640 3164 2670 3201 a
2698 3147 2930 3201 Domino
2965 3148 3304 3217 justiiiceris.

2407 3347 2634 3403 CAPUT
2661 3347 2795 3403 CIII.

1883 3436 2186 3503 Contende,
2229 3453 2338 3492 non
2369 3452 2525 3493 orare
2584 3439 2849 3492 adversus
2882 3438 3118 3507 aliquem
3178 3439 3231 3492 in
3291 3450 3383 3494 tua

1813 3528 2080 3594 oratione,
2116 3544 2183 3582 ne
2207 3529 2458 3584 destruas
2478 3543 2599 3597 quae
2626 3528 2886 3595 aedificas,
2909 3531 3205 3583 oralionem
3237 3540 3388 3585 tuam

1811 3621 2204 3676 exsecrandam
2240 3622 2537 3676 reddendo.

2398 3734 2630 3792 CAPUT
2657 3736 2797 3792 CIV.

1884 3827 2087 3884 Doceat
2134 3837 2186 3883 te
2230 3829 2322 3900 qui
2365 3829 2579 3884 debitor
2629 3842 2748 3885 erat
2787 3831 2972 3885 decem
3010 3832 3157 3886 mille
3215 3831 3383 3885 talen-

1816 3929 2019 3983 torum,
2061 3921 2207 3992 quod
2233 3921 2350 3978 nisi
2381 3922 2626 3976 dimittas
2691 3922 2948 3988 debitori,
3005 3939 3103 3979 nec
3141 3924 3255 3994 ipse
3304 3925 3387 3978 di-

1813 4013 2133 4068 missionem
2202 4015 2599 4084 consequeris;
2663 4015 2886 4070 tradidit
2941 4017 3109 4082 enim,
3189 4016 3386 4086 inquit,

1814 4104 1995 4176 ipsum
2045 4107 2343 4162 tortoribus
2377 4108 2446 4164 ⁸⁸.

2415 4218 2642 4276 CAPUT
2669 4219 2780 4274 CV.

1886 4309 2243 4368 Praetermitte
2266 4315 2510 4383 corporis
2542 4314 2921 4379 necessitates,
2961 4314 3090 4369 dum
3144 4315 3383 4369 orationi

1745 4437 1790 4495 Β
1820 4405 2060 4470 assistis,
2110 4421 2179 4461 ne
2213 4407 2483 4462 fodicatus
2513 4421 2544 4460 a
2578 4408 2776 4477 pulice,
2813 4417 2907 4461 aut
2940 4423 2970 4461 a
2999 4407 3264 4478 pediculo,
3306 4407 3392 4461 vel

1817 4497 1993 4552 culice
2026 4513 2122 4552 seu
2157 4511 2366 4563 musca,
2403 4497 2629 4552 maximi
2674 4499 2810 4554 lucri
2845 4507 2950 4553 tua:
2979 4499 3245 4552 orationis
3296 4499 3393 4551 de-

1815 4588 2134 4642 trimentum
2162 4587 2411 4659 patiaris.

2394 4675 2624 4732 CAPUT
2655 4675 2790 4731 CVI.

1886 4769 2138 4827 Pervenit
2167 4769 2235 4825 ad
2263 4783 2384 4835 nos,
2416 4785 2513 4825 seu
2543 4770 2609 4824 ad
2637 4786 2798 4825 aures
2833 4766 3073 4830 nostras,
3106 4769 3249 4839 quod
3275 4769 3396 4824 cui-

1818 4860 1944 4916 dam
1969 4868 2285 4916 sanctorum
2342 4861 2522 4914 oranti
2545 4861 2679 4916 adeo
2709 4861 2868 4931 502
2903 4861 3174 4930 malignus
3207 4859 3395 4914 obsta-

1821 4951 1937 5015 bat,
1974 4961 2053 5018 ut,
2077 4951 2242 5006 simul
2282 4965 2345 5006 ac
2371 4967 2569 5007 manus
2599 4953 2943 5018 extendebat,
2978 4952 3066 5005 illo
3103 4952 3154 5004 in
3183 4951 3394 5004 leonem

1821 5041 2325 5112 transﬁguraretur,
2369 5053 2424 5096 et
2452 5051 2599 5097 recta
2629 5057 2850 5097 sursum
2907 5043 3121 5111 erigens
3153 5041 3396 5093 anterio-

1823 5149 1913 5188 res
1957 5134 2143 5204 pedes,
2193 5133 2557 5202 propriosque
2618 5149 2828 5203 ungues
2878 5134 3138 5201 utrinque
3181 5132 3395 5185 duabus

1825 5223 1987 5280 malis
2017 5223 2307 5278 certatoris
2338 5223 2586 5292 inﬁgeret
2605 5264 2620 5287 ,
2647 5240 2823 5294 neque
2851 5225 3160 5284 desisteret,
3215 5223 3398 5292 prius—

1825 5332 1991 5387 quam
2040 5331 2235 5371 manus
2267 5315 2360 5371 ille
2389 5316 2706 5382 diduceret;
2753 5317 2870 5385 ipse
2932 5331 3064 5370 vero
3113 5331 3396 5384 nunquam

1822 5409 2085 5464 relaxavit
2114 5423 2230 5474 eas,
2262 5408 2436 5465 donec
2467 5424 2655 5493 preces
2711 5417 3002 5465 consuetas
3028 5406 3288 5478 explevit.

232 5680 278 5714 "’
303 5681 456 5737 Deut.
490 5697 545 5747 ι,
570 5681 663 5736 ‘20.
735 5681 783 5714 "
817 5679 951 5737 Joel.
981 5695 1042 5748 ti,
1078 5678 1185 5746 I0;
1217 5676 1450 5733 Nalium.
1503 5690 1542 5741 ι,
1573 5673 1627 5730 5.
1702 5679 1707 5705 ¹

1849 5676 1969 5731 Illh.
2005 5690 2159 5741 XVIII,
2183 5676 2269 5729 δι.
