3788 6224
415 294 543 360 1191

1011 392 1243 451 CAPUT
1271 388 1427 447 CVII.

481 510 871 584 llujuscemodi
905 508 1077 563 fuisse
1106 505 1360 560 novimus
1411 514 1559 563 eum,
1590 494 1687 567 qui
1716 495 1772 549 in
1831 492 1986 546 fovea

411 610 654 665 solitaria
687 606 869 675 quiete
904 601 1119 665 silebat,
1148 597 1413 651 Joannem
1451 592 1709 654 Parvum,
1741 586 1854 641 sive
1889 600 1991 654 po-

414 704 521 757 tius
553 711 925 770 praemagnum
959 691 1311 754 monachum,
1351 687 1445 755 qui
1484 699 1551 738 ex
1584 682 1679 736 Dei
1708 678 1989 735 consortio

410 795 616 850 mansit
646 793 928 850 immotus.
959 788 1206 841 daemone
1238 783 1293 836 in
1328 778 1513 850 specie
1563 773 1820 830 draconis
1879 771 1990 824 cir-

411 888 747 948 cumvoluto,
779 883 1008 952 ejusque
1036 892 1231 933 carnes
1260 872 1575 936 mandente,
1607 877 1662 923 et
1700 867 1754 921 in
1791 864 1987 919 faciem

411 982 533 1052 ejus
596 986 903 1034 eructante.

970 1082 1204 1142 CAPUT
1233 1078 1417 1138 CVIII.

483 1202 686 1273 Legisti
718 1198 945 1255 omnino
977 1204 1034 1251 et
1066 1195 1206 1250 vitas
1258 1191 1653 1247 monachorum
1700 1185 1991 1240 Tabenne-

413 1298 703 1358 siotarum,
744 1292 839 1345 ubi
869 1290 1093 1351 dicitur,
1132 1286 1277 1357 quod
1323 1285 1521 1339 abbate
1549 1280 1841 1335 Theodoro
1870 1292 1989 1331 ser-

412 1403 628 1444 monem
665 1385 733 1438 ad
773 1383 967 1437 fratres
996 1381 1254 1443 habente,
1293 1383 1558 1432 venerunt
1605 1374 1729 1427 duae
1790 1372 1993 1440 viperae

413 1481 518 1537 sub
537 1479 658 1548 ejus
691 1476 887 1546 pedes;
918 1475 1009 1528 ille
1046 1487 1175 1526 vero
1211 1469 1601 1539 imperturbate
1633 1480 1727 1519 eas
1754 1463 1833 1516 uti
1874 1461 1992 1515 for-

414 1570 594 1624 uicem
622 1568 849 1632 faciens,
891 1563 1133 1633 suscepit
1174 1560 1428 1623 interius,
1465 1558 1638 1611 donec
1682 1567 1991 1610 sermonem

411 1661 629 1715 locutus
678 1656 926 1728 perfecit,
980 1665 1217 1723 tuncque
1240 1652 1386 1721 ipsas
1416 1648 1678 1703 fratribus
1730 1644 1990 1707 ostendit,

410 1768 527 1807 rem
556 1764 857 1821 exponens.

991 1854 1223 1911 CAPUT
1252 1852 1389 1908 CIX.

484 1970 700 2026 Ilursus
726 1971 793 2024 de
830 1968 1002 2023 altero
1039 1968 1199 2021 Patre
1262 1964 1555 2035 spirituali,
1601 1979 1698 2019 seu
1739 1962 1993 2033 religioso

411 2063 664 2134 legimus,
699 2062 846 2132 quod
882 2070 1075 2115 orante
1124 2061 1241 2130 ipso
1291 2060 1478 2128 vipera
1542 2057 1807 2112 accedens
1872 2055 1993 2124 ejus

414 2156 594 2223 attigit
628 2154 815 2223 pedes,
845 2154 934 2208 ille
986 2168 1116 2207 vero
1150 2168 1258 2206 non
1305 2150 1459 2220 prius
1489 2149 1741 2219 deposuit
1768 2162 1988 2212 manus,

411 2262 699 2316 quousque
730 2254 1048 2299 consuetam
1088 2242 1316 2314 perfecit
1342 2241 1669 2306 orationem,
1701 2239 1860 2309 503
1904 2238 1991 2292 ni-

415 2337 604 2407 hilque
667 2351 864 2407 passus
909 2346 993 2391 est
1042 2351 1201 2390 noxze
1233 2334 1327 2405 qui
1371 2333 1563 2388 dilexit
1618 2331 1791 2387 Deum
1841 2330 1992 2402 plus-

411 2444 575 2499 quam
601 2429 868 2499 seipsum.
1340 2444 1341 2449 ‘

1007 2538 1233 2596 CAPUT
1275 2538 1387 2594 CX.

483 2657 543 2712 In
577 2658 825 2712 oratione
850 2666 942 2711 tua
976 2670 1077 2710 nec
1118 2656 1343 2718 elatum,
1395 2669 1498 2709 nec
1544 2654 1865 2709 distractum
1896 2652 1994 2708 ha-

412 2750 542 2806 beas
570 2750 770 2816 visum,
803 2759 859 2805 et
882 2749 1199 2820 abnegando
1225 2758 1372 2802 tuam
1396 2763 1614 2803 carnem
1653 2757 1707 2802 et
1728 2748 1991 2813 animam,

413 2844 536 2899 vive
558 2844 890 2899 mentaliter.

998 2952 1230 3010 CAPUT
1254 2953 1394 3009 CXI.

485 3072 656 3126 Alteri
686 3069 905 3125 cuidam
943 3077 1134 3124 sancto
1187 3068 1243 3123 in
1284 3069 1501 3125 deserta
1545 3070 1845 3125 solitudine
1895 3070 1991 3125 de-
2018 3076 2063 3135 α

416 3165 560 3236 genti
604 3162 919 3233 tranquille,
947 3162 1078 3216 dum
1141 3169 1345 3227 oraret,
1413 3160 1693 3218 daemones
1750 3170 1994 3218 astantes

416 3273 513 3328 per
549 3257 687 3312 duas
719 3254 1088 3310 hebdomadas
1120 3254 1240 3324 ipso
1281 3264 1541 3325 tanquam
1579 3256 1687 3324 pila
1738 3256 1997 3310 ludebant

414 3348 545 3402 etin
577 3362 699 3402 aera
727 3346 984 3416 jactando
1027 3345 1335 3412 vibrabant,
1362 3360 1487 3399 eum
1529 3346 1583 3399 in
1642 3355 1819 3401 storea
1871 3361 1997 3400 sus-

415 3440 697 3508 cipientes,
751 3437 1056 3492 nullatenus
1088 3446 1268 3492 tamen
1328 3446 1569 3492 mentem
1617 3438 1740 3508 ejus
1801 3453 1834 3492 a
1883 3437 1994 3493 fer-

416 3543 577 3589 vente
622 3532 870 3588 oratione
908 3530 1178 3585 deducere
1222 3538 1536 3600 potuerunt.

982 3641 1214 3699 CAPUT
1249 3641 1408 3699 CXII.

489 3759 701 3815 Rursus
725 3758 881 3814 alteri
912 3756 1083 3812 Deum
1116 3757 1320 3812 amanti
1374 3764 1429 3812 et
1488 3758 1754 3813 orationis
1808 3772 1995 3813 curam

418 3852 649 3923 gerenti,
684 3865 811 3906 cum
844 3865 942 3920 per
972 3850 1244 3905 desertam
1284 3850 1633 3907 solitudinem
1653 3850 1994 3919 graderetur,

427 3946 726 3999 astiterunt
759 3942 939 4013 angeli
969 3941 1099 4009 duo,
1138 3943 1416 4012 simulque
1445 3958 1569 3997 cum
1604 3945 1723 4013 ipso
1774 3943 1877 3998 iter
1920 3942 2003 3996 ΐο-

420 4038 646 4104 cientes,
675 4052 799 4091 eum
856 4038 907 4090 in
946 4036 1128 4091 medio
1148 4036 1508 4091 collocarunt.
1536 4036 1630 4090 Ille
1659 4050 1788 4091 vero
1822 4035 2000 4090 nulla-

424 4139 584 4184 tenus
614 4128 681 4183 iis
709 4127 962 4191 adhaesit,
996 4144 1087 4191 ne,
1120 4130 1265 4197 quod
1301 4128 1498 4184 melius
1528 4136 1666 4195 erat,
1705 4128 2001 4183 detrimen-

425 4230 541 4276 tum
583 4220 874 4289 acciperet.
908 4219 1226 4274 Meminerat
1254 4220 1456 4290 quippe
1506 4218 1795 4289 apostolici
1853 4217 2001 4273 eﬂ‘ati

425 4312 691 4367 dicentis:
722 4327 743 4361 ι
778 4308 891 4365 Nec
919 4310 1121 4383 angeli,
1169 4326 1346 4380 neque
1400 4311 1761 4380 principatus,
1827 4323 2003 4379 neque

1912 274 1973 337 ὃ.
1992 270 2157 332 NILI

2022 385 2071 438 Δ

3533 264 3671 328 1192

2687 377 2942 431 ΚΕΦΑΛ.
2982 378 3100 430 ΡΖ¹.

2158 492 2412 547 Τοιοῦτον
2458 491 2706 562 ἔγνωμεν
2755 492 3057 559 γεγονέναι,
3090 491 3185 544 καὶ
3232 490 3325 544 τὸν
3379 491 3439 542 ἐν
3483 490 3669 560 λάκκῳ

2085 585 2437 655 ἡσυχάσαντα
2471 584 2726 653 Ἰωάννην
2755 583 2848 635 τὸν
2877 583 3108 653 Μικρὸν,
3147 584 3267 653 ήτοι
3314 582 3667 652 ὑπερμεγέθη

2092 674 2347 745 μοναχὸν,
2373 674 2432 735 ὃς
2465 673 2726 744 ἀκίνητος
2758 672 2976 742 ἔμεινεν
3018 674 3083 725 ὲκ
3109 672 3211 741 τῆς
3248 671 3345 724 τοῦ
3372 671 3514 723 Θεοῦ
3550 689 3669 723 συν-

2088 765 2300 827 ουσίας,
2324 764 2417 816 τοῦ
2445 763 2700 833 δαίμονος
2729 765 2786 815 ὲν
2808 764 2939 815 εῖδει
2960 764 3252 833 δράκοντος
3280 761 3671 833 περιειλιχθέν·

2087 875 2199 921 τος,
2261 859 2356 911 καὶ
2419 856 2766 927 μασσομένου
2828 856 2993 910 αὑτοῦ
3038 858 3139 919 τὰς
3168 857 3406 928 σάρκας,
3456 858 3553 908 καὶ
3595 856 3668 926 τῷ

2092 948 2369 1021 προσώπῳ
2394 947 2561 1001 αὑτοῦ
2588 948 3047 1019 ὲπερευγομένου.

2686 1062 2913 1116 ΚΕΦΑΛ
2926 1104 2939 1115 .
2973 1064 3100 1118 ΡΗ’.

2174 1177 2439 1244 Ἀνέγνως
2464 1177 2684 1240 πάντως
2711 1178 2805 1229 καὶ
2829 1178 2957 1240 τοὺς
2988 1179 3133 1246 βίους
3162 1178 3273 1232 τῶν
3292 1176 3667 1247 Ταδεννησιω-

2089 1268 2197 1321 τῶν
2229 1269 2501 1338 μοναχῶν,
2533 1269 2675 1323 καθά
2702 1286 2887 1341 φησιν,
2933 1270 3016 1322 ὅτι
3047 1269 3354 1333 Λαλοῦντος
3393 1270 3493 1323 τοῦ
3517 1271 3669 1338 ξαϐὗᾶ

2090 1364 2248 1432 λόγον
2284 1368 2398 1428 τοῖς
2427 1365 2701 1434 ἀδελφοῖς,
2735 1360 2902 1435 ἦλθον
2935 1364 3029 1416 δύο
3048 1364 3256 1433 ἔχιδναι
3283 1364 3390 1417 ὑπὸ
3418 1365 3548 1428 τοὺς
3576 1366 3667 1417 πός

2090 1457 2188 1520 δας
2238 1455 2405 1510 αὑτοῦ
2432 1474 2445 1487 ·
2497 1458 2527 1510 ὁ
2589 1457 2648 1510 δὲ
2693 1456 2984 1527 ἀταράχως
3045 1459 3279 1525 ποιήσας
3336 1458 3513 1520 αὐτὰς
3542 1457 3668 1509 ὡσεὶ

2092 1550 2371 1619 καμάραν,
2408 1549 2678 1603 ὑπέλαϐεν
2740 1549 2912 1612 αὐτὰς
2961 1548 3193 1611 ἔνδοθεν,
3235 1550 3343 1611 ἕως
3394 1548 3670 1602 ἐπαύσατο

2092 1639 2269 1694 λαλῶν
2314 1642 2406 1694 τὸν
2456 1641 2634 1710 λόγον,
2686 1642 2782 1694 καὶ
2827 1642 2950 1694 τότε
3002 1643 3173 1704 αὑτὰς
3214 1641 3513 1696 ὑπεδείκνυ
3563 1644 3669 1703 τοῖς

2015 1724 2063 1783 Β
2087 1731 2355 1801 ἀδελφοῖς,
2385 1731 2747 1803 ἐξηγούμενος
2771 1731 2832 1784 τὸ
2860 1734 3092 1802 πρᾶγμα

2701 1844 2955 1898 ΚΕΦΔΛ,
2984 1844 3106 1899 ΡΘ¹.

2161 1958 2297 2029 Περὶ
2337 1957 2525 2029 ἐτέρου
2570 1956 2734 2011 πάλιν
2785 1957 3100 2026 ἀνέγνωμεν
3152 1959 3556 2027 πνευματικοῦ,
3592 1961 3671 2012 ὅτι

2090 2051 2530 2121 προσευχομένου
2560 2048 2745 2115 αὐτοῦ,
2773 2048 2953 2119 ἔχιδνα
2984 2049 3233 2114 ἐλθοῦσα,
3266 2050 3563 2121 καθήψατο
3583 2053 3670 2103 τοῦ

2091 2145 2251 2207 ποδὸς
2277 2143 2465 2198 αὐτοῦ·
2496 2143 2525 2195 ὁ
2553 2143 2610 2197 δὲ
2656 2144 2719 2196 οὐ
2752 2146 3017 2215 πρότερον
3057 2144 3267 2215 καθῆκε
3314 2145 3417 2208 τὰς
3465 2148 3669 2214 χεῖρας,

2092 2236 2251 2307 ἄχρις
2302 2231 2362 2291 οὗ
2413 2235 2514 2306 τὴν
2553 2234 2756 2306 συνήθη
2810 2234 3121 2299 ἐξετέλεσεν
3166 2236 3356 2307 εὐχὴν,
3393 2237 3493 2289 καὶ
3526 2236 3673 2289 οὐδὲν

2092 2327 2297 2399 ἐϐλάϐη
2332 2329 2362 2380 ὁ
2398 2329 2695 2397 ἀγαπήσας
2720 2327 2812 2380 τὸν
2846 2327 2978 2381 Θεὸν
3000 2328 3143 2399 ὑπὲρ
3167 2329 3387 2381 ἑαυτόν.

2692 2527 2948 2583 ΚΕΦΑΛ.
2994 2530 3099 2583 PI'.

2178 2645 2607 2717 Ἀμετεώριστον
2635 2645 2790 2716 ὄμμα
2817 2645 2908 2717 ἔχε
2950 2647 3007 2701 ὲν
3036 2648 3103 2717 τῇ
3132 2648 3414 2717 προσευχῇ
3450 2663 3547 2699 σου
3584 2647 3674 2699 καὶ

2092 2737 2478 2809 ἀρνησάμενός
2520 2755 2614 2791 σου
2650 2737 2752 2809 τὴν
2791 2739 2992 2807 σάρκα,
3023 2739 3117 2791 καὶ
3156 2737 3258 2808 τὴν
3296 2737 3507 2808 ψυχὴν,
3540 2735 3675 2789 κατὰ

2094 2830 2218 2884 νοῦν
2240 2830 2380 2899 ζῆθι.

2659 2941 2915 2997 ΚΕΦΑΑ.
2956 2936 3105 2993 PIA'.

2179 3053 2381 3123 Ἐτέρῳ
2431 3052 2538 3106 τινὶ
2589 3052 2819 3115 εὐτόνως
2866 3050 3144 3121 εὐχομένω
3188 3050 3330 3121 ἁγίῳ
3382 3050 3443 3103 ὲν
3488 3052 3674 3122 ἐρήμῳ

2097 3142 2445 3214 ἡσυχάζοντι,
2479 3141 2732 3213 δαίμονες
2757 3143 3079 3206 ἐπιστάντες
3100 3142 3193 3194 ἐπὶ
3223 3140 3319 3193 δύο
3351 3140 3671 3210 ὲὸδομάδας,

2096 3233 2289 3288 τοῦτον
2349 3233 2688 3306 ἑσφαὶριζον,
2744 3235 2840 3288 καὶ
2888 3234 3167 3287 ὲτίνασσον
3224 3236 3304 3297 εἰς
3359 3233 3456 3287 τὸν
3522 3233 3671 3304 ἀέρα,

2096 3329 2380 3399 δεχόμενοι
2437 3327 2603 3381 αὑτὸν
2646 3327 2707 3381 ἐν
2751 3326 2829 3399 τῷ
2872 3326 3095 3398 euang,
3131 3327 3223 3380 καὶ
3268 3326 3510 3390 οὖδόλως
3541 3329 3674 3396 ἰσχυ-

2099 3438 2198 3474 σαν
2224 3421 2485 3488 κατάγειν
2516 3420 2608 3473 τὸν
2642 3419 2768 3473 νοῦν
2804 3418 2970 3473 αὐτοῦ
3000 3421 3065 3472 ὲκ
3089 3418 3192 3489 τῆς
3221 3419 3480 3490 ἐμπύρου
3511 3436 3672 3491 προσ-

2097 3513 2286 3584 ευχῆς.

2677 3628 2931 3682 ΚΕΦΑΛ.
2960 3627 3107 3681 PIB'.

2170 3743 2350 3813 Ἀλλῳ
2400 3743 2561 3796 πάλιν
2612 3743 2845 3815 φιλοθέῳ
2919 3746 3013 3799 καὶ
3063 3746 3373 3816 προσευχῆς
3423 3747 3673 3816 πρόνοιαν

2099 3837 2428 3906 ποιουμένῳ,
2460 3838 2517 3889 ὲν
2548 3836 2740 3907 ἐρήμῳ
2771 3836 3062 3907 βαδίζοντι,
3114 3838 3332 3907 ἄγγελοι
3369 3839 3675 3910 ἐπέστησαν

2097 3930 2211 3995 δύο,
2240 3931 2335 3984 καὶ
2355 3929 2623 4000 ὲμέσαζον
2655 3931 2817 3985 αὑτὸν
2844 3931 3349 4003 συνοδοιποροῦντες
3370 3934 3545 4003 αὐτῷ·
3570 3936 3599 3986 ὁ
3622 3933 3674 3985 δὲ

2098 4021 2328 4085 οὐδόλως
2359 4021 2569 4086 τούτοις
2607 4024 2917 4093 προσεῖχεν,
2949 4022 3035 4076 ἴνα
3083 4024 3159 4093 μὴ
3198 4022 3258 4076 τὸ
3288 4026 3541 4093 κρεῖττον
3581 4024 3673 4091 ζη-

2103 4113 2303 4186 μιωθῇ.
2343 4113 2751 4184 Ἐμνημόνευσε
2801 4114 2909 4185 γάρ
2956 4114 3052 4167 τοῦ
3102 4114 3471 4169 ἀποστολικοῦ
3515 4113 3672 4186 ῥητοῦ

2099 4184 2193 4256 τοῦ
2250 4184 2581 4273 φάσκοντος·
2622 4223 2642 4255 ι
2670 4202 2808 4259 Οὔτε
2839 4184 3084 4272 ἄγγελοι,
3144 4203 3270 4257 οὔτε
3308 4184 3526 4276 ἀρχαὶ(
3556 4184 3670 4257 οὔτε

2101 4292 2358 4362 δυνάμεις
2386 4291 2704 4361 δυνήσονται
2737 4295 2883 4364 ἡμᾶς
2926 4294 3159 4365 χωρίσαι
3193 4294 3304 4348 ἀπὸ
3328 4296 3430 4364 τῆς
3460 4296 3670 4363 ἀγάπης

429 4410 723 4468 potestates
754 4382 1013 4472 poterunt
1060 4417 1161 4457 nos
1197 4417 1458 4472 separare
1487 4418 1518 4456 a
1546 4402 1816 4459 charitate
1837 4400 1998 4457 Chri-

2152 4382 2199 4437 δῦ
2238 4382 2502 4455 Χριστοῦ.
2531 4402 2551 4435 ι

428 4493 496 4548 sti
521 4494 589 4549 ”.
626 4511 647 4547 ι

987 4603 1220 4660 CAPUT
1254 4605 1439 4667 CXIII.

501 4717 724 4788 Angelis
758 4717 985 4788 aequalis
1021 4718 1080 4773 tit
1106 4721 1411 4775 monachus
1444 4735 1544 4791 per
1586 4735 1770 4775 veram
1801 4719 2009 4775 oratio-

431 4825 577 4865 nem.

907 4922 1069 4996 sol.
1093 4884 1323 4980 CAPUT
1379 4923 1565 4979 cxw.

502 5035 744 5108 Cupiens
780 5036 967 5093 videre
996 5037 1191 5093 faciem
1229 5037 1429 5103 Patris,
1468 5040 1561 5110 qui
1594 5040 1647 5094 in
1708 5041 1861 5095 ccelis
1899 5047 2006 5103 est,

434 5127 587 5181 nullo
614 5127 778 5183 modo
806 5130 1031 5185 studeas
1069 5130 1311 5200 aliquam
1336 5131 1587 5202 excipere
1616 5133 1847 5189 formam
1870 5140 2008 5188 tem-

434 5234 569 5289 pore
604 5220 891 5276 orationis.

1005 5335 1231 5391 CAPUT
1260 5337 1421 5397 CXV.

506 5448 585 5503 Ne
619 5448 894 5506 desideres
924 5451 1180 5522 Angelos,
1216 5462 1310 5509 aut
1352 5454 1675 5522 Potestates,
1710 5468 1803 5511 aut
1852 5457 2009 5512 Chri-

437 5549 581 5594 stum
613 5542 944 5598 sensibiliter
974 5545 1177 5613 videre,
1204 5562 1272 5602 ne
1296 5562 1520 5617 prorsus
1555 5565 1742 5605 amens
1784 5549 2005 5614 evadas,

506 5716 552 5748 ”
602 5714 761 5770 Rom.
794 5732 913 5783 vm,
952 5720 1041 5775 58.

2680 4611 2934 4665 ΚΕΦᾹΛ.
2964 4609 3115 4665 PII".

2189 4722 2497 4792 ’ἰσάγγελος
2528 4724 2740 4793 γίνεται
2774 4723 3006 4795 μοναχδς
3027 4722 3117 4778 διὰ
3144 4722 3245 4793 τῆς
3268 4722 3507 4795 ἀληθοῦς
3526 4741 3670 4795 προσ-

2107 4817 2295 4888 ευχῆς.

2686 4932 2940 4986 ΚΕΦΑΔ.
2975 4931 3119 4987 ΡΙΔ’.

2198 5046 2508 5101 Ἐπιποθῶν
2566 5046 2699 5100 ἰδεῖν
2745 5046 2806 5099 τὸ
2852 5047 3149 5118 πρόσωπον
3200 5046 3297 5101 τοῦ
3336 5048 3550 5114 Πατρὸς
3590 5046 3672 5100 τοῦ

2113 5141 2172 5193 ὲν
2203 5140 2473 5209 οὐρανοῖς,
2510 5137 2586 5209 μὴ
2617 5138 2765 5209 ζήτει
2802 5138 3081 5203 παντελῶς
3131 5141 3372 5212 μορφὴν,
3417 5140 3450 5211 ἢ
3506 5144 3675 5211 σχῆμα

2113 5229 2365 5300 δέχεσθαι
2386 5231 2445 5282 ὲν
2471 5228 2551 5298 τῷ
2569 5228 2671 5297 τῆς
2692 5230 2999 5299 προσευχῆς
3028 5229 3207 5301 καιρῷ
3222 5246 3239 5261 ·

2686 5341 2939 5396 ΚΕΦᾹΛ.
2975 5341 3123 5397 PIE'.

2187 5455 2276 5525 Μὴ
2316 5455 2471 5510 πόθει
2517 5457 2782 5525 ἀγγέλους
2817 5456 2965 5520 ἰδεῖν,
3014 5457 3046 5527 ἧ
3077 5440 3357 5529 δυνάμεις,
3395 5458 3427 5530 ἦ
3461 5459 3681 5530 Χριστὸν

2120 5545 2412 5616 αἰσθητῶς,
2440 5546 2526 5598 ἵνα
2561 5546 2638 5617 μὴ
2672 5546 2853 5600 τέλεον
2884 5546 3195 5617 φρενιτικὸς
3222 5547 3555 5619 γένῃ,λύκον
3573 5549 3677 5602 ἀντι
