3788 6224
151 235 284 301 1193
1500 223 1598 284 DE
1623 218 1647 283 (

1886 219 2026 280 )NE.
3244 202 3382 271 1194

148 349 399 421 ποιμένος
430 346 718 417 δεχόμενος
742 343 839 398 καὶ
868 341 1188 414 προσκυνῶν
1220 342 1332 405 τοῖς
1354 338 1567 411 ἐχθροῖς
1593 338 1644 391 δα

1884 349 2001 404 pum
2032 332 2151 387 vice
2182 329 2413 400 pastoris
2444 326 2739 397 excipiens,
2766 332 2821 380 et
2875 324 3056 379 hostes
3108 322 3380 381 daemones

153 428 324 515 μασιν.

1818 425 2029 479 adores.

702 550 954 604 ΚΕΦΑΛ.
986 544 1153 615 Ptq'.
1540 622 1543 623 ν

1540 622 1543 623 ν
2372 530 2600 589 CAPUT
2646 530 2827 587 CXVI.

225 664 395 735 Ἀρχὴ
430 663 663 733 πλάνης,
694 660 787 715 νοῦ
821 659 1119 725 κενοδοξία,
1155 658 1214 723 ἐξ
1248 651 1314 729 ἧς
1336 654 1654 725 κινούμενος
1684 657 1714 707 6

1885 644 2217 714 Principium
2240 643 2445 698 erroris
2476 642 2675 698 mentis
2699 649 2783 697 est
2804 655 2945 696 vana
2974 639 3167 711 gloria,
3200 654 3233 693 a
3273 652 3381 707 qua

145 733 629 829 νοῦςςὲννσχήματι
659 756 754 809 καὶ
790 757 1027 826 μορφαῖς
1060 752 1420 823 περιγράφειν
1455 750 1641 819 πειρᾶίι

1884 740 2004 793 dem
2038 753 2193 794 mens
2218 748 2510 803 commota,
2541 735 2988 793 circumscribere
3032 742 3203 789 tentat
3244 733 3380 789 divi-

146 852 203 904 τὸ
232 851 407 905 Θείον.

1817 832 2041 886 nitatem
2088 832 2146 887 in
2183 831 2366 901 specie
2394 840 2557 900 atque
2600 828 2808 885 formis.

713 960 964 1014 ΚΕΦΑΛ.
998 960 1142 1013 PIZ'.

2358 942 2587 998 CAPUT
2628 941 2833 998 CXVII.

221 1073 363 1143 Ἐγὼ
390 1074 451 1127 τὸ
476 1073 627 1144 ἐμὸν,
653 1072 812 1127 τοῦτο
845 1071 954 1142 ἐρῶ
984 1072 1013 1125 ὃ
1047 1071 1141 1125 καὶ
1171 1072 1451 1141 νεωτέροις
1489 1072 1709 1142 εῐρηκα·

1887 1058 2001 1129 Ego
2024 1074 2203 1114 meum
2236 1058 2337 1113 hoc
2367 1060 2561 1124 dicam,
2592 1057 2737 1129 quod
2768 1067 2823 1113 et
2868 1057 3176 1127 junioribus
3231 1056 3381 1112 dixi:

143 1169 422 1238 Μακάριος
443 1169 471 1221 6
492 1167 633 1230 νοῦς,
663 1166 720 1230 ὃς
757 1165 897 1219 κατὰ
931 1166 1023 1219 τὸν
1045 1165 1234 1236 καιρὸν
1263 1166 1364 1235 τῆς
1405 1181 1639 1236 προσευχ

1892 1160 1979 1206 ata
2011 1168 2186 1218 mens,
2237 1167 2358 1223 quae
2389 1151 2653 1207 orationis
2694 1159 2937 1222 tempore
2958 1150 3253 1222 perfectam
3272 1147 3388 1207 for-

142 1260 352 1313 τελείαν
380 1259 661 1331 ἀμορφίαν
687 1257 975 1329 ἐκτήσατο.

1817 1261 2031 1300 marum
2058 1246 2297 1316 possedit
2326 1246 2669 1301 vacuitatem.

702 1372 954 1424 ΚΕΦΑΛ.
987 1368 1143 1425 PIH'.

2359 1357 2587 1416 CAPUT
2608 1356 2839 1415 CXVIII.

206 1485 495 1556 Μακάριός
543 1485 693 1538 ἐστιν
738 1487 766 1537 6
814 1484 958 1549 νοῦς,
1000 1484 1060 1547 ὃς
1104 1482 1529 1554 ἀπερισπάστως
1558 1484 1702 1554 εὐχό-

1890 1472 2051 1529 Beata
2094 1488 2269 1539 mens,
2326 1490 2448 1544 quae
2494 1475 2613 1529 sine
2664 1474 2775 1530 ulla
2823 1487 2989 1529 orans
3027 1472 3386 1529 distractione

145 1595 319 1647 μενος,
369 1578 589 1631 πλείονα
649 1577 812 1630 πόθον
860 1578 946 1631 ἀεὶ
992 1578 1130 1647 πρὸς
1174 1577 1306 1631 Θεὸν
1356 1577 1641 1649 προσλαμθ

1637 1577 1713 1632 ῑά.
1816 1580 2031 1635 semper
2065 1565 2186 1635 plus
2213 1565 2471 1620 desiderii
2523 1565 2755 1636 percipit
2779 1580 2910 1636 erga
2940 1563 3133 1619 Deum.

144 1687 241 1723 νει.
1359 1686 1374 1699 ⁸

711 1784 961 1839 ΚΕΦΑΛ.
1000 1786 1148 1842 ΡΙΘ¹.
1744 1701 1788 1755 Β

1744 1701 1788 1755 Β
2372 1766 2603 1823 CAPUT
2634 1765 2821 1823 CXIX.

206 1893 492 1964 Μακάριός
544 1895 694 1949 ἐστιν
742 1896 772 1949 6
819 1896 1018 1961 νοῦς,ὁ
1054 1897 1197 1952 κατὰ
1239 1898 1331 1953 τὸν
1376 1897 1568 1971 καιρὸν
1613 1900 1702 1970 τῆς

1897 1884 2047 1940 Beata
2077 1899 2252 1951 mens,
2278 1900 2401 1955 quae
2437 1884 2584 1939 circa
2629 1892 2843 1953 tempus
2886 1878 3152 1937 orationis
3200 1878 3393 1935 imma-

143 1987 447 2057 προσευχῆς
476 1986 638 2050 ἄῦλος
667 1988 761 2042 καὶ
784 1992 1048 2060 ἀκτήμων
1088 1991 1321 2060 γίνεται.

1003 2008 1048 2043 ιν
1088 1991 1321 2060 γίνεται,
1812 1976 2018 2033 terialis
2039 1983 2096 2034 et
2117 1976 2273 2047 inops
2300 1975 2499 2031 evadit.

710 2104 963 2159 ΚΕΦΑΛ.
1005 2105 1138 2159 ΡΚ’.

2295 2089 2455 2160 505
2488 2086 2718 2144 CAPUT
2749 2087 2911 2144 cxx.

206 2216 493 2288 Μακάριος
537 2217 688 2270 ἐστιν
732 2217 761 2268 6
807 2216 952 2281 νοῦς,
992 2220 1020 2271 6
1064 2216 1205 2291 κατὰ
1243 2217 1336 2272 τὸν
1381 2217 1574 2289 καιρὸν
1612 2218 1702 2290 τῆς

1902 2208 2047 2264 3eata
2088 2223 2274 2274 mens,
2328 2224 2451 2279 quae
2504 2207 2772 2263 orationis
2814 2214 3058 2277 tempore
3103 2201 3398 2276 perfectam

145 2305 448 2376 προσευχῆς
468 2305 685 2359 τελείαν
719 2305 1083 2377 ἀναισθησίαν
1121 2307 1489 2379 κτησάμενος.

1121 2307 1489 2379 κτησάμενος.
1814 2299 2056 2368 possidet
2087 2298 2582 2354 insensibilitatem.

687 2422 941 2477 ΚΕΦᾹΛ.
981 2424 1158 2477 PKA'.

2379 2413 2608 2468 CAPUT
2642 2412 2829 2469 CXXI.

209 2535 498 2607 Μακάριός
533 2538 649 2589 ἐστι
680 2537 932 2608 μοναχὸς,
963 2540 992 2592 6
1017 2538 1235 2593 πάντων
1266 2538 1557 2611 περίψημα
1589 2540 1705 2593 ἐαυ-

1910 2530 2082 2586 Beatus
2098 2529 2417 2596 monachus,
2448 2528 2540 2598 qui
2562 2527 2802 2598 seipsum
2833 2527 3078 2582 omnium
3100 2540 3406 2598 pertpsema

143 2627 233 2681 τὸν
256 2627 634 2699 λογιζόμενος.

554 2646 634 2693 ος.
1816 2631 2046 2693 reputat.

694 2747 945 2802 ΚΕΦΑΛ.
987 2747 1165 2803 ΡΚΒ’.

2367 2732 2595 2791 CAPUT
2636 2732 2843 2790 CXXII.

211 2856 503 2932 Μακάριός
534 2861 649 2913 ἐστι
690 2861 944 2931 μοναχδς,
978 2862 1006 2914 6
1039 2861 1258 2914 πάντων
1291 2859 1389 2932 τὴν
1420 2860 1707 2930 σωτηρίαν,

1904 2850 2085 2905 Beatus
2133 2848 2460 2915 monachus,
2518 2847 2611 2917 qui
2670 2847 2902 2902 salutem
2943 2852 3000 2899 et
3050 2857 3400 2914 progressum

147 2950 240 3001 καὶ
278 2952 587 3023 προκοπὴν,
618 2952 694 3016 ὡς
723 2952 930 3007 οἰκείαν
968 2954 1111 3006 κατὰ
1142 2953 1325 3015 πάσης
1355 2954 1530 3024 χαρᾶς
1553 2952 1643 3024 ὁρᾶ

1911 2945 2060 2999 nium
2092 2958 2217 2999 cum
2255 2941 2407 2999 omni
2454 2940 2673 3012 gaudio,
2705 2955 2801 2997 scu
2834 2938 3192 2995 libentissime
3241 2935 3407 2991 videt.

705 3067 955 3119 ΚΕΦΑΛ.
995 3064 1171 3121 PKI".
1753 3049 1794 3108 C

1753 3049 1794 3108 C
2365 3055 2595 3112 CAPUT
2627 3054 2862 3111 CXXIII.

215 3164 507 3248 Μακάριός
539 3180 656 3232 ἐστι
697 3181 951 3250 μοναχὸς,
982 3182 1010 3234 6
1047 3182 1254 3245 πάντας
1294 3181 1619 3252 ἀνθρώπους
1648 3180 1711 3249 ὡς

1917 3174 2097 3229 3eatus
2126 3172 2449 3234 monachus,
2478 3172 2573 3242 qui
2604 3180 2729 3243 post
2750 3171 2920 3227 Deum
2944 3184 3137 3227 omnes
3163 3167 3413 3224 homines

151 3270 278 3324 Θεὸν
311 3271 455 3342 μετὰ
478 3272 612 3325 Θεὸν
646 3272 1020 3343 λογιζόμενος.

1826 3276 2085 3338 tanquam
2123 3266 2291 3321 Deum
2324 3275 2538 3336 reputat

702 3386 958 3441 ΚΕΦΑΛ.
1000 3388 1092 3441 PK
1101 3388 1177 3441 A'.

2377 3380 2607 3437 CAPUT
2634 3379 2866 3435 CXXIV.

218 3500 471 3569 Μοναχός
519 3502 690 3570 ἐστιν,
722 3504 752 3556 ὁ
795 3502 1015 3558 πάντων
1062 3504 1391 3577 χωρισθεὶς,
1442 3507 1539 3560 καὶ
1595 3507 1714 3560 πᾶσι

1922 3496 2197 3551 donachus
2223 3504 2325 3563 est,
2356 3497 2447 3565 qui
2476 3496 2544 3549 ab
2581 3495 2838 3550 omnibus
2861 3503 3143 3565 separatus
3167 3502 3271 3561 est,
3295 3508 3418 3553 om:

156 3592 625 3664 συνηρμοσμένος.

1829 3591 2102 3661 nibusque
2122 3597 2245 3661 apte
2274 3588 2735 3644 accommodatus.

700 3712 956 3767 ΚΕΦΔΛ.
996 3715 1173 3769 ΡΚΕ’.

2390 3700 2620 3756 CAPUT
2649 3700 2858 3755 CXXV.

224 3821 478 3893 Μοναχός
507 3824 678 3890 ἐστιν,
710 3824 738 3877 6
771 3825 963 3878 ἑαυτὸν
995 3827 1137 3895 μετὰ
1170 3826 1390 3880 πάντων
1428 3824 1720 3898 ἡγούμενος

1922 3818 2198 3875 rIonachus
2237 3826 2339 3883 est,
2391 3818 2485 3887 qui
2542 3817 2781 3887 seipsum
2828 3832 2952 3872 cum
3000 3818 3254 3872 omnibus
3296 3830 3418 3872 esse

158 3908 242 3966 ἅά
299 3912 365 3965 τὸ
427 3912 489 3965 ὲν
548 3913 766 3981 ἑκάστῳ
816 3914 1012 3968 ἑαυτὸν
1069 3915 1498 3986 ἀπαραλεὶπτως
1557 3917 1652 3969 δοκ

1925 3912 2131 3972 stimat,
2173 3924 2236 3963 co
2286 3909 2431 3978 quod
2478 3908 2535 3963 in
2586 3913 2918 3979 unoquoque
2975 3909 3077 3965 sibi
3116 3924 3177 3965 se
3218 3909 3418 3980 jugiter

160 4002 306 4073 ιμᾷν.

1832 4004 2018 4059 videre
2048 4003 2311 4057 videatur.

704 4120 959 4173 ΚΕΦΑΛ.
1001 4121 1191 4187 PKQ".

2377 4114 2605 4170 CAPUT
2635 4115 2866 4170 CXXVI.

230 4223 406 4296 Οὗτος
434 4232 747 4305 προσευχὴν
784 4234 1057 4299 ἐπιτελεῖ,
1087 4235 1116 4286 6
1141 4233 1231 4286 ἀεὶ
1267 4232 1366 4303 τὴν
1397 4231 1726 4305 πρωτόνοιαν

1931 4247 1957 4286 s
2002 4229 2305 4286 orationem
2362 4231 2601 4301 perlicit,
2650 4232 2742 4301 qui
2806 4247 3019 4303 semper
3068 4233 3268 4290 mentis
3309 4250 3422 4290 sua:

163 4322 363 4377 ἑαυτοῦ
395 4325 578 4378 πᾶσαν
600 4323 972 4394 καρποφορῶν
1001 4323 1078 4393 τῷ
1111 4321 1251 4394 Θεῷ.

1766 4393 1790 4396 Α
1836 4324 2108 4396 primitias
2140 4324 2316 4379 instar
2337 4323 2547 4380 fructus
2579 4323 2737 4379 offert
2761 4325 2887 4379 Deo.

713 4440 966 4493 ΚΕΦΑΛ.
1008 4439 1181 4492 ΡΚΖ’.
1763 4393 1817 4455 D
1838 4393 1857 4396 —

1763 4393 1817 4455 θ
1838 4393 1857 4396 _
2280 4435 2441 4508 503
2472 4436 2703 4495 CAPUT
2733 4437 2992 4498 cxxvu.

233 4554 353 4608 Πᾶν
379 4553 576 4624 ψεῦδος
596 4593 612 4623 ,
644 4555 739 4607 καὶ
778 4553 961 4607 πάντα
985 4554 1148 4624 ὅρκον
1178 4553 1503 4625 περιίστασο
1533 4552 1609 4617 ὡς
1643 4569 1729 4623 μο-

1929 4550 2089 4606 Dmne
2142 4552 2506 4618 mendacium,
2544 4563 2597 4607 et
2644 4568 2804 4609 omne
2846 4555 3234 4626 jusjurandum
3280 4557 3425 4614 evita

167 4653 350 4725 ναχὸς,
381 4654 476 4707 καὶ
498 4652 899 4725 προσεύξασθαι
932 4652 1137 4715 ποθῶν,
1170 4652 1219 4705 εί
1244 4652 1301 4705 δὲ
1337 4652 1503 4722 μήγε,
1528 4652 1609 4714 είς
1634 4668 1663 4722 μ

1928 4644 2002 4697 uti
2051 4644 2372 4709 monachus,
2407 4645 2613 4715 quique
2659 4661 2820 4702 orare
2856 4659 3142 4720 peroptas;
3182 4650 3424 4721 alioquin

167 4761 264 4818 την
293 4745 658 4817 σχηματίζεις
681 4746 740 4799 τὸ
767 4745 1056 4798 ἀνοίκειον.

1843 4735 2046 4792 frustra
2079 4737 2314 4791 alienum
2355 4737 2582 4808 efﬁngis.

715 4878 969 4934 ΚΕΦΑΛ.
1009 4878 1191 4931 ΡΚΗ’.

2367 4870 2597 4928 CAPUT
2625 4871 2897 4929 CXXVIII.

240 4994 307 5051 Εἰ
336 4996 611 5067 πνεύματι
636 4993 1041 5067 προσεύχεσθαι
1074 4991 1283 5063 βούλει,
1307 4990 1473 5062 μηδὲν
1503 4989 1736 5061 ἁνιμήσῃ

1933 4981 1976 5037 Si
2003 4983 2197 5052 spiritu
2223 4984 2356 5039 velis
2378 4999 2558 5051 orare,
2582 4986 2718 5041 nihil
2742 4987 2963 5044 haurias
2978 5003 3008 5043 a
3034 5004 3219 5056 carne,
3242 4989 3429 5059 sicque

174 5087 279 5143 ἀπὸ
326 5088 525 5159 σαρκὸς
574 5088 669 5140 καὶ
700 5086 797 5155 οὐχ
831 5084 975 5148 ἕξεις
1014 5083 1176 5151 νέφος
1207 5080 1527 5137 ἀντικοτοῦν
1563 5096 1646 5133 σοι

1934 5092 1956 5129 [ι
1984 5075 2209 5131 habebis
2238 5076 2491 5132 nebulam
2528 5078 2624 5132 tibi
2659 5088 2902 5150 tempore
2938 5080 3201 5137 orationis
3230 5082 3430 5138 adver-

175 5182 250 5256 τῷ
276 5182 455 5254 καιρῷ
480 5185 579 5254 τῆς
613 5178 947 5251 προσευχῆς.

613 5178 947 5251 προσευχῆς.
1847 5175 2076 5224 samem.

715 5315 971 5370 ΚΕΦΑΛ.
1012 5312 1188 5367 PKQ’.

2385 5303 2616 5360 CAPUT
2649 5303 2884 5362 CXXIX.

258 5432 658 5506 Ἐμπίστευσον
696 5429 775 5499 τῷ
820 5427 939 5499 Θεῷ
970 5428 1073 5496 τὴν
1116 5422 1307 5497 χρείαν
1344 5422 1438 5477 τοῦ
1470 5420 1747 5494 σώματος,

1935 5420 2209 5476 Committe
2236 5420 2409 5476 fidens
2440 5419 2551 5476 Deo
2590 5422 2837 5491 corporis
2882 5433 3197 5494 egestatem,
3242 5424 3431 5496 sicque

183 5526 276 5579 καὶ
322 5525 478 5597 δῆλος
529 5523 627 5594 ἔσῃ
676 5524 773 5577 καὶ
816 5520 916 5593 τὴν
960 5519 1055 5573 τοῦ
1118 5516 1431 5590 πνεύματος
1477 5514 1679 5570 πιστεύ

1933 5512 2175 5570 ιηὶΐοειιιε
2201 5513 2331 5581 eris,
2379 5513 2523 5584 quod
2555 5522 2609 5570 et
2637 5513 2782 5569 illam
2811 5515 3037 5585 spiritus
3067 5516 3171 5585 ipsi
3199 5531 3429 5574 concre-

183 5615 342 5687 αὐτῷ.

1854 5605 1958 5663 dis.

463 5735 737 5795 ι’Δτιιοι..
780 5729 897 5792 Gn.
925 5726 1189 5791 LXXIX.

3002 5719 3073 5783 38
