3788 6224
361 253 496 319 1195
1234 354 1239 355 7
1268 352 1271 355 Α

910 357 1136 415 CAPUT
1175 354 1385 413 CXXX.

431 478 487 531 Si
539 474 928 545 promissiones
985 484 1316 527 consecutus
1392 468 1594 531 fueris,
1649 466 1931 536 regnabis;

358 572 425 626 ad
450 585 542 625 eas
581 570 743 639 igitur
778 567 1099 637 respiciens,
1143 567 1379 621 suaviter
1411 570 1728 632 praesentem
1752 570 1936 629 porta-

360 663 443 719 bis
473 644 862 732 paupertatem.

402 766 407 785 ‘
895 768 1122 824 CAPUT
1156 767 1393 822 CXXXI.

427 885 505 941 Ne
552 876 770 940 recuses
820 890 1217 951 paupertatem,
1271 889 1325 931 et
1354 877 1784 940 tribulationem,
1818 890 1939 944 quae

359 985 488 1034 sunt
516 975 757 1031 materim
796 972 1018 1026 minime
1050 974 1232 1040 gravis
1257 971 1544 1024 orationis.

890 1084 1114 1139 CAPUT
1143 1082 1402 1138 CXXXII.

426 1204 713 1272 Corporeze
729 1202 955 1253 virtutes
967 1199 1075 1252 sint
1092 1197 1188 1250 tibi
1212 1197 1437 1251 comites
1454 1198 1517 1249 ad
1536 1211 1647 1259 eas,
1664 1211 1785 1265 quae
1814 1204 1942 1250 sunt

360 1297 574 1353 animae.
610 1308 794 1361 eaeque
829 1292 1025 1345 anima:
1051 1289 1116 1342 ad
1141 1289 1469 1357 spirituales,
1491 1296 1545 1341 et
1583 1288 1713 1357 ipsae
1742 1287 1808 1342 ad
1836 1288 1942 1343 im-

359 1388 689 1444 materialcm
722 1394 884 1454 atque
909 1380 1252 1438 essentialem
1310 1383 1694 1452 cognitionem.

766 1500 927 1570 507
956 1497 1186 1554 CAPUT
1212 1496 1497 1552 CXXXIII.

432 1617 510 1681 Si,
564 1612 792 1674 orando,
847 1612 1002 1666 facile
1076 1611 1431 1678 cogitationes
1494 1611 1939 1680 interqtticscant,

1855 242 1913 304 S-
1952 238 2116 305 NILI

1964 367 2013 416 Δ

3466 232 3610 308 H96

2609 353 2857 410 ΚΕΦΔΛ.
2898 348 3022 408 PA'.

2123 465 2247 519 Ἐὰν
2304 463 2562 536 ἐπιτεύξῃ
2614 466 2723 520 τῶν
2778 467 3156 536 ἐπαγγελιῶν,
3219 466 3607 537 βασιλεύσεις,

2036 556 2231 610 οὐκοῦν
2274 555 2413 625 πρὸς
2451 556 2626 609 ταῦτα
2669 557 3032 623 ἀποϐλέπων,
3073 558 3243 628 ήδέως
3285 559 3458 620 οῐσεις
3508 556 3614 629 τὴν

2037 646 2320 705 παροῦσαν
2353 648 2566 701 πενίαν.

2580 763 2829 819 ΚΕΦΑΛ.
2870 764 3043 819 PAA'.

2111 873 2202 944 Μὴ
2248 873 2520 942 παραιτοῦ
2568 876 2759 929 πενίαν
2799 878 2892 930 καὶ
2937 876 3136 947 θλῖψιν,
3188 880 3287 943 τὰς
3337 881 3473 944 ῦλας
3514 881 3614 951 τῆς

2040 962 2280 1036 ἀϐαροῦς
2310 967 2637 1037 προσευχῆς.

2586 1080 2835 1133 ΚΕΦΑΛ.
2877 1080 3045 1133 ΡΛΒ⁹.

2123 1194 2576 1265 Ὀμηρευέτωσάν
2640 1215 2721 1249 σοι
2776 1198 2831 1249 αἱ
2875 1196 3187 1265 σωματικαὶ
3237 1198 3437 1267 ἀρεταὶ
3478 1199 3615 1270 πρὸς

2040 1285 2139 1348 τὰς
2162 1287 2399 1357 ψυχικὰς
2419 1329 2433 1352 ,
2457 1290 2552 1341 καὶ
2580 1291 2635 1343 aI
2658 1290 2890 1359 ψυχικαὶ
2914 1290 3048 1358 πρὸς
3080 1289 3177 1352 τὰς
3208 1294 3612 1361 πνευματικὰς.
3641 1333 3650 1339 -

2044 1374 2154 1429 Καὶ
2183 1370 2344 1429 αῦται
2375 1377 2513 1446 πρὸς
2544 1378 2645 1447 τὴν
2671 1378 2833 1431 ἄῦλον
2865 1379 3090 1446 γνῶσιν.

2600 1492 2827 1544 ΚΕΦΑΛ
2839 1534 2854 1546 .
2894 1494 3062 1545 ΡΔΓ¹.

2114 1602 2312 1655 Σκόπει
2345 1604 2744 1674 κατευχόμενος
2784 1604 3082 1675 λογισμῶν,
3110 1607 3160 1659 εἰ
3194 1606 3399 1678 ῥᾳδίως
3433 1606 3617 1678 λωφή-

360 1705 565 1772 tlispice
598 1700 741 1753 unde
772 1700 823 1753 id
856 1701 968 1762 fiat,
1004 1714 1073 1752 ne
1102 1700 1329 1752 latenter
1360 1698 1585 1767 patiaris
1612 1696 1862 1759 insidias,
1894 1704 1937 1749 el

2112 1711 2191 1747 ιεν
2215 1736 2229 1759 ,
2266 1696 2386 1749 ὅθεν
2419 1695 2577 1749 τοῦτο
2605 1697 2796 1765 γέγονε
2816 1738 2832 1762 ,
2869 1698 2946 1770 μὴ
2979 1697 3276 1770 ἑγκρυμμα
3304 1701 3490 1771 πάθῃς
3526 1702 3617 1754 καὶ

361 1800 551 1839 errans
581 1783 813 1852 teipsum
841 1782 1121 1835 divendas.

878 1888 1107 1947 CAPUT
1147 1886 1420 1943 CXXXIV.

430 2001 830 2071 Nonnunquam
870 2002 1142 2055 daemones
1193 2000 1289 2052 tibi
1320 2006 1616 2068 suggerunt
1654 1994 1946 2061 cogitatio-

360 2111 488 2161 nes,
542 2109 847 2163 rursusque
902 2101 954 2147 te
992 2100 1320 2162 provocant.
1378 2100 1437 2143 ut
1497 2088 1751 2142 videlicet
1821 2102 1945 2139 ores

362 2190 623 2245 adversus
649 2202 768 2253 eos,
817 2196 909 2240 aut
950 2186 1081 2255 ipsis
1114 2184 1477 2245 contradicas,
1523 2194 1684 2251 atque
1712 2180 1945 2234 libenter

362 2277 642 2342 secedunt,
674 2284 755 2340 ut,
814 2275 1104 2343 deceptus,
1155 2272 1435 2341 existimes
1470 2270 1535 2325 de
1567 2271 1761 2339 teipso,
1799 2268 1944 2337 quod

364 2365 613 2436 ‘ncepisti
659 2362 1016 2433 cogitationes
1061 2360 1366 2421 devincere,
1408 2374 1471 2411 ac
1509 2359 1781 2411 daemones
1822 2370 1944 2423 per-

362 2459 705 2514 terrel'acere.

886 2569 1114 2627 CAPUT
1143 2568 1405 2625 CXXXV.

433 2692 491 2747 Si
530 2705 653 2747 ores
694 2690 955 2743 adversus
999 2685 1331 2756 passionem,
1373 2691 1468 2736 aut
1499 2680 1824 2745 daemonem,
1848 2682 1942 2750 qui

365 2796 417 2841 te
460 2784 739 2855 perturbat
776 2796 840 2835 ac
869 2788 1044 2840 vexat,
1082 2790 1353 2833 memento
1384 2774 1616 2830 dicentis
1647 2790 1661 2827 :
1696 2792 1715 2825 ι
1750 2772 1944 2828 Perse-

364 2893 501 2947 quar
543 2875 796 2929 inimicos
827 2885 999 2933 meos,
1040 2877 1093 2923 et
1121 2866 1574 2936 comprehendam
1607 2880 1723 2930 eos,
1751 2873 1805 2919 et
1832 2878 1944 2918 non

2046 1786 2339 1856 πλανηθεὶς
2370 1787 2585 1858 ἀποδῷς
2620 1790 2869 1842 σεαυτόν.

2598 1903 2848 1956 ΚΕΦΑΛ.
2890 1904 3056 1959 ΡΛΔ’.

2122 2011 2308 2065 Ἔστιν
2352 2012 2439 2065 ὅτε
2494 2014 2543 2065 οἱ
2594 2013 2851 2083 δαίμονες
2906 2015 3274 2070 ὑποϐάλλουσί
3332 2033 3417 2069 σοι
3475 2017 3623 2085 λογι-

2048 2103 2236 2170 σμοὺς,
2268 2104 2364 2155 καὶ
2392 2104 2554 2156 πάλιν
2589 2105 2892 2174 ὲρεθίζουσί
2925 2124 2985 2160 σε
3014 2106 3175 2177 δῆθεν
3208 2107 3621 2179 προσεύξασθαι

2044 2192 2166 2245 κατ’
2196 2193 2377 2246 αὐτῶν
2398 2234 2413 2258 ,
2447 2194 2479 2264 ἢ
2514 2196 2789 2263 ἀντιλέξαι
2820 2198 3005 2262 αὐτοῖς
3048 2199 3143 2252 καὶ
3182 2199 3453 2262 ἑκουσίως
3488 2200 3623 2253 ὐπο-

2044 2285 2348 2356 χωροῦσιν,
2401 2286 2488 2340 ἵνα
2537 2289 2877 2360 ἀπατηθεὶς,
2926 2290 3117 2363 οἰηθῇς
3166 2293 3295 2362 περὶ
3348 2292 3621 2357 σεαυτοῦ,

2042 2378 2125 2429 ὅτι
2169 2377 2320 2448 ἤρξω
2360 2382 2518 2450 νικᾷν
2564 2383 2689 2446 τοὺς
2732 2382 3058 2453 λογισμοὺς,
3104 2383 3202 2438 καὶ
3255 2384 3447 2454 φοϐεῖν
3494 2385 3625 2448 τοὺς

2045 2468 2329 2537 δαίμονας.

2599 2588 2850 2642 ΚΕΦΑΛ.
2891 2589 3059 2645 ΡΛΕ’.

2116 2697 2403 2769 Προσευχὴ
2432 2698 2575 2752 κατὰ
2605 2690 2834 2765 πάθους.
2869 2702 2902 2773 ἢ
2934 2704 3187 2774 δαίμονος
3216 2709 3625 2779 παρενοχλοῦνο

2043 2789 2135 2852 τός
2166 2806 2283 2853 σοι,
2331 2790 2580 2861 μέμνησο
2609 2791 2702 2845 τοῦ
2736 2792 3014 2862 λέγοντος*
3062 2815 3080 2847 ι
3119 2798 3461 2864 Καταδιώξω
3495 2801 3624 2865 τοὺς

2044 2882 2274 2953 ἐχθρούς
2306 2901 2409 2952 μου
2442 2886 2537 2938 καὶ
2566 2886 2956 2959 καταλήψομαι
2986 2890 3209 2957 αὐτοὺς,
3238 2894 3335 2947 καὶ
3362 2895 3466 2949 οὐκ
3497 2897 3626 2951 ἀπο-

363 2974 653 3022 convertar
686 2963 859 3016 donec
904 2958 1191 3023 deﬁciant,
1224 2966 1279 3010 et
1302 2964 1581 3025 conteram
1617 2956 1798 3024 ipsos,
1846 2969 1937 3010 nec

2119 2974 2431 3043 ραερήσομαι
2467 2975 2573 3040 ἕως
2613 2978 2678 3031 ἂν
2724 2956 3072 3048 ἐκλείπωσιν,
3109 2983 3351 3054 ἐκθλίψω
3397 2986 3622 3053 αὐτοὺς,

364 3066 619 3131 poterunt
671 3065 833 3117 stare,
884 3052 1079 3107 cadent
1128 3049 1321 3104 subtus
1357 3047 1520 3118 pedes
1556 3048 1803 3112 meos“;
1842 3064 1860 3097 ι
1894 3055 1937 3102 el

2111 3066 2143 3116 ιὶ
2174 3067 2232 3116 ού
2274 3065 2350 3135 μὴ
2380 3066 2642 3122 δύνωνται
2670 3069 2879 3140 στῆναι,
2912 3075 3205 3127 πεσοῦνται
3232 3076 3337 3130 ὑπὸ
3369 3079 3502 3143 τοὺς
3528 3080 3625 3133 πό-

364 3152 592 3221 reliqua.
623 3147 732 3203 Ista
756 3145 1070 3214 tempestive
1094 3143 1259 3208 dices,
1284 3154 1336 3198 te
1359 3140 1662 3196 humilitate
1688 3139 1948 3195 armando

365 3254 553 3300 contra
582 3240 941 3295 adversarios.

884 3438 1111 3496 CAPUT
1146 3436 1432 3494 CXXXVI.

438 3560 517 3617 Ne
556 3569 713 3631 putes
750 3559 921 3613 fuisse
949 3563 1318 3626 comparatam
1354 3554 1631 3618 virtutem,
1663 3550 1769 3605 nisi
1800 3548 1950 3619 prius

368 3669 541 3725 usque
587 3654 654 3707 ad
708 3650 1027 3721 sanguinem
1061 3663 1160 3718 pro
1196 3648 1312 3716 ipsa
1344 3646 1486 3699 velut
1524 3646 1576 3697 in
1625 3643 1741 3698 acie
1772 3651 1950 3697 certa-

366 3746 511 3802 veris
550 3763 564 3799 :
606 3753 820 3814 oportet
877 3741 1022 3796 enim
1073 3754 1245 3807 usque
1293 3738 1361 3791 ad
1412 3746 1642 3790 mortem
1690 3735 1951 3789 adversus

367 3849 647 3908 peceatum
687 3834 1007 3905 pugnaciter
1040 3831 1375 3895 consistere;
1418 3840 1473 3883 et
1500 3826 1951 3897 irreprehensibi-

368 3935 512 3998 liter,
550 3932 849 3988 secundum
878 3927 1121 3983 divinum
1165 3924 1570 3995 Apostolum”.

774 4061 937 4131 508
962 4056 1194 4113 CAPUT
1228 4055 1534 4111 CXXXVII.

441 4180 495 4234 Si
533 4180 767 4247 aliquem
798 4172 1102 4242 adiuvabis,
1136 4172 1346 4226 Iaederis
1380 4171 1447 4224 ab
1475 4173 1667 4236 altero,
1702 4179 1761 4224 ut
1798 4186 1953 4226 acce-

368 4283 457 4344 pta
513 4271 712 4342 injuria
756 4267 948 4334 cedas,
999 4274 1094 4320 aut
1150 4264 1351 4334 aliquid
1400 4262 1569 4317 facias
1621 4264 1950 4328 absurdum,

2048 3154 2141 3217 δας
2172 3172 2295 3224 μου,
2330 3175 2349 3207 ι
2387 3158 2484 3210 καὶ
2517 3159 2587 3213 τὰ
2616 3160 2764 3230 ἑξῆς.
2808 3162 2994 3218 Ταῦτα
3034 3165 3092 3219 δὲ
3142 3167 3420 3239 εὐκαίρως
3450 3170 3627 3237 λέξεις

2048 3249 2518 3322 ταπεινοφροσύνῃ
2566 3253 2760 3306 ἑαυτὸν
2817 3256 3052 3320 ὁπλίζων
3112 3258 3258 3312 κατὰ
3306 3260 3421 3315 τῶν
3481 3265 3629 3317 ἀντι-

2052 3340 2261 3394 πάλων.

2596 3458 2845 3514 ΚΕΦΑΛ.
2888 3462 3076 3530 PAq'.

2120 3566 2213 3632 Μὴ
2249 3566 2437 3635 νόμιζε
2478 3570 2775 3641 κεκτῆσθαι
2820 3573 3042 3646 ἀρετὴν,
3092 3577 3168 3646 μὴ
3213 3578 3489 3650 πρότερον
3523 3583 3624 3646 ἕως

2051 3657 2285 3728 αἵματος
2318 3659 2458 3731 ὑπὲρ
2488 3661 2657 3731 αὐτῆς
2687 3667 3172 3738 παραταξάμενος,
3193 3670 3294 3723 δεῖ·
3323 3673 3437 3743 γὰρ
3465 3675 3628 3746 μέχρι

2052 3748 2283 3802 θανάτου
2322 3753 2779 3808 ἀντικαθίσασθαι
2828 3757 2966 3828 πρὸς
2997 3760 3098 3830 τὴν
3134 3762 3445 3834 ἁμαρτίαν,
3482 3767 3628 3835 ἀγω-

2052 3842 2307 3904 νιστικῶς
2332 3882 2347 3905 ,
2395 3845 2490 3896 καὶ
2532 3845 2883 3919 ἀνεγκλήτως
2932 3851 3076 3904 κατὰ
3122 3853 3213 3906 τὸν
3270 3852 3417 3908 θεῖον
3466 3845 3629 3912 Ἀπό-

2055 3947 2240 3983 στολον
2249 3973 2261 3985 .

2615 4074 2839 4126 ΚΕΦΑΛ
2850 4114 2864 4127 .
2909 4073 3074 4132 PAZ'.

2137 4184 2263 4237 Ἐὰν
2309 4184 2598 4259 ὡφελὴσῃς
2631 4188 2787 4252 τινὰ,
2833 4188 3079 4260 βλαϐήσῃ
3127 4190 3219 4257 ὑφ’
3274 4193 3505 4263 ἑτέρου,
3544 4198 3627 4253 ἵνα

2053 4272 2408 4343 ἀδικούμενος
2443 4276 2597 4347 είκῃς
2620 4315 2635 4340 ,
2672 4277 2705 4347 ἢ
2740 4276 2947 4350 δράσῃς
2972 4296 3025 4331 τι
3057 4280 3280 4344 ἄτοπον,
3326 4285 3422 4336 καὶ
3468 4302 3628 4357 σκορ-

377 4370 625 4435 tnaleque
671 4362 905 4430 dissipes
941 4374 1062 4429 quae
1091 4358 1229 4411 bene
1257 4357 1636 4425 congregasti;
1677 4357 1764 4411 hic
1801 4358 1937 4411 enim

2111 4364 2219 4433 ζσῃς
2265 4364 2455 4426 κακῶς
2485 4405 2499 4429 ,
2563 4366 2598 4419 ἃ
2646 4368 2830 4430 καλῶς
2885 4369 3213 4438 συνήγαγες.
3259 4372 3476 4438 Σκοπὸς
3524 4377 3625 4447 γάρ

370 4462 730 4529 malignorum
749 4468 947 4525 scopus
960 4460 1044 4507 est
1058 4449 1387 4505 daemonum.
1413 4447 1534 4503 Ideo
1556 4449 1945 4504 attendendum

371 4552 728 4609 considerate.

863 4681 1089 4738 CAPUT
1128 4680 1457 4737 CXXXVIII.

436 4804 753 4873 lngruentes
818 4798 1125 4853 dmmonum
1170 4798 1404 4864 impetus
1454 4803 1726 4864 exspecta,
1763 4810 1947 4848 curam

368 4896 629 4951 adhibens
656 4890 927 4961 quomodo
953 4889 1021 4943 ab
1066 4889 1311 4957 ipsorum
1347 4888 1605 4941 servitute
1636 4885 1875 4941 recedas.

884 5022 1111 5079 CAPUT
1138 5020 1424 5077 CXXXIX.

438 5144 610 5201 Noctu
664 5139 881 5210 quidem
940 5136 1161 5190 turbare
1214 5149 1312 5204 per
1367 5150 1426 5188 se
1482 5134 1629 5203 ipsos
1688 5145 1949 5207 expetunt

2053 4457 2209 4509 τοῦτο
2237 4456 2345 4509 τῶν
2379 4460 2637 4529 πονηρῶν
2671 4460 2963 4531 δαιμόνων·
3015 4462 3097 4516 διὸ
3137 4467 3479 4535 προσεκτέον
3505 4486 3624 4523 νον-

2055 4566 2244 4618 νεχως.

2607 4687 2855 4740 ΚΕΦΑΛ.
2872 4693 2876 4696 ⁴
2896 4688 3071 4742 ΡΛΗ¹.

2136 4799 2341 4871 ὐρμὰς
2380 4800 2648 4871 δαιμόνων
2686 4802 3020 4871 ὲπαχθείσας
3062 4802 3287 4875 ἐκδέχου
3321 4809 3623 4879 φροντίζων

2055 4888 2169 4953 πῶς
2197 4893 2439 4961 ἀποστῇς
2460 4892 2558 4961 τῆς
2582 4892 2830 4956 δουλείας
2858 4895 3060 4948 αὐτῶν.

2618 5031 2868 5085 ΚΕΦΑΛ.
2910 5032 3080 5086 PAG’.

2124 5138 2359 5209 Νύκτωρ
2416 5140 2514 5209 μὲν
2559 5140 2851 5211 ταράττειν
2915 5141 2983 5195 δι’
3027 5144 3239 5198 ἑαυτῶν
3290 5146 3623 5210 ἐξαιτοῦνται

372 5239 641 5293 Ᾰςῐειηοιιθε
672 5229 1011 5302 spiritualem
1047 5228 1394 5298 magistrum,
1437 5225 1675 5282 interdiu
1706 5243 1834 5283 vero
1860 5244 1937 5298 pet

2111 5250 2139 5285 ν
2192 5232 2565 5301 πνευματικὸν
2608 5232 2929 5287 διδάσκαλον
2959 5236 3009 5289 oI
3036 5236 3315 5308 δαίμονες.
3351 5241 3466 5295 Καὶ
3508 5242 3623 5311 μεθ’

374 5330 618 5384 nomines
636 5324 893 5395 periculis
920 5332 972 5377 et
992 5320 1301 5386 calumniis,
1325 5333 1391 5373 ac
1414 5318 1773 5375 seditionibus
1794 5320 1942 5374 illum

375 5418 729 5476 :ircumdant.

440 5621 487 5655 “
514 5618 661 5674 Psal.
687 5635 823 5686 xvxt,
860 5623 949 5688 38,
986 5622 1075 5678 39.
1151 5622 1195 5655 "
1231 5620 1247 5674 I
1287 5620 1433 5678 Tim.
1465 5638 1539 5691 vt,
1595 5620 1685 5678 12.

2055 5321 2269 5392 ἡμέραν
2313 5321 2380 5375 δι’
2420 5321 2728 5395 ἀνθρώπων
2774 5325 3157 5397 περιστάσεσι,
3210 5330 3307 5383 καὶ
3357 5348 3624 5402 συκοφαν-

2060 5414 2224 5480 τίαις,
2259 5415 2355 5469 καὶ
2389 5409 2659 5481 κινδύνοις
2685 5415 2875 5472 τοῦτον
2895 5418 3310 5490 περιϐάλλουσι.
