3788 6224
119 271 263 337 1197

188 498 288 575 Μὴ
328 502 597 576 παραιτοῦ
643 504 768 567 τοὺς
811 505 1066 572 κναφεῖςο
1094 504 1143 556 εί
1174 502 1282 573 γὰρ
1316 500 1409 555 καὶ
1439 498 1701 554 τύπτουσι

119 594 449 659 πατοῦντες,
481 596 575 649 καὶ
605 596 874 659 τείνοντες
908 594 1172 660 ξαίνουσι,
1201 592 1338 647 ἀλλά
1372 609 1435 660 γε
1460 590 1548 645 διὰ
1576 589 1702 644 τού-

118 708 231 745 των
256 688 493 761 λαμπρά
516 691 552 761 ἠ
588 688 842 758 αἴσθησίς
870 705 963 740 σου
992 687 1222 755 γίνεται.

677 824 928 879 ΚΕΦΑΛ.
971 825 1151 877 ΡΜΑ’.

208 939 331 1009 Ἐφ’
360 940 485 993 ὅσον
512 938 612 992 οὐκ
643 939 902 1004 ἀπετὰξω
930 940 1047 1003 τοῖς
1082 936 1333 1003 πάθεσιν,
1371 936 1485 991 ἀλλ’
1515 938 1544 991 ὀ
1576 935 1702 999 νοῦς

122 1049 222 1085 σου
257 1030 603 1086 ἐναντιοῦται
632 1035 699 1103 τῇ
728 1033 931 1103 ἀρετῇ,
961 1032 1058 1085 κα)⁸
1088 1033 1152 1102 τῇ
1182 1029 1443 1102 ἀληθείᾳ,
1483 1030 1583 1101 οὐχ
1613 1026 1704 1083 εύ-

126 1124 323 1195 ρήσεις
348 1122 551 1187 εὐῶδες
577 1122 827 1193 θυμίαμα
859 1124 917 1176 ἐν
943 1122 1018 1193 τῷ
1046 1118 1384 1193 κόλπῳ,σου.

683 1255 933 1309 ΚΕΦᾹΛ.
974 1256 1153 1310 ΡΜΒ’.

194 1365 617 1438 Προσεύξασθαι
651 1366 868 1431 ποθεῖς;
903 1366 1180 1436 μεταστὰς
1219 1365 1329 1418 τῶν
1368 1364 1602 1428 ἐνθένδε,
1641 1365 1705 1418 τὸ

1478 266 1579 329 DE
1610 264 2017 328 ORATIONE.

691 391 941 444 ΚΕΦΑΛ.
974 384 1115 445 PM'.
1722 392 1775 446 Α

3236 262 3373 327 1198

2381 376 2609 433 CAPUT
2638 377 2792 434 CXL.

1870 491 1948 548 Ne
1979 504 2206 561 respuas
2238 488 2504 553 fullones;
2534 491 2735 546 etenim
2769 489 2814 545 si
2834 490 3219 547 conculcantes
3250 492 3375 562 pul-

1801 592 1944 650 sent,
1982 592 2037 639 et
2064 582 2452 638 contendentes
2505 583 2837 649 carminent;
2876 592 3113 639 attamen
3147 599 3244 655 per
3275 586 3379 642 ista

1803 690 2001 733 sensus
2032 685 2163 731 tuus
2184 674 2498 745 splendidus
2521 674 2719 729 evadit.

2370 806 2599 862 CAPUT
2625 806 2801 862 CXLI.

1873 921 2123 988 Quandiu
2168 937 2275 976 non
2315 921 2715 977 renuntiaveris
2758 921 3127 992 passionibus,
3162 922 3258 979 sed
3293 931 3382 978 tua

1804 1030 1958 1070 mens
1996 1014 2181 1070 virtuti
2225 1016 2575 1078 adversetur,
2629 1024 2684 1069 et
2735 1015 2981 1080 veritati,
3042 1030 3384 1087 nequaquam

1806 1107 2053 1164 invenies
2081 1107 2374 1163 beneolens
2404 1108 2457 1161 in
2498 1108 2619 1163 sinu
2657 1117 2748 1162 tuo
2785 1106 3177 1163 suffimentum.

2263 1242 2425 1315 509
2458 1241 2687 1298 CAPUT
2724 1242 2928 1297 CXLII.

1875 1361 2043 1431 (lupis
2092 1359 2282 1416 orare?
2313 1359 2691 1415 transferendo
2739 1371 2791 1413 te
2836 1359 2982 1422 hinc,
3018 1357 3390 1414 conversatio-

124 1459 460 1529 πολίτευμα,
512 1458 602 1529 ἔχε
644 1459 703 1510 ὲν
745 1457 995 1529 οὐρανοῖς
1033 1457 1121 1510 διὰ
1167 1455 1408 1523 παντὸς,
1453 1457 1515 1510 οὐ
1560 1456 1705 1527 λόγῳ

1879 1471 1928 1509 m
1955 1455 2159 1525 jugiter
2184 1454 2239 1508 in
2270 1454 2426 1509 oculis
2470 1453 2628 1517 habe,
2675 1466 2783 1506 non
2812 1450 2962 1506 nudo
2989 1451 3157 1506 verbo
3183 1450 3392 1522 simpli-

126 1550 319 1614 ἀπλῶς
373 1548 549 1621 ψιλῷ,
605 1549 743 1602 ἀλλά
801 1549 1000 1620 πράξει
1052 1548 1318 1621 ἁγγελικῇ
1370 1551 1465 1603 καὶ
1504 1548 1704 1617 γνώσει

126 1644 405 1715 θειοτέρα.

681 1774 931 1831 ΚΕΦΑΛ.
973 1779 1074 1832 ΡΜ
1080 1778 1156 1834 Γ⁹.

201 1891 266 1943 Εἰ
316 1890 481 1960 μόνον
520 1890 852 1962 δυσπραγῶν
901 1890 1262 1960 μνημονεύεις
1311 1888 1407 1942 τοῦ
1461 1889 1705 1960 Κριτοῦ,

127 1981 204 2044 ὡς
236 1981 492 2051 φοϐερὸς,
523 1982 618 2035 καὶ
645 1980 943 2044 ἀδέκαστος
977 1982 1213 2051 ὑπάρχει
1232 2020 1247 2043 ,
1277 1979 1492 2033 ούδέπω
1527 1980 1709 2049 μεμά-

132 2074 311 2144 θηκας
341 2073 618 2129 δουλεύειν
661 2075 854 2146 Κυρίῳ
896 2075 955 2128 ὲν
994 2073 1176 2144 φόϐῳ,
1212 2072 1308 2126 καὶ
1352 2070 1711 2141 ἀγαλλιᾶσθαι

130 2165 285 2238 αὐτῷ
318 2169 376 2221 ὲν
402 2166 614 2240 τρόμῳ.
650 2166 790 2222 Ἰσθι
815 2167 961 2237 γὰρ,
1001 2166 1083 2219 ὅτι
1128 2165 1230 2219 κάν
1261 2166 1382 2227 ταῖς
1407 2181 1710 2233 πνευματι-

130 2262 261 2324 καῖς
293 2259 553 2323 ἀνέσεσι,
608 2260 705 2313 καὶ
730 2259 986 2331 εὐωχίαις,
1033 2258 1235 2329 μᾶλλον
1279 2258 1394 2328 μετ’
1424 2256 1713 2319 εὐλαϐείας

131 2353 233 2408 καὶ
265 2352 451 2417 αἰδοῦς
480 2353 562 2407 δεῖ
589 2351 875 2425 λατρεύειν
903 2352 1070 2423 αὐτῷ.

686 2488 938 2541 ΚΕΦΑΛ.
983 2487 1160 2541 ΡΜΔ’.

218 2601 590 2672 Ἐπιγνώμων
618 2600 758 2671 ἀνὴρ
780 2639 798 2665 ,
842 2602 870 2653 ὁ
916 2600 993 2672 μὴ
1037 2600 1146 2672 πρὸ
1171 2602 1271 2671 τῆς
1301 2600 1516 2663 τελείας
1552 2617 1716 2670 μετα-

132 2695 295 2759 νοίαις
319 2696 692 2766 ἀνασχόμενος
722 2695 820 2764 τῆς
846 2692 1082 2747 ὲλλύπου
1130 2693 1321 2763 μνείας
1356 2693 1467 2747 τῶν
1497 2693 1716 2748 οἰκείων

134 2786 593 2859 ἁμαρτημάτων,
623 2787 715 2839 καὶ
743 2786 842 2856 τῆς
874 2785 935 2838 ὲν
972 2784 1108 2852 πυρὶ
1140 2784 1345 2855 αἰωνίῳ
1384 2783 1575 2854 δίκης,
1614 2785 1716 2855 τῆς

136 2882 355 2936 τούτων
392 2880 758 2951 εἰσπράξεως.

694 2999 947 3066 ΚΕΦΔΛ.
986 3014 1169 3067 PME'.

1806 1546 1962 1610 citer,
1992 1545 2086 1601 sed
2114 1551 2238 1600 actu
2278 1544 2539 1614 angelico,
2581 1553 2635 1599 et
2656 1543 2921 1599 divininre
2952 1542 3283 1612 cognitione.

2352 1770 2580 1828 CAPUT
2612 1770 2845 1827 CXLIII.

1884 1884 1943 1941 Si
1975 1892 2185 1939 tantum
2235 1884 2479 1939 adversis
2523 1885 2575 1938 iu
2624 1883 2789 1938 rebus
2829 1881 3135 1938 recorderis
3165 1880 3395 1950 Judicis,

1811 1992 1978 2048 quam
2008 1960 2285 2043 terribilis,
2328 1985 2384 2032 et
2409 1976 2569 2032 donis
2625 1974 2976 2045 incorruptus
3002 1975 3249 2041 exsistat,
3288 1991 3397 2032 non

1812 2070 1992 2126 adhuc
2040 2069 2277 2127 didicisti
2311 2070 2515 2127 servire
2565 2068 2798 2124 Domino
2851 2068 2906 2124 in
2964 2068 3193 2136 timore,
3238 2069 3401 2140 eique

1810 2163 2087 2219 exsultare
2117 2165 2172 2217 in
2206 2173 2444 2218 tremore
2465 2163 2532 2219 ’³.
2570 2161 2718 2217 Scito
2749 2161 2933 2233 igitur,
2966 2162 3112 2232 quod
3149 2162 3206 2216 in
3235 2162 3402 2232 spiri-

1814 2256 2049 2311 tualibus
2080 2256 2530 2320 recreationibus,
2561 2269 2625 2309 ac
2654 2255 2831 2324 epulis
2856 2254 3050 2324 majori
3082 2269 3206 2309 cum
3236 2255 3404 2310 devo-

1818 2347 1964 2402 tione
1990 2355 2045 2400 et
2073 2347 2375 2402 reverentia
2399 2356 2612 2415 oportet
2647 2347 2823 2416 ipsum
2860 2346 3041 2401 colere
3068 2352 3124 2400 et
3151 2344 3403 2401 adorare.

2367 2479 2595 2537 CAPUT
2628 2479 2858 2537 CXLIV.

1887 2597 2117 2665 Sapiens
2154 2596 2239 2650 vir
2284 2607 2369 2652 est
2416 2604 2472 2650 et
2515 2595 2913 2661 consideratus,
2974 2594 3066 2665 qui
3110 2603 3236 2650 ante
3280 2609 3409 2665 per-

1816 2689 2011 2746 fectant
2047 2690 2421 2761 pmnitentiam
2470 2705 2577 2745 non
2617 2689 2833 2746 desistit
2864 2706 2895 2745 a
2928 2690 3193 2745 memoria
3220 2690 3411 2747 dolore

1817 2780 2011 2838 affecta
2076 2797 2301 2838 suorum
2357 2790 2745 2852 peccatorum,
2817 2791 2874 2838 et
2930 2781 3299 2839 damnationis
3351 2782 3410 2838 in

1817 2884 2025 2931 aeterno
2056 2875 2182 2946 igne
2209 2889 2311 2945 pro
2340 2874 2558 2929 illorum
2599 2874 3023 2945 perpetratione.

2382 3004 2615 3065 CAPUT
2637 3006 2846 3063 CXLV.

219 3128 288 3181 Ὀ
313 3129 372 3181 ὲν
396 3126 698 3197 ἁμαρτίαις
737 3124 1059 3195 ἐνεχόμενος
1081 3166 1096 3191 ,
1148 3126 1246 3180 καλ⁹
1275 3129 1680 3199 παροργισμοῖς
1699 3169 1715 3194 ,

1892 3118 1999 3187 Qui
2026 3119 2266 3190 peccatis
2308 3119 2584 3176 detinetur
2602 3128 2659 3175 et
2682 3120 3141 3178 concitationibus
3165 3122 3232 3177 ad
3249 3121 3410 3190 iram,

137 3223 235 3277 καὶ
265 3218 484 3289 τολμῶν
513 3217 744 3281 ἀναιδῶς
766 3216 1103 3271 ἐκτείνεσθαι
1126 3217 1262 3287 πρὸς
1290 3219 1494 3287 γνῶσιν
1520 3220 1720 3273 θειοτέ-

142 3330 255 3383 ρων
288 3309 653 3382 πραγμάτων,
682 3308 716 3379 ἢ
744 3308 840 3362 καὶ
860 3309 1027 3363 ἀΰλου
1058 3308 1519 3379 κατεπεμϐαίνων
1550 3326 1720 3383 προσ-

140 3403 335 3473 ευχῆς,
369 3395 525 3463 οὗτος
552 3400 790 3472 δεχέσθω
829 3401 891 3454 τὸ
922 3398 1279 3454 ἀποστολικδν
1306 3400 1605 3470 ἐπιτίμιον,
1639 3400 1719 3465 ὡς

140 3496 247 3549 οὒκ
278 3493 429 3547 ἔστιν
454 3492 736 3547 ἀκίνδυνον
767 3489 937 3563 αὐτῷ,
959 3490 1020 3544 τὸ
1038 3492 1257 3562 γυμνῇ,
1292 3491 1385 3543 καὶ
1414 3491 1719 3562 ἀκαλύπτῳ

143 3585 359 3658 κεφαλῇ
418 3582 838 3657 προσεύχεσθαι.
888 3601 908 3636 ‹
953 3583 1189 3653 Ὀφείλει
1241 3582 1386 3655 γάρ,
1438 3583 1625 3654 φησὶν,
1682 3585 1716 3654 ἡ

141 3678 377 3749 τοιαύτη
430 3677 574 3732 κατὰ
618 3676 865 3747 κεφαλῆς
914 3675 1169 3742 ἐξουσίαν
1228 3674 1395 3745 ἔχειν,
1448 3674 1536 3729 διὰ
1592 3676 1722 3740 τοὺς

144 3769 467 3843 ἐφεστῶτας
510 3768 797 3839 ἀγγέλους,
820 3788 839 3821 ι
875 3766 1031 3833 αἰδὼ,
1077 3767 1173 3822 καὶ
1219 3766 1721 3839 ταπεινοφροσύνην

146 3862 540 3936 προσήκουσαν
569 3858 1031 3934 περιϐαλλομένη.

692 4016 943 4070 ΚΕΦΑΛ.
982 4018 1182 4086 me".

219 4131 436 4201 Ὠσπερ
475 4129 860 4202 ὀφθαλμιῶντα
914 4132 1016 4186 οὐκ
1066 4133 1251 4203 ὀνήσει
1293 4134 1328 4203 ὴ
1376 4133 1436 4187 ὲν
1476 4132 1724 4204 σταθηρᾷ

151 4222 513 4295 μεσημϐρίᾳ,
561 4222 658 4277 καὶ
705 4224 1040 4296 σφοδροτάτῃ
1081 4224 1406 4296 φρυκτωρία
1444 4224 1723 4293 ἀκατάλη-

148 4332 290 4377 πτος
310 4354 326 4377 ,
355 4314 453 4368 καὶ
496 4314 864 4385 ἐπιτεταμένη
909 4314 1006 4368 τοῦ
1037 4314 1189 4385 ἡλίου
1220 4314 1351 4379 θέα,
1388 4314 1564 4379 οὕτως
1604 4316 1725 4369 οὐδὲ

1819 3212 2094 3281 audetque
2132 3211 2473 3282 impudenter
2509 3212 2577 3267 ad
2634 3227 2821 3268 rerum
2865 3212 3193 3268 diviniorum
3226 3215 3415 3286 cogni-

1822 3304 2030 3359 tionem
2060 3318 2181 3360 sese
2234 3303 2549 3368 extendere,
2579 3312 2673 3358 aut
2701 3304 2864 3359 etiam
2900 3303 2966 3358 ad
3002 3304 3412 3362 immaterialem

1820 3395 2118 3450 ascendere
2162 3396 2503 3461 orationem,
2570 3393 2835 3465 suscipiat
2902 3394 2995 3449 ille
3056 3397 3415 3466 apostolicam

1821 3502 2133 3553 censuram,
2164 3487 2311 3558 quod
2340 3487 2602 3542 nimirum
2644 3500 2733 3542 res
2766 3500 2872 3542 non
2898 3487 3014 3542 sine
3039 3488 3281 3557 periculo
3307 3497 3413 3556 est,

1820 3579 1991 3645 nudo,
2013 3594 2114 3635 nec
2146 3589 2336 3649 operto
2354 3578 2530 3650 capite
2550 3592 2708 3634 orare
2738 3596 2753 3634 :
2784 3597 2803 3630 ι
2827 3578 2995 3634 Debet
3016 3579 3184 3645 enim,
3215 3579 3414 3651 inquit,

1824 3671 1932 3727 ista
1970 3679 2293 3741 potestatem
2330 3671 2532 3728 habere
2572 3687 2737 3743 super
2783 3680 2948 3743 caput
2995 3679 3216 3742 propter
3250 3687 3416 3744 ange‘

1819 3764 1904 3821 los
1928 3763 1977 3798 ⁸⁸
2002 3773 2265 3830 astantes,
2304 3765 2564 3835 pudorem
2592 3773 2756 3835 atque
2787 3764 3147 3820 humilitatem
3174 3765 3417 3823 circum“

1824 3857 2013 3914 induta
2043 3857 2478 3913 convenientem.

2274 4008 2436 4080 διο
2473 4007 2703 4065 CAPUT
2734 4008 2965 4067 CXLVI.

1892 4122 2366 4191 Quemadmodum
2418 4123 2761 4195 lippientem,
2802 4126 2918 4181 sive
2953 4125 3128 4183 oculis
3162 4126 3414 4185 laboran-

1824 4223 1934 4271 tem
1976 4214 2203 4271 minime
2229 4214 2444 4286 juvabit
2470 4224 2723 4287 aspectus
2753 4216 2906 4283 solis,
2940 4218 3035 4288 qui
3073 4220 3275 4289 percipi
3301 4236 3412 4276 nou

1825 4312 2023 4377 potest,
2056 4315 2111 4363 et
2136 4307 2376 4363 intentus
2411 4316 2516 4375 est,
2560 4323 2686 4363 cum
2730 4309 2786 4363 in
2827 4307 3036 4364 fervida
3066 4310 3316 4379 meridie,
3358 4320 3415 4368 et

148 4405 244 4459 τὸν
295 4403 521 4475 ἐμπαθῆ
545 4445 561 4471 ,
597 4404 692 4458 καὶ
720 4405 1032 4476 ἀκάθαρτον
1074 4406 1222 4471 νοῦν,
1268 4407 1302 4477 ἡ
1332 4405 1433 4477 τῆς
1464 4408 1523 4460 ὲν
1561 4407 1717 4460 πνεύ-

1873 4398 2305 4456 ahementissima
2339 4398 2734 4455 illuminatione
2769 4400 3098 4470 resplendet,
3119 4402 3195 4456 ita
3236 4418 3415 4474 neque

154 4513 291 4566 ματι
315 4536 331 4561 ,
366 4495 461 4549 καὶ
504 4494 737 4567 ἀληθείᾳ
780 4496 1047 4566 φοϐερᾶς,
1079 4497 1174 4549 καὶ
1201 4496 1515 4567 ὑπερφυοῦς
1551 4514 1723 4569 προσ-

151 4590 321 4658 ευχῆς
365 4586 716 4650 ἀνατύπωσις
765 4588 1043 4651 παντελῶς
1102 4589 1346 4660 ὀνήσειεν
1370 4628 1385 4652 ,
1446 4588 1583 4642 ἀλλά
1635 4588 1728 4641 καὶ

150 4677 469 4731 τούναντίον
523 4675 659 4747 πρὸς
706 4677 1082 4750 ἀγανάκτησιν
1129 4678 1253 4733 καθ’
1288 4677 1481 4732 ἑαυτοῦ
1525 4679 1729 4749 ἐγείρει

154 4768 217 4822 τὸ
256 4768 436 4822 Θεῖον.

704 4907 956 4961 ΚΕΦΑΛ.
997 4907 1175 4959 ΡΜΖ’.

226 5017 294 5071 Ei
324 5017 415 5070 τὸν
448 5013 587 5085 μετά
618 5014 791 5085 δώρου
825 5015 1193 5087 προσελθόντα
1228 5016 1321 5068 ἐπὶ⁹
1348 5014 1410 5068 τὸ
1438 5015 1719 5084 θυσιαστή-

160 5123 278 5179 ριον
301 5105 402 5160 οὐκ
434 5102 672 5171 ἐδέξατο,
697 5105 726 5156 ὀ
752 5102 1028 5175 ἀνενδεὴς,
1056 5104 1151 5156 καὶ
1176 5102 1472 5165 ἀδέκαστος
1501 5102 1607 5163 ἓως
1630 5100 1726 5153 τοῦ

158 5197 517 5266 διαλλαγῆναι
576 5194 655 5266 τῷ
712 5194 939 5262 πλησίον
998 5192 1322 5265 λυπουμένῳ
1373 5192 1511 5267 πρὸς
1543 5192 1727 5258 αὐτὸν,

160 5289 354 5343 σκόπει
386 5288 559 5358 πόσης
596 5285 845 5357 φυλακῆς
891 5286 988 5338 καὶ
1031 5286 1359 5355 διακρίσεως
1400 5284 1558 5354 χρεία
1582 5322 1598 5349 ,
1641 5283 1730 5336 ἵνα

159 5382 555 5454 εὐπρόσδεκτον
593 5380 773 5452 δῶμεν
812 5379 889 5452 τῷ
918 5380 1036 5450 Θεῷ
1066 5379 1321 5451 θυμίαμα
1364 5379 1421 5431 ὲν
1444 5376 1524 5449 τῷ
1552 5376 1729 5448 νοητῷ

161 5474 552 5545 θυσιαστηρίῳ.

234 5656 282 5690 ⁸³
345 5654 491 5713 Psal.
528 5671 589 5723 ιι,
622 5654 707 5709 II.
861 5652 882 5706 I
918 5652 1041 5708 Cor.
1071 5668 1151 5720 xt,
1181 5651 1237 5706 7.
1312 5650 1358 5685 ”
1387 5650 1582 5709 Matth.
1616 5668 1690 5720 ιι,
1720 5651 1809 5709 25.

1826 4490 2176 4561 passionibus
2224 4490 2593 4560 inquinatam,
2648 4490 3027 4562 impuramque
3072 4502 3308 4549 mentem
3346 4496 3413 4549 fi-

1824 4581 2041 4651 guratio
2058 4581 2351 4636 tremenda:
2386 4595 2452 4636 ac
2477 4580 2791 4637 excellentis
2831 4582 3097 4639 orationis
3120 4584 3175 4638 in
3215 4585 3414 4667 spiritu

1824 4678 1881 4725 et
1926 4670 2155 4726 veritate
2197 4670 2471 4727 ullatenus
2514 4671 2756 4742 juvabit,
2817 4673 2909 4728 sed
2963 4681 3018 4729 et
3055 4689 3087 4730 e
3114 4684 3302 4733 contra
3353 4675 3413 4732 in

1826 4763 2061 4833 seipsam
2098 4764 2279 4833 potius
2327 4763 2573 4819 divinum
2607 4764 2809 4821 excitat
2837 4781 3058 4823 numen.

2354 4901 2584 4958 CAPUT
2632 4901 2881 4959 CXLVII.

1902 5014 1958 5069 Si
1991 5029 2115 5069 eum
2164 5016 2258 5085 qui
2309 5029 2433 5070 cum
2498 5016 2644 5071 dono
2680 5019 2947 5088 processit
2997 5018 3065 5073 ad
3096 5019 3267 5075 altare
3303 5035 3413 5076 non

1828 5107 2066 5176 suscepit
2114 5107 2161 5161 is
2206 5107 2301 5177 qui
2343 5107 2490 5161 nulla
2531 5120 2650 5179 eget
2683 5124 2761 5175 re,
2806 5109 3073 5180 donisque
3111 5121 3198 5167 est
3230 5112 3412 5169 incor-

1826 5211 2039 5270 ruptus,
2087 5200 2260 5256 donec
2288 5202 2671 5257 reconciliatus
2699 5201 2864 5257 fuerit
2896 5202 3049 5259 fratri
3078 5220 3181 5261 suo
3210 5207 3410 5262 adver-

1833 5307 1931 5347 sus
1988 5292 2169 5361 ipsum
2226 5291 2429 5348 dolenti
2460 5293 2543 5360 ⁸⁵,
2599 5294 2824 5363 dispice,
2879 5304 3082 5365 quanta
3130 5312 3269 5366 opus
3340 5300 3414 5355 sit

1834 5381 2182 5438 observantia
2216 5393 2269 5440 et
2306 5384 2655 5450 discretione,
2688 5394 2749 5439 ut
2776 5386 2829 5439 in
2873 5386 3223 5444 intellectuali
3254 5388 3414 5446 altari

1835 5472 2201 5531 suffimentum
2244 5476 2353 5533 Deo
2378 5477 2515 5534 bene
2546 5476 2873 5548 acceptabile
2890 5477 3202 5539 offeramus.
