3788 6224
370 288 503 351 1199

880 374 1107 431 CAPUT
1138 373 1412 430 CXLVIII.

428 488 507 543 Ne
555 489 630 543 sis
663 489 977 558 garrulitate
1029 489 1287 558 gaudens,
1342 501 1475 541 neve
1526 485 1712 554 gloria:
1758 485 1936 539 studio

360 582 637 647 exsultes;
668 580 908 649 alioquin
942 595 1049 634 non
1074 589 1282 633 tantum
1320 578 1376 631 in
1406 578 1571 632 dorso
1617 587 1729 640 tuo,
1761 577 1853 630 sed
1882 586 1937 630 et

1866 286 1927 347 S.
1952 283 2113 343 NILI

1968 385 2015 437 Δ

3478 285 3627 352 Ῑωθ

2585 374 2813 426 ΚΕΦΑΛ
2824 416 2835 426 .
2878 375 2976 428 ΡΜ
2984 376 3064 428 H’.

2111 485 2202 555 Μὴ
2238 484 2327 536 ἔσο
2355 484 2655 555 λογοχαρὴς
2676 527 2690 549 ,
2732 484 2869 555 μηδὲ
2916 484 3213 556 δοξοχαρὴς
3238 526 3253 551 ,
3288 487 3337 537 εἰ
3366 487 3423 539 δὲ
3450 489 3624 557 μήγε,

2039 577 2141 629 οὐκ
2190 576 2270 628 ἔτι
2315 578 2372 627 ἐν
2411 576 2490 646 τῷ
2529 576 2683 647 νώτῳ
2716 595 2831 635 σου,
2862 577 2974 629 ἀλλ’
3006 580 3064 630 ἐν
3092 577 3169 647 τῷ
3200 578 3485 649 προσώπῳ
3524 598 3625 632 σου

361 670 415 724 in
442 670 595 723 vultu
623 682 715 726 tuo
740 670 1080 724 labricabunt
1108 678 1419 737 peccatores
1440 669 1507 733 ⁸⁸,
1557 668 1775 736 erisque
1805 668 1922 737 ipsi:

2105 668 2414 723 κταίνουσιν
2454 670 2504 720 οἱ
2548 669 2901 739 ἁμαρτωλοὶ,
2934 670 3029 722 καὶ
3067 668 3166 740 ἔσῃ
3195 670 3485 739 ἐπίχαρμα
3524 671 3629 723 αῦ-

360 770 604 830 tempore
634 762 900 816 orationis
930 761 1243 826 ludibrium,
1281 768 1565 826 attractus,
1600 768 1654 813 et
1681 759 1922 829 deceptus

2095 763 2152 824 ιῖς
2186 759 2327 813 κατὰ
2360 759 2452 813 τὸν
2485 762 2675 831 καιρὸν
2725 764 2819 832 τῆς
2864 761 3195 833 προσευχῆς,
3239 761 3623 830 ὲξελκόμενῑς.

362 853 430 907 ab
453 853 585 923 ipsis
618 853 672 907 in
701 853 1126 924 cogitationibus
1160 853 1372 907 alienis.

899 1055 1126 1110 CAPUT
1160 1054 1389 1110 CXLIX.

436 1170 708 1233 Studium,
739 1185 835 1225 seu
859 1169 1086 1224 attentio
1106 1169 1406 1223 orationem
1441 1182 1712 1239 quaerens,
1733 1168 1937 1222 oratio-

364 1280 490 1320 nem
541 1263 810 1327 inveniet;
842 1261 1016 1316 oratio
1064 1261 1284 1331 quippe,
1316 1260 1397 1314 vel
1430 1260 1559 1330 quid
1588 1260 1733 1315 aliud
1762 1260 1939 1316 simile

364 1353 713 1424 subsequitur
740 1352 1117 1415 attentionem,
1150 1352 1237 1405 cui
1266 1350 1439 1405 danda
1471 1364 1658 1421 opera.

872 1461 1029 1532 511
1061 1461 1288 1518 CAPUT
1318 1461 1425 1518 CL.

434 1578 900 1645 Quemadmodum
962 1579 1215 1634 sensibus
1288 1578 1541 1634 omnibus
1608 1578 1799 1633 melior
1856 1586 1941 1633 est

362 1675 540 1739 visus,
603 1672 678 1728 ita
754 1678 810 1727 et
866 1671 1122 1727 omnibus
1183 1671 1478 1727 virtutibus
1542 1672 1778 1727 divinior
1855 1682 1940 1728 est

363 1767 555 1822 oratio.

957 1880 1183 1937 CAPUT
1216 1882 1346 1938 CLI.

432 1992 709 2051 Orationis
744 1994 862 2048 laus
894 2002 979 2049 est
1006 2010 1112 2047 non
1160 1994 1478 2065 simpliciter
1514 1997 1810 2066 quantitas,
1844 1998 1941 2053 sed

362 2088 617 2158 qualitas,
673 2095 728 2140 et
780 2091 884 2141 hoc
932 2084 1307 2141 demonstrant
1339 2087 1433 2156 qui
1481 2088 1842 2143 ascenderunt
1883 2090 1937 2143 in

365 2179 623 2248 templum
654 2178 729 2239 ’7;
783 2184 838 2232 et
890 2176 1059 2233 illud:
1093 2195 1113 2229 ι
1150 2176 1280 2245 Vos,
1337 2177 1466 2234 dum
1521 2177 1711 2245 oratis,
1772 2178 1941 2235 nolite

363 2272 593 2326 multum
618 2269 775 2340 loqui
797 2268 864 2321 ³⁸.
903 2287 922 2321 ι

936 2381 1164 2437 CAPUT
1199 2382 1349 2437 CLII.

432 2498 686 2566 Quandiu
723 2496 1129 2567 proportionem
1182 2498 1427 2567 corporis
1460 2499 1714 2568 attendis,
1756 2516 1939 2555 mens-

362 2609 468 2664 que
517 2601 605 2646 tua
652 2604 774 2660 qua
800 2600 928 2645 sunt
974 2590 1324 2643 tabernaculo
1390 2591 1731 2647 delectabilia
1770 2591 1935 2653 fovet.

362 2688 539 2741 locum
580 2683 841 2739 orationis
885 2683 1127 2736 nondum
1176 2682 1380 2748 vidisti,
1413 2684 1507 2740 sed
1553 2684 1716 2739 etiam
1750 2686 1939 2754 procul

362 2794 394 2833 a
418 2787 470 2833 te
495 2778 661 2833 distat
684 2776 832 2831 illius
852 2775 960 2830 vita
980 2775 1159 2831 beata.

930 2883 1159 2941 CAPUT
1188 2884 1365 2940 CLIII.

433 3002 660 3070 Quando
694 3001 934 3057 orationi
961 3001 1222 3057 assistens
1248 3016 1411 3071 supra
1444 3014 1605 3055 omne
1632 3000 1777 3055 aliud
1803 3017 1937 3071 gau-

364 3095 515 3152 dium
542 3095 873 3161 ascenderis,
901 3102 1029 3149 tunc
1060 3096 1361 3148 orationem
1393 3108 1519 3148 vere
1553 3093 1829 3148 invenisti.

432 3362 481 3394 ⁹⁶
508 3362 651 3417 Psal.
676 3377 899 3427 cxxvrn,
927 3363 980 3416 5.
1058 3362 1100 3393 ⁸⁷
1128 3360 1262 3416 Luc.
1294 3375 1447 3425 xvm,
1472 3359 1539 3414 10
1568 3372 1719 3429 seqq.

2040 852 2136 905 καὶ¹
2187 848 2571 922 δελεαζόμενος
2636 853 2727 905 ὑπ’
2775 854 2955 906 αὐτῶν
3012 856 3070 905 ἐν
3117 853 3401 923 λογισμοῖς
3460 854 3624 907 ἀλλο·

2040 942 2243 1006 κότοις.

2593 1056 2842 1109 ΚΕΦΑΛ.
2885 1057 3064 1114 PMB’.

2111 1168 2356 1241 Προσοχὴ
2378 1167 2686 1239 προσευχὴν
2721 1166 2961 1237 ζητοῦσα
2979 1211 2994 1235 ,
3021 1166 3335 1241 προσευχὴν
3366 1171 3622 1242 εὑρήσει·

2041 1263 2318 1333 προσευχὴ
2347 1261 2455 1332 γὰρ
2486 1266 2725 1334 προσοχῇ
2772 1265 2820 1315 εξ
2863 1263 2959 1316 καὶ
2997 1262 3123 1317 ἄλλο
3164 1263 3391 1328 ἕπεται,
3423 1265 3514 1333 ἐφ’
3553 1264 3627 1335 ἠν

2043 1353 2424 1408 σπουδαστέον.
3340 1361 3345 1365 ’

2616 1470 2864 1523 ΚΕΦΑΛ.
2906 1471 3032 1524 PN'.

2112 1582 2324 1654 Ὥσπερ
2352 1581 2541 1637 πασῶν
2567 1582 2675 1636 τῶν
2702 1582 3011 1653 αἰσθήσεων
3037 1583 3304 1656 κρείττων
3337 1586 3371 1655 ἡ
3396 1586 3623 1657 ὅρασις,

2040 1674 2181 1728 οὕτω
2203 1676 2295 1729 καὶ
2322 1676 2508 1730 πασῶν
2537 1675 2650 1729 τῶν
2680 1675 2915 1745 ἀρετῶν,
2942 1677 3219 1748 προσευχὴ
3252 1678 3531 1749 θειοτέρα.

2589 1870 2842 1924 ΚΕΦΑΛ.
2883 1871 3059 1927 PNA’.

2112 1981 2428 2053 Προσευχῆς
2456 1982 2698 2049 ἔπαινος,
2730 1984 2827 2055 οὐχ
2858 1984 3047 2050 ἁπλῶς
3075 1989 3109 2057 ἡ
3142 1989 3395 2059 ποσότης,
3426 1991 3553 2044 ἀλλ’
3584 1995 3627 2065 ἡ

2041 2072 2263 2144 ποιότης
2282 2115 2296 2139 ,
2324 2074 2418 2127 καὶ
2450 2074 2612 2128 τοῦτο
2635 2076 2891 2146 δηλοῦσιν
2926 2079 2975 2130 οἱ
3002 2079 3303 2143 ἀναϐάντες
3332 2086 3414 2145 εἰς
3439 2083 3505 2136 τὺ
3546 2085 3630 2137 ἵει

2042 2163 2155 2232 ρδν,
2200 2166 2295 2218 καὶ
2325 2166 2385 2218 τὸ
2411 2208 2425 2230 ,
2469 2187 2487 2217 ι
2530 2168 2719 2238 Ὑμεῖς
2758 2171 3225 2242 προσευχόμενοι,
3264 2175 3339 2245 μὴ
3371 2174 3631 2244 βατταλο-

2040 2256 2283 2328 γήσητε·
2326 2277 2344 2309 ι
2383 2259 2477 2313 καὶ
2505 2259 2573 2313 τὰ
2597 2260 2743 2330 ἑξῆς.

2591 2378 2844 2432 ΚΕΦΑΛ.
2886 2379 2980 2432 ΡΝ
2984 2377 3059 2432 Β¹.

2124 2489 2239 2557 Ἐφ’
2272 2491 2397 2543 ὅσον
2446 2493 2516 2563 τῇ
2559 2491 2824 2563 ἀναλογίᾳ
2870 2493 3158 2564 προσέχεις
3188 2492 3281 2545 τοῦ
3319 2492 3581 2562 σώματος
3606 2534 3629 2561 ,

2042 2584 2136 2637 καὶ
2180 2585 2207 2636 ό
2258 2584 2382 2647 νοῦς
2430 2601 2527 2638 σου
2571 2586 2641 2638 τὰ
2678 2586 2778 2655 τῆς
2827 2586 3036 2655 σκηνῆς
3079 2586 3335 2658 περιέπει
3381 2588 3626 2657 τερπνὰ,

2039 2672 2251 2726 οὐδέπω
2296 2673 2395 2742 τῆς
2441 2676 2755 2746 προσευχῆς
2804 2675 3056 2747 ἑώρακας
3089 2676 3284 2730 τόττονο
3333 2677 3473 2729 ἀλλὰ
3509 2692 3627 2746 μαο

2040 2762 2180 2837 κρὰν
2202 2764 2309 2818 ἀπὸ
2339 2764 2434 2819 σοῦ
2460 2768 2493 2836 ἡ
2523 2768 2770 2838 μακαρία
2799 2766 3004 2837 ταύτης
3032 2768 3153 2832 ὁδὸς
3186 2769 3470 2839 τυγχάνει.

2592 2881 2844 2933 ΚΕΦΑΛ.
2885 2881 3061 2937 ΡΝΓ⁹.

2114 2993 2283 3047 Ὅταν
2330 2994 2738 3065 παριστάμενος
2784 2997 2863 3060 εἰς
2916 2994 3230 3066 προσευχὴν
3260 2994 3400 3065 ὑπὲρ
3432 2998 3629 3050 πᾶσαν

1965 3103 2008 3161 C
2041 3085 2209 3156 ἄλλην
2255 3086 2431 3156 χαρὰν
2475 3087 2650 3159 γένῃ,
2705 3089 2825 3142 τότε
2873 3087 3091 3159 ἀληθῶς
3152 3088 3396 3160 εὕρηκας
3446 3106 3628 3163 προσ-

2039 3179 2227 3249 ευχήν.

368 3465 3610 3503 W

1478 3639 2579 3797 TTH'AYTCYA

1754 3896 2104 3952 ΚΕΦΔΛΔΙΑ
2145 3899 2251 3952 KZ‘

950 4092 1211 4179 IIEPI
1264 4085 1811 4178 ΔΙΑΦΟΡΩΝ
1854 4085 2397 4174 ΠΟΝΗΡΩΝ
2449 4086 3017 4223 Λ-ΟΓΙΣΜΩΝ

1552 4496 2390 4625 EJUSDEM

1734 4738 1983 4794 CAPITA
2025 4739 2219 4795 XXVII

1199 4921 1295 4984 DE
1329 4923 1672 4986 DIVERSIS
1728 4926 2089 4987 MALIGNIS
2130 4927 2775 4989 COGITATIONIBUS.

907 5108 1067 5180 512
1094 5108 1319 5164 CAPUT
1350 5109 1385 5165 ι.

2637 5115 2865 5172 ΚΕΦΑΛ
2875 5158 2889 5172 .
2926 5120 3007 5172 A'.

433 5224 784 5281 Daarnonibus
813 5228 1002 5281 activae
1025 5227 1147 5282 vitae
1165 5226 1428 5296 oppositis
1451 5225 1609 5296 primi
1638 5223 1705 5279 ad
1728 5225 1922 5280 bellum

2111 5225 2231 5278 Τῶν
2264 5225 2659 5297 ἀντικειμένων
2677 5226 2953 5297 δαιμόνων
2981 5230 3045 5299 τῇ
3072 5233 3376 5303 πρακτικῇ,
3407 5233 3621 5304 πρῶτος

362 5318 669 5387 insurgunt,
701 5319 793 5388 qui
822 5319 960 5389 gulae
985 5318 1372 5388 voluptatibus,
1406 5318 1519 5373 sive
1548 5316 1922 5386 cupiditatibus

2095 5317 2182 5370 ιτὰ
2224 5316 2318 5371 τὸν
2353 5317 2590 5387 πόλεμον
2621 5316 2970 5373 συνίστανται
3016 5322 3066 5374 οἱ
3103 5321 3204 5387 τὰς
3235 5326 3333 5394 τῆς
3375 5342 3619 5395 γαστρι-

360 5420 621 5476 praesunt,
658 5411 860 5481 quique
906 5411 1064 5466 nobis
1088 5411 1366 5465 avaritiam
1415 5420 1729 5482 suggerunt,
1759 5419 1815 5465 et
1841 5411 1922 5480 qui

2095 5409 2285 5480 κργίας
2312 5409 2525 5481 ἡδονὰς,
2548 5410 2711 5482 ⁴Ιῇαιςουν
2735 5412 2946 5481 ὀρέξεις
2979 5416 3427 5487 πεπιστευμένοι,
3445 5418 3542 5469 καὶ
3565 5416 3619 5470 οἱ

360 5516 460 5555 nos
519 5502 587 5555 ad
638 5502 929 5555 humanam
978 5502 1202 5572 gloriam
1266 5510 1584 5571 provocant.
1633 5502 1704 5555 At
1750 5502 1922 5558 caeteri

2095 5518 2136 5570 ιν
2163 5500 2526 5572 φιλαργυρίαν
2545 5504 2679 5573 ἡμῖν
2700 5503 3111 5573 ὑποϐάλλοντες,
3142 5506 3238 5560 καὶ
3265 5508 3316 5561 οἱ
3350 5510 3490 5578 πρὸς
3512 5511 3619 5579 τὴν

362 5605 550 5645 omnes
576 5594 974 5648 retrocedentes
1001 5602 1123 5662 post
1174 5594 1330 5658 istos,
1382 5608 1518 5663 quos
1556 5594 1632 5648 illi
1674 5595 1922 5650 vulnera-

2095 5592 2146 5646 ὒν
2176 5591 2479 5665 ἀνθρώπων
2504 5592 2663 5658 δόξαν
2688 5597 2838 5667 ἡμᾶς
2861 5597 3273 5671 ἐκκαλούμενοι.
3299 5600 3362 5653 Ol
3390 5602 3435 5653 δ’
3458 5601 3617 5655 ἄλλοι

365 5686 521 5765 runt,
537 5678 828 5747 excipiunt.
856 5679 964 5737 Nec
993 5682 1136 5738 enim
1170 5682 1284 5738 ﬁeri
1330 5691 1526 5753 potest,
1562 5693 1621 5739 ut
1646 5685 1692 5741 is
1724 5684 1922 5741 incidat

2095 5686 2239 5749 ἱντες
2271 5684 2501 5742 κατόπιν
2518 5686 2725 5743 τοὺτων
2750 5687 3079 5759 βαδίζοντες,
3107 5692 3235 5753 τοὺς
3262 5691 3371 5745 ὑπὸ
3397 5693 3613 5747 τούτων
