3788 6224
60 390 218 453 1201

56 605 159 665 είς
203 605 395 672 χεῖρας
425 603 518 654 τοῦ
544 602 855 671 πνεύματος
880 605 979 673 τῆς
1006 606 1281 677 πορνείας,
1325 608 1399 679 μὴ
1426 607 1532 659 ὑπὸ
1557 608 1658 676 τῆς

56 696 535 764 γαστριμαργίας
566 695 979 749 καταπεσόντα*
1012 699 1105 750 καὶ
1135 698 1233 749 οὐκ
1262 696 1378 750 ἐστι
1424 698 1658 768 ταράξαι

59 787 257 856 Θυμὺν
278 828 294 853 ,
332 788 406 857 μὴ
434 789 576 857 ὑπὲρ
634 787 937 858 βρωμάτων
982 789 1014 859 ἢ
1062 790 1362 859 χρημάτων
1387 830 1400 855 ,
1434 790 1467 859 ἢ
1498 789 1659 859 δόξης

59 881 305 946 ἀλόγων
330 880 636 950 ἐπιθυμιῶν
667 883 974 951 μαχόμενον
993 895 1007 910 ⁸
1055 884 1148 934 κα)⁸
1175 883 1274 935 οὐκ
1302 882 1415 934 ἔστι
1444 881 1536 935 τὸν
1562 882 1659 952 τῆς

61 976 267 1045 λύπης
318 975 546 1044 δαίμονα
592 976 895 1044 διαφυγεῖν,
945 974 1148 1028 τούτων
1198 976 1418 1029 πάντων
1465 994 1660 1047 στερη-

60 1067 250 1120 Οέντα
278 1108 292 1127 .
331 1068 364 1136 ἢ
401 1067 477 1136 μὴ
519 1067 814 1135 δυνηθέντα
859 1070 1070 1136 τυχεῖνο
1124 1067 1245 1120 οὐδὲ
1294 1068 1661 1137 ἀποφεύξεται

59 1160 179 1227 τὴν
220 1159 605 1228 ὑπερηφανίαν
636 1177 719 1216 τις
742 1200 755 1223 ,
799 1160 859 1211 τὸ
905 1160 1120 1230 πρῶτον
1147 1161 1393 1229 γέννημα
1423 1161 1515 1213 τοῦ
1546 1162 1660 1214 δια-

60 1252 244 1303 ϐόλου
271 1290 288 1313 ,
330 1251 406 1319 μὴ
437 1250 537 1319 τὴν
566 1252 675 1303 τῶν
707 1251 892 1304 κακῶν
946 1252 1160 1305 πάντων
1206 1253 1359 1321 ῥίζαν
1411 1254 1661 1323 ἐξορίσας

60 1340 481 1410 φιλαργυρίαν,
510 1340 670 1418 εἰπερ
696 1342 790 1392 καὶ
816 1339 976 1393 πενία
1006 1341 1176 1409 ἄνδρα
1202 1345 1490 1407 ταπεινοῖ,
1522 1345 1661 1396 κατά

57 1434 169 1485 τὸν
217 1433 387 1497 σοφὸν
426 1432 783 1501 Σολομῶντα’
830 1434 927 1486 καὶ
972 1432 1271 1503 συλλήϐδην
1319 1434 1526 1495 εἰπεῖν,
1562 1436 1660 1487 οὐκ

57 1525 232 1576 ἔστιν
267 1522 558 1593 ἄνθρωπον
605 1526 925 1593 περιπεσεῖν
968 1524 1224 1594 δαίμονι,
1276 1526 1350 1596 μὴ
1396 1526 1660 1597 πρότερον

60 1616 169 1667 ὑπ’
216 1615 447 1667 ἐκείνων
492 1614 597 1666 τῶν
633 1614 1035 1684 πρωτοστατῶν
1084 1616 1538 1686 κατατρωθέντα,
1578 1618 1661 1670 διὸ

59 1708 171 1760 καὶ
206 1710 339 1769 τοὺς
365 1709 514 1776 τρεῖς
562 1705 790 1769 τούτους
829 1706 1124 1777 λογισμοὺς
1170 1708 1199 1759 6
1244 1707 1490 1770 διάϐολος
1539 1707 1658 1761 τότε

56 1802 150 1871 τῷ
209 1802 428 1871 Σωτῆρι
478 1803 818 1872 προσήγαγε.
867 1800 1089 1871 Πρῶτον
1143 1800 1241 1869 μὲν
1288 1802 1414 1863 τοὺς
1454 1799 1655 1866 λίθους,

57 1895 286 1966 ἄρτους
330 1894 583 1962 γενέσθαι
618 1892 987 1964 παρακαλῶν,
1020 1893 1210 1946 ἔπειτα
1240 1893 1295 1946 δὲ
1327 1896 1419 1946 τὸν
1452 1895 1656 1964 κόσμον

56 1987 202 2038 ὅλον
251 1986 728 2055 ἐπαγγελλόμενος
780 1988 828 2037 εί
876 1985 1058 2037 πεσὼν
1106 1989 1505 2055 προσκυνήσειο
1565 1987 1661 2038 καὶ

56 2077 265 2146 τρίτον
323 2079 371 2129 εἰ
416 2076 639 2129 άκούσοι
683 2075 1107 2146 δοξασθήσεσθαι
1160 2078 1353 2146 λέγων,
1389 2076 1557 2149 μηδὲν
1596 2080 1661 2130 ἐκ

55 2168 168 2221 τοῦ
224 2168 555 2237 τηλικούτου
586 2168 881 2239 πτώματος
913 2169 1221 2222 πεπονθότα
1245 2210 1260 2232 ,
1294 2162 1368 2223 ὧν
1394 2172 1422 2221 6
1452 2169 1660 2239 Κύριος

58 2262 241 2330 ἡμῶν
295 2260 563 2329 κρείττων
615 2263 824 2329 φανεὶς,
884 2263 964 2318 είς
1004 2263 1248 2316 τούπίσω
1297 2260 1375 2332 τῷ
1424 2260 1659 2333 διαϐόλῳ

58 2353 286 2418 χωρεῖν
328 2350 683 2419 προσέταττε,
716 2350 804 2403 διὰ
833 2350 1039 2403 τούτων
1062 2352 1157 2404 καὶ
1188 2352 1335 2421 ἡμᾶς
1365 2351 1656 2417 διδάσκων,

56 2445 144 2502 ὡς
185 2442 295 2493 οὐκ
332 2440 477 2494 ἔστιν
503 2441 827 2495 ἀπώσασθαι
849 2443 939 2496 τὸν
970 2444 1234 2511 διάϐολον,
1270 2445 1345 2516 μὴ
1368 2445 1477 2498 τῶν
1494 2444 1664 2516 τριῶν

57 2535 293 2589 τούτων
319 2539 841 2608 καταφρονήσαντας
865 2538 1164 2609 λογισμῶν.

690 2676 944 2730 ΚΕΦΑΛ.
987 2675 1063 2731 B'.

140 2790 375 2851 Πάντες
399 2789 446 2841 oi
476 2787 849 2858 δαιμονιώδεις
871 2788 1138 2859 λογισμοὶ,
1174 2790 1419 2860 νοήματα
1453 2790 1534 2853 εἰς
1562 2791 1660 2857 τὴν

58 2878 263 2948 ψυχὴν
317 2876 590 2947 αἰσθητῶν
617 2878 959 2948 πραγμάτων
980 2879 1345 2949 εἰσφέρουσιν,
1369 2881 1427 2933 ὲν
1464 2876 1545 2942 οἷς
1570 2898 1667 2933 τυ-

62 2972 180 3024 πού
193 2987 362 3040 μενος
384 2971 413 3022 6
445 2971 568 3033 νοῦς
594 2970 691 3033 τὰς
712 2970 926 3041 μορφὰς
942 2972 1048 3024 τῶν
1078 2971 1416 3042 πραγμάτων
1445 2973 1665 3027 ἐκείνων

60 3065 128 3116 ἒν
163 3060 359 3130 ἑαυτῷ
392 3060 700 3131 περιφέρει,
732 3062 825 3114 καὶ
868 3061 961 3114 ἀπ’
993 3061 1157 3115 αὑτοῦ
1196 3060 1291 3115 τοῦ
1342 3062 1667 3132 πράγματος

61 3154 278 3208 λοιπὸν
343 3151 698 3222 ἐπιγινώσκει
753 3153 844 3207 τὸν
910 3154 1352 3226 προσεγγίσαντα
1404 3154 1663 3223 δαίμονα·

59 3239 215 3303 οἷον,
270 3243 325 3294 εί
375 3242 470 3294 τοῦ
506 3241 882 3313 ζημιώσαντός
918 3262 1008 3314 με,
1054 3246 1145 3298 καὶ
1190 3246 1558 3316 άτιμάσαντός
1595 3262 1660 3317 με

1770 3231 1894 3271 meo
1932 3232 2188 3287 persona,

64 3335 129 3385 ὲν
174 3335 247 3402 τῇ
285 3333 497 3404 διανοίᾳ
532 3351 634 3402 μου
681 3334 743 3387 τὸ
785 3336 1077 3406 πρόσωπον
1112 3337 1340 3405 γένοιτο,
1382 3338 1664 3408 ἐλέγχεται

62 3426 95 3476 6
130 3425 244 3493 τῆς
289 3426 660 3494 μνησικακίας
691 3427 1023 3496 παραϐαλὼν
1053 3428 1333 3499 λογισμός.
1386 3430 1448 3483 El
1500 3431 1665 3483 πάλιν

64 3516 425 3587 χρημάτων,
485 3516 518 3587 ἢ
579 3518 737 3589 δόξης
786 3519 1103 3591 ,ἀνάμνησις
1158 3522 1403 3590 γένοιτο,
1458 3524 1524 3576 ἐκ
1567 3523 1660 3576 τοῦ

66 3609 419 3678 πράγματος
434 3607 593 3677 δῆλον
617 3610 698 3662 ὅτι
714 3610 743 3662 6
765 3608 960 3663 θλίϐων
979 3614 1123 3681 ήμᾶς
1155 3614 1625 3683 ἐπιγνωσθήσεται
1646 3633 1661 3645 ·

67 3700 176 3751 καὶ
214 3700 312 3751 ἐπὶ
344 3698 452 3751 τῶν
498 3699 671 3753 ἄλλων
699 3700 757 3753 δὲ
790 3701 1066 3772 λογισμῶν
1104 3704 1387 3768 ὡσαύτως,
1426 3706 1533 3758 ἀπὸ
1568 3706 1663 3759 τοῦ

66 3788 424 3857 πράγματος
468 3790 723 3859 εὑρήσεις
770 3792 860 3844 τὸν
909 3794 1257 3865 παρεστῶτα,
1290 3796 1382 3849 καὶ
1430 3796 1667 3851 ὑποϐάλ-

66 3880 248 3932 λοντα.
304 3878 406 3943 τὰς
444 3881 746 3947 φαντασίας
800 3882 1049 3955 δαίμονα.
1107 3887 1182 3940 Ού
1239 3888 1418 3950 πάσας
1469 3887 1526 3941 δὲ
1570 3888 1667 3953 τὰς

70 3972 316 4042 μνήμας
346 3972 451 4025 τῶν
482 3974 740 4029 τοιούτων
770 3977 1117 4047 πραγμάτων
1143 3980 1205 4030 ἐκ
1234 3979 1499 4047 δαιμόνων
1521 3980 1666 4049 λέγω

71 4086 143 4119 συ
155 4068 419 4136 μϐαίνειν
439 4086 451 4099 ’
489 4070 678 4139 ἐπειδὴ
714 4072 922 4141 πέφυκε
956 4073 1051 4125 καὶ
1080 4073 1239 4136 αὐτὸς
1270 4076 1297 4125 6
1324 4074 1446 4137 νοῦς
1482 4075 1666 4127 κινού-

68 4178 251 4231 μενος
290 4161 399 4213 ὑπὸ
426 4161 520 4215 τοῦ
568 4162 856 4233 ἀνθρώπου
896 4162 1004 4217 τῶν
1046 4166 1345 4233 γεγονότων
1372 4167 1667 4237 ἀναφέρειν

66 4256 178 4317 τὰς
233 4253 559 4321 φαντασίας,
607 4255 722 4308 ἀλλ’
772 4255 893 4308 ὅσαι
939 4254 1049 4308 τῶν
1100 4255 1332 4325 μνημῶν
1390 4255 1582 4325 θυμὸν,
1632 4255 1665 4327 ἢ

68 4341 392 4411 ἐπιθυμίαν
420 4344 569 4413 παρά
600 4342 759 4411 φύσιν
790 4344 1247 4398 συνεπισπῶνται.
1296 4344 1399 4397 Διὰ
1426 4346 1534 4415 γὰρ
1559 4346 1657 4415 τὴν

66 4434 343 4504 ταραχὴν
386 4434 493 4485 τῶν
542 4433 637 4487 δύο
680 4435 965 4506 δυνάμεων
1008 4435 1250 4503 τούτων,
1282 4436 1310 4488 6
1352 4433 1477 4500 νοῦς
1524 4436 1668 4489 κατὰ

64 4530 336 4583 διάνοιαν
369 4527 631 4598 μοιχεύει,
665 4530 758 4580 καὶ
791 4531 1043 4599 μάχεται,
1074 4529 1168 4582 τοῦ
1198 4530 1667 4599 νομοθετήσαντος

68 4622 251 4673 αὑτὸν
306 4619 406 4687 τὴν
456 4620 761 4687 φαντασίαν
809 4620 1166 4684 ἀναδέξασθαι
1221 4621 1295 4690 μὴ
1343 4616 1663 4689 δυνάμενος.

68 4716 265 4782 Εἴπερ
295 4711 333 4781 ή
371 4710 692 4781 λαμπρότης
733 4712 915 4781 ἐκείνη
962 4712 1103 4765 κατὰ
1150 4712 1410 4783 στέρησιν
1448 4714 1667 4765 πάντων

66 4805 191 4857 τῶν
224 4804 288 4855 ἐν
317 4804 429 4864 τοῖς
460 4803 749 4872 πράγμασι
798 4803 1087 4872 νοημάτων
1117 4805 1174 4855 ὲν
1217 4803 1295 4873 τῷ
1345 4804 1523 4874 καιρῷ
1570 4806 1667 4873 τῆς

66 4895 403 4963 προσευχῆς
430 4892 507 4961 τῷ
521 4893 832 4963 ἡγεμονικῷ
853 4894 1276 4963 παραφαίνεται,
1300 4896 1413 4948 Ούκ
1438 4894 1664 4947 amaze-

70 4990 236 5040 θοιτο
265 4985 367 5045 τὰς
402 4985 668 5054 ἐμπαθεῖς
708 4988 925 5056 μνήμας
958 4987 987 5037 ὁ
1012 4985 1315 5055 ἅνθρωπος,
1365 4986 1439 5056 μὴ
1478 4986 1664 5039 ἐπιθυ-

76 5080 245 5147 μίας,
298 5078 394 5128 καὶ
424 5076 593 5146 θυμοῦ
638 5077 956 5147 ἐπιμέλειαν
998 5078 1384 5147 ποιησάμενος,
1422 5077 1519 5147 τὴν
1566 5077 1664 5146 μὲν

71 5170 395 5239 νηστείαις,
426 5168 774 5239 ἀγρυπνίαις,
817 5170 911 5221 καὶ
953 5170 1303 5239 χαμευνείαις
1352 5167 1665 5221 καταναλώ-

74 5279 212 5323 σας,
242 5260 340 5312 τὸν
386 5259 442 5310 δὲ
488 5260 912 5330 μακροθυμίαις,
950 5261 1044 5314 καὶ
1073 5261 1519 5331 άμνησικακίαις,
1569 5261 1666 5313 καὶ

72 5351 486 5423 ὲλεημοσύναις
520 5351 940 5421 καθημερὼσας’
972 5356 1035 5405 ἐκ
1058 5354 1166 5423 γὰρ
1189 5354 1297 5405 τῶν
1337 5353 1430 5406 δύο
1461 5355 1666 5408 τούτων

72 5445 281 5499 παθῶν
328 5445 529 5507 πάντες
586 5444 771 5514 σχεδὸν
813 5447 860 5498 oi
896 5444 1266 5515 δαιμονιώδεις
1318 5446 1664 5499 συνίστανται

74 5538 348 5607 λογισμοὶ
384 5539 433 5590 οἱ
466 5538 559 5592 τὸν
586 5539 711 5593 νοῦν
756 5538 1115 5610 ἐμϐάλλοντες
1158 5543 1237 5604 εἰς
1284 5538 1522 5610 ὄλεθρον,
1544 5588 1547 5589 ν
1573 5541 1666 5593 καὶ

74 5630 393 5688 ἀπώλειαν.

1106 394 1203 452 DE
1242 393 1531 453 MALIGN
1540 394 1611 455 IS
1650 394 2312 459 COGITATIONIBUS.

55 509 556 580 τιτρωσκομένους
587 510 941 580 διαδέχονται.
974 512 1088 565 Οὐκ
1117 514 1232 566 ἐστι
1256 513 1366 582 γὰρ
1390 512 1655 580 ἐμπεσεῖν

1770 527 1811 563 ιη
1835 526 2027 567 manus
2056 514 2280 582 spiritus
2310 514 2705 578 fornicationis,
2747 514 2839 583 qui
2871 526 2978 566 non
3010 509 3266 565 ceciderit
3300 526 3331 562 a
3427 547 3432 552 .

3190 394 3329 459 1202

1759 594 1952 662 Spiritu
2000 597 2139 664 gulae
2189 597 2464 664 devictus;
2508 614 2606 653 nec
2651 596 2908 667 possibile
2953 603 3055 659 est,
3092 602 3151 646 ut
3195 593 3331 646 iram

1757 697 2124 752 commoveat,
2156 688 2249 759 qui
2280 706 2387 743 non
2418 690 2699 744 contendit
2738 696 2792 743 et
2822 688 3031 741 rixatur
3065 699 3166 753 pro
3204 684 3335 736 edu~

1757 776 1865 840 liis,
1894 788 1986 831 aut
2016 781 2282 848 pecuniis,
2334 790 2427 833 aut
2460 782 2645 851 gloriae.
2683 777 3085 833 irrationalibus
3124 773 3336 842 cupidi-

1758 870 1991 934 tatibus;
2038 888 2138 926 nec
2183 873 2345 926 etiam
2392 872 2505 926 ﬁeri
2550 881 2745 942 potest,
2779 882 2834 924 ut
2860 872 3157 925 daemonem
3199 865 3333 925 elin-

1758 962 1869 1031 giat
1893 963 2145 1024 tristitiae,
2181 965 2272 1032 qui
2297 964 2552 1018 omnibus
2584 966 2733 1017 hisce
2765 963 2923 1017 fuerit
2950 963 3210 1029 privatus,
3233 972 3329 1013 aut

1760 1049 1852 1102 illa
1891 1054 2107 1120 assequi
2141 1054 2470 1120 nequiverit;
2504 1069 2603 1107 nec
2633 1054 2756 1121 quis
2783 1052 2976 1105 evadet
3002 1051 3333 1119 superbiam,

1761 1154 1881 1207 quae
1931 1140 2163 1208 primum
2217 1140 2317 1195 fuit
2365 1157 2585 1210 germen
2634 1142 2856 1205 diaboli,
2904 1139 3009 1193 nisi
3066 1139 3335 1193 malorum

1760 1229 2004 1283 omnium
2042 1231 2273 1284 radicem
2304 1232 2767 1295 exterminaverit,
2801 1228 3105 1283 avaritiam.
3146 1226 3337 1297 Siqui-

1761 1322 1881 1375 dem
1940 1330 1994 1374 et
2023 1331 2313 1390 paupertas
2342 1322 2517 1375 virum
2575 1322 2853 1382 humiliat,
2911 1318 3208 1373 secundum
3251 1332 3337 1371 sa-

1762 1414 1993 1480 pientem
2064 1412 2446 1477 Salomonem;
2520 1420 2683 1481 utque
2756 1410 3068 1465 summatim
3136 1408 3334 1471 dicam,

1763 1505 2072 1557 nullatenus
2110 1505 2271 1557 homo
2320 1512 2496 1573 potest
2540 1504 2591 1557 in
2618 1503 2816 1557 diaboli
2859 1501 3067 1571 prolabi
3104 1508 3339 1569 potesta-

1764 1606 1892 1661 tem,
1940 1597 2044 1650 nisi
2098 1597 2245 1665 prius
2274 1599 2341 1650 ab
2373 1598 2477 1650 illis
2532 1595 2953 1666 primipilaribus
3012 1591 3173 1645 fuerit
3208 1605 3338 1646 sau-

1763 1690 1967 1754 ciatus;
1999 1698 2053 1743 et
2100 1689 2221 1743 ideo
2274 1688 2370 1742 has
2402 1697 2511 1742 tres
2547 1686 2899 1755 cogitationes
2934 1682 3183 1738 diabolus
3212 1688 3339 1734 tunc

1763 1782 2025 1837 Salvatori
2058 1782 2267 1836 induxit
2291 1782 2357 1838 θ’.
2389 1782 2630 1835 Primqu
2664 1780 2880 1849 quidem
2924 1777 3248 1838 exhortans,
3280 1781 3341 1827 ut

1762 1872 1971 1942 lapides
1998 1871 2243 1927 efﬁceret
2278 1872 2438 1943 513
2469 1888 2667 1943 panes;
2696 1870 3038 1941 postmodum
3067 1866 3340 1937 spondens

1760 1965 2021 2019 mundum
2039 1964 2373 2029 universum,
2394 1964 2439 2018 si
2462 1964 2660 2019 cadens
2682 1963 2928 2017 adorarct
2943 1978 2957 2025 ;
2975 1959 3135 2014 tertio
3151 1957 3337 2011 dicens

1762 2058 1937 2127 ipsum
1961 2056 2341 2111 celebrandum
2376 2055 2492 2109 fore
2522 2070 2586 2109 ac
2613 2052 3051 2123 gloriﬁcandum,
3088 2050 3133 2103 si
3166 2048 3338 2101 obau-

1761 2150 1950 2214 disset,
1984 2150 2113 2204 dum
2174 2165 2240 2203 ex
2268 2149 2361 2202 illo
2411 2148 2503 2201 tali
2552 2162 2684 2203 casu
2722 2146 2857 2200 nihil
2889 2144 3050 2198 fuerit
3083 2156 3278 2213 passus
3320 2158 3333 2191 :

1762 2240 1962 2309 quibus
2028 2238 2291 2293 Dominus
2354 2246 2538 2293 noster
2597 2237 2846 2307 superior
2915 2248 3219 2304 apparens,
3278 2238 3338 2284 ut

1763 2330 2125 2385 retrocederet
2178 2330 2393 2385 diabolo
2451 2330 2761 2393 mandavit,
2816 2343 3026 2397 nosque
3086 2340 3182 2395 per
3232 2323 3334 2378 ista

1763 2421 1999 2487 edocuit,
2029 2423 2173 2492 quod
2226 2424 2555 2492 impossibile
2601 2432 2683 2477 est
2728 2422 3002 2476 diabolum
3043 2418 3330 2489 repellere,

1764 2515 1872 2569 nisi
1898 2525 2007 2570 tres
2026 2516 2159 2570 istas
2180 2516 2588 2585 despexerimus
2612 2515 2991 2585 cogitationes.

2377 2646 2605 2702 CAPUT
2656 2645 2719 2700 ll.

1835 2760 2041 2816 Omnes
2073 2760 2426 2817 daemoniales
2457 2763 2816 2832 cogitationes
2856 2760 3100 2815 inierunt
3141 2759 3337 2816 anima:

1766 2866 1951 2907 rerum
2002 2852 2347 2907 sensibilium
2400 2854 2674 2918 notiones,
2719 2851 2919 2922 quibus
2961 2866 3112 2907 mens
3161 2850 3338 2905 infor-

1766 2951 1934 3007 mata,
1970 2942 2173 2999 formas
2214 2943 2430 2997 illarum
2472 2959 2654 2998 rerum
2700 2943 2754 2997 in
2787 2943 2964 3013 seipsa
2999 2941 3337 3007 circumfert,

1768 3033 1957 3104 sicque
2004 3032 2344 3099 daemonem,
2397 3034 2491 3104 qui
2531 3034 2999 3104 appropinquarit,
3041 3049 3071 3089 e
3117 3049 3176 3088 re
3220 3034 3339 3103 ipsa

1770 3125 2073 3193 dignoscit;
2107 3126 2341 3194 exempli
2382 3126 2579 3196 gratia,
2630 3126 2676 3180 si
2710 3126 3003 3181 accesserit
3042 3124 3339 3180 intellectui

2236 3233 2359 3288 quae
2386 3233 2471 3272 me
2510 3218 2860 3281 detrimemo,
2896 3226 2989 3271 aut
3039 3217 3339 3286 ignominia

1768 3310 1966 3374 aﬁ'ecit,
2032 3310 2302 3380 arguitur,
2356 3310 2501 3381 quod
2565 3310 2890 3380 iniuriarum
2942 3309 3337 3365 recordationis

1766 3402 2219 3474 appropinquavit
2276 3403 2556 3473 cogitatio.
2606 3402 2662 3457 Si
2725 3404 2924 3456 iterum
2981 3404 3337 3473 pecuniarum

1765 3508 1862 3552 aut
1906 3495 2091 3567 gloriae
2129 3496 2437 3550 recordatio
2482 3495 2594 3561 ﬁat,
2635 3494 2981 3550 manifestum
3022 3512 3088 3551 ex
3133 3512 3191 3550 re
3231 3505 3336 3562 est,

1766 3591 1910 3660 quod
1942 3590 2011 3655 is,
2055 3586 2148 3659 qui
2187 3603 2287 3642 nos
2323 3588 2565 3653 tribulat,
2606 3588 2973 3658 diguoscetur.
3010 3588 3152 3653 Quin
3188 3599 3240 3644 et
3281 3590 3333 3643 in

1766 3684 1889 3738 aliis
1910 3681 2332 3754 cogitationibus
2351 3681 2603 3736 similiter
2630 3696 2661 3735 e
2690 3697 2749 3735 re
2774 3682 3017 3737 invenies
3039 3683 3335 3737 daemonem

1767 3783 2057 3840 astantem,
2076 3783 2131 3829 et
2150 3772 2566 3844 imaginationes
2585 3782 2980 3844 suggerentem.
3006 3772 3120 3827 Non
3146 3789 3338 3829 omnes

1768 3874 1952 3921 autem
2004 3865 2414 3921 recordationes
2454 3864 2839 3935 hujuscemodi
2874 3880 3054 3919 rerum
3082 3881 3113 3919 a
3139 3867 3339 3919 daemo-

1768 3956 1932 4011 nibus
1975 3956 2287 4026 contingere
2335 3955 2489 4022 dico;
2552 3954 2993 4023 quandoquidem
3063 3963 3118 4008 et
3186 3968 3340 4008 mens

1769 4048 1885 4118 ipsa
1930 4047 1997 4101 ab
2052 4046 2272 4102 homine
2314 4055 2624 4111 commota,
2662 4046 3075 4115 imaginationes
3133 4061 3337 4109 rerum,

1770 4158 1893 4214 quae
1920 4141 2217 4206 evenerint,
2266 4141 2531 4211 proferre,
2573 4157 2671 4196 seu
2715 4140 2959 4195 emittere
3014 4141 3338 4207 consuevit;

1770 4234 1865 4288 sed
1895 4240 2162 4302 quotquot
2204 4232 2613 4287 recordationes
2658 4231 2818 4295 iram,
2852 4231 2934 4285 vel
2986 4231 3345 4299 cupiditatem

1770 4334 1966 4395 praeter
2004 4333 2256 4378 naturam
2305 4323 2586 4391 alliciunt,
2626 4321 3005 4394 (:ubintellige)
3037 4338 3131 4378 eas
3160 4323 3283 4377 dico
3308 4337 3341 4376 a

1771 4416 2113 4471 daemonibus
2152 4416 2483 4486 procedere;
2532 4430 2657 4469 nam
2697 4415 2767 4469 ob
2797 4416 3162 4470 turbationem
3202 4415 3341 4469 dua-

1770 4524 1892 4563 rum
1926 4509 2156 4563 istarum
2183 4508 2547 4580 potentiarum
2575 4508 2805 4577 (scilicet
2834 4508 2948 4573 irae,
2981 4516 3035 4562 et
3066 4506 3340 4577 cupidita-

1771 4600 1863 4673 tis)
1902 4616 2055 4657 mens
2080 4601 2519 4657 intellectualiter
2536 4600 2824 4667 adulterat,
2855 4609 2909 4655 et
2936 4606 3155 4669 pugnat,
3180 4596 3343 4668 515.

1769 4708 1893 4747 cum
1950 4691 2065 4755 Dei,
2112 4694 2205 4762 qui
2266 4693 2433 4763 legero
2495 4693 2596 4761 ipsi
2653 4692 2937 4761 imposuit.
2994 4690 3111 4744 Non
3165 4690 3342 4743 valeat

1770 4785 2216 4853 imaginationem
2262 4785 2575 4854 suscipere;
2635 4785 2903 4854 siquidem
2954 4783 3176 4837 claritas
3226 4782 3337 4846 illa,

1769 4880 1942 4947 posita
1971 4877 2272 4945 privatione
2296 4878 2541 4930 omnium
2564 4877 2846 4931 notionum
2874 4877 2938 4929 de
2967 4875 3149 4937 rebus,
3172 4874 3340 4928 animi

1769 4970 2098 5041 principatui
2123 4981 2428 5038 opportune
2451 4970 2716 5023 orationis
2744 4979 2983 5036 tempore
3010 4968 3165 5037 quasi
3198 4982 3339 5036 pra:-

1770 5060 2036 5114 tereundo
2065 5068 2310 5128 apparet.
2349 5058 2523 5113 Homo
2550 5075 2657 5112 non
2687 5059 2919 5128 deponet
2954 5074 3189 5127 unquam
3224 5072 3340 5111 me-

1773 5151 1978 5205 morias
2030 5151 2381 5219 passionibus
2430 5150 2684 5218 percitas,
2720 5149 2763 5203 si
2797 5148 3249 5217 concupiscentiae
3287 5158 3342 5203 et

1772 5241 2072 5297 iracundiae
2104 5256 2294 5294 curam
2340 5254 2449 5293 non
2492 5240 2749 5309 gesserit;
2780 5239 2929 5293 illam
2962 5239 3179 5307 quidem
3206 5238 3343 5307 jeju-

1772 5337 1879 5391 niis
1906 5344 1959 5389 et
1984 5332 2205 5404 vigiliis,
2243 5341 2298 5386 et
2329 5333 2483 5387 humi
2518 5333 2768 5386 cubando
2812 5346 3165 5397 consumens,
3196 5331 3342 5387 hanc

1770 5444 1902 5487 vero
1945 5427 2374 5498 longanimitatis
2409 5425 2641 5490 actibus,
2681 5433 2735 5480 et
2774 5424 3063 5479 oblivionis
3105 5424 3340 5495 injuriae,

1773 5540 1836 5579 ac
1865 5520 2226 5592 eleemosynis
2255 5517 2687 5574 mansuefaciens
2723 5536 2737 5571 :
2767 5533 2835 5571 ex
2865 5517 2951 5571 his
2978 5517 3177 5587 quippe
3202 5516 3341 5571 dua-

1773 5618 1877 5672 bus
1923 5613 2272 5685 passionibus
2301 5627 2493 5667 omnes
2536 5610 2649 5665 fere
2692 5610 3041 5665 daemoniales
3088 5617 3344 5663 constant

1774 5708 2149 5779 cogitationes,
2179 5721 2301 5777 qua:
2323 5715 2561 5761 mentem
2581 5705 2634 5759 iu
2653 5703 2877 5759 exitium
2898 5717 2961 5757 ac
2985 5702 3350 5772 perditionem.

1781 5802 2063 5857 inducunt.
