3788 6224
494 281 634 345 1203

1101 395 1330 453 CAPUT
1368 397 1457 453 ιιι.

558 508 706 565 Fieri
761 521 947 567 autem
996 527 1109 569 non
1162 521 1360 584 potest,
1409 522 1472 569 ut
1515 514 1641 585 quis
1681 514 2063 587 hujuscemodi

487 601 837 673 passionibus
868 606 1120 676 superior
1146 606 1358 673 evadat,
1394 606 1500 662 nisi
1529 607 1752 663 omnino
1785 622 1961 674 escas,
2008 619 2065 665 et

487 694 768 766 pecunias,
798 705 851 752 et
876 698 1102 768 gloriam
1126 698 1413 769 despiciat,
1437 700 1615 757 adhuc
1644 701 1831 767 etiam,
1858 711 1916 759 et
1936 717 2064 772 pro-

486 787 670 857 prium
717 804 940 859 corpus,
986 799 1209 862 propter
1254 807 1370 857 eos,
1420 792 1525 863 qui.
1565 803 1834 849 conantur
1881 795 2062 865 ipsum

487 888 637 941 velut
672 887 917 957 colaphis
963 897 1249 957 percutere
1284 904 1298 941 :
1334 902 1622 944 necessum
1666 891 1831 960 igitur
1879 891 2059 960 plane,

487 980 693 1037 imitari
737 980 1107 1051 periclitantes
1148 980 1201 1034 in
1247 982 1408 1043 mari,
1439 983 1555 1051 qui,
1596 990 1819 1052 prepter
1855 983 2062 1038 violen-

486 1073 616 1130 tiam
657 1082 965 1139 ventorum,
1017 1072 1398 1142 undarumque
1442 1075 1863 1144 insurgentium,
1906 1089 2064 1129 vaso-

486 1180 611 1220 rum
653 1165 816 1220 etiam
846 1172 1071 1219 utuntur
1099 1164 1388 1235 ejectione.
1422 1164 1618 1221 Verum
1660 1166 1749 1221 hic
1777 1166 2063 1237 diligenter

486 1256 873 1312 attendendum
897 1295 913 1322 ,
946 1272 1013 1311 ne
1042 1256 1183 1311 forte
1205 1300 1220 1321 ,
1257 1256 1385 1311 dum
1423 1270 1683 1311 vasorum
1716 1257 1920 1311 utimur
1947 1258 2062 1328 eje-

485 1348 689 1414 ctione,
747 1348 801 1404 id
843 1347 1129 1415 faciamus,
1171 1357 1231 1404 ut
1274 1350 1342 1403 ab
1392 1348 1709 1403 hominibus
1751 1349 2059 1417 videamur,

484 1439 933 1512 quandoquidem
1006 1449 1250 1497 nostram
1313 1448 1660 1510 reportamus
1727 1440 2057 1507 mercedem,

484 1531 745 1605 aliudque
772 1547 875 1590 nos
900 1541 1268 1603 consequetur
1294 1532 1667 1603 naufragium,
1696 1532 1875 1602 primo
1899 1532 2060 1601 longe

483 1624 789 1692 molestius,
808 1638 933 1680 cum
961 1638 1155 1695 nempe
1179 1624 1392 1680 daemon
1411 1638 1443 1678 e
1465 1633 1664 1679 contra
1684 1622 1842 1679 nobis
1861 1638 2057 1677 vanam

1995 291 2057 353 S.
2080 291 2244 361 NHJ:

2090 410 2140 470 Δ

3618 295 3729 359 1204

2766 408 3020 463 ΚΕΦᾹΛ.
3061 407 3135 462 Γ¹;

2173 548 2179 577 π
2250 516 2536 572 Ἀδύνατον
2573 517 2629 571 δέ
2676 534 2795 572 τινα
2827 519 2936 572 τῶν
2971 519 3159 573 παθῶν
3204 518 3415 575 τούτων
3462 523 3725 591 περιγενέ-

2167 605 2313 673 σθαι,
2344 606 2423 677 μὴ
2471 606 2751 671 παντελῶς
2785 606 3114 678 βρωμάτων,
3154 608 3254 662 καὶ
3289 611 3621 681 χρημάτων,
3653 616 3723 665 καὶ

2163 695 2323 766 δόξης
2351 696 2696 768 ὑπεριδόντα,
2726 698 2806 759 ἔτι
2830 698 2888 751 δὲ
2916 698 3018 753 καὶ
3060 698 3152 752 τοῦ
3187 701 3320 754 ίδίου
3360 702 3623 772 σώματος
3656 705 3724 756 διὰ

2162 789 2289 851 τοὺς
2322 788 2575 858 ῥαπίζειν
2622 790 2756 843 αὐτὸ
2799 790 3058 855 πολλάκις
3098 793 3551 864 ἐπιχειροῦνταςο
3600 798 3724 848 πᾶσι

2162 880 2257 936 οὖν
2299 883 2513 953 ἀνάγκη
2549 883 2834 953 μιμεῖσθαι
2872 886 3001 948 τοὺς
3052 887 3489 951 κινδυνεύοντας,
3544 889 3605 941 ἐν
3650 888 3726 940 θα-

2162 971 2366 1045 λάττῃ,
2413 973 2506 1026 καὶ
2557 973 2667 1033 τῶν
2712 975 2922 1028 σκευῶν
2970 975 3200 1045 ἐκβολὴν
3245 978 3617 1047 ποιουμένους
3654 978 3726 1030 διὰ

2161 1063 2262 1135 τὴν
2289 1063 2412 1135 βίαν
2436 1064 2546 1119 τῶν
2575 1064 2790 1135 ἀνέμων
2825 1066 2920 1120 καὶ
2948 1067 3055 1119 τῶν
3083 1068 3725 1140 ἐπανισταμένωνκυμὲ-

2160 1173 2294 1216 των.
2364 1156 2506 1211 Ἀλλ’
2562 1158 2795 1212 ἐνταῦθα
2837 1159 3168 1231 προσεκτέον
3217 1161 3489 1233 ἁκριὸῶς,
3554 1166 3726 1236 μήπως

2162 1248 2391 1321 ἐκϐολὴν
2417 1248 2735 1321 ποιούμενοι
2774 1250 2883 1308 τῶν
2919 1252 3149 1317 σκευῶν,
3187 1254 3321 1335 πρὸς
3352 1254 3416 1308 τὸ
3464 1255 3729 1309 θεαθείναι

2159 1343 2274 1405 τοῖς
2304 1340 2618 1413 ἀνθρώποις
2650 1345 2968 1414 ποιήσωμεν
2993 1363 3005 1375 ·
3051 1347 3173 1399 ἐπεὶ
3205 1346 3490 1419 ἀπέχομεν
3520 1349 3620 1403 τὸν
3653 1368 3726 1420 pt-

2164 1430 2291 1491 σθδν
2340 1433 2520 1503 ἡμῶν,
2569 1434 2665 1494 καὶ
2713 1432 2844 1489 ἄλλο
2891 1434 2986 1488 τοῦ
3034 1436 3303 1507 προτέρου
3359 1437 3727 1509 χαλεπιέιτερον

2160 1523 2463 1589 διαδέξεται
2494 1526 2642 1597 ἡμᾶς
2673 1526 2952 1594 ναυάγιον,
2982 1527 3078 1581 τοῦ
3119 1527 3221 1596 τῆς
3265 1530 3587 1594 κενοδοξίας
3617 1534 3729 1602 ἡμῖν

2159 1612 2619 1678 ἀντιπνεύσαντος
2650 1613 2925 1685 δαίμονος.
2966 1616 3058 1673 Διὸ
3087 1619 3182 1671 καὶ
3203 1619 3231 1671 ὁ
3255 1619 3463 1690 Κύριος
3489 1621 3651 1691 ήμῶν
3682 1625 3729 1675 ἐν

486 1714 714 1785 gloriam
788 1714 1093 1770 insulﬂarit.
1172 1714 1378 1771 Idcirco
1433 1712 1698 1769 Dominus
1759 1723 1947 1768 noster
2000 1712 2056 1767 in

2167 1707 2279 1768 τοῖς
2326 1706 2701 1775 Εὐαγγελίοις,
2750 1708 2843 1766 τὸν
2898 1709 3239 1781 κυϐερνήτην
3272 1712 3400 1766 νοῦν
3442 1713 3729 1777 παιδεύων,

485 1799 795 1873 Evangeliis
843 1804 1264 1859 moderatricem
1316 1804 1595 1860 instruens
1627 1810 1890 1868 mentem,
1930 1803 2056 1858 ait:

489 1909 512 1945 ι
551 1892 847 1959 Attendite,
879 1909 949 1949 ne
994 1893 1210 1949 faciatis
1249 1895 1655 1964 eleemosynam
1679 1902 1917 1949 vestram
1962 1909 2061 1950 co-

482 1996 603 2038 ram
635 1984 969 2050 hominibus,
1001 1995 1062 2040 ut
1093 1984 1162 2040 ab
1192 1985 1323 2055 ipsis
1350 1982 1785 2055 conspiciamini,
1817 1985 2059 2057 alioquin

482 2075 794 2131 mercedem
821 2074 986 2146 515
1016 2091 1123 2130 non
1167 2075 1435 2131 habebitis
1465 2090 1498 2130 s
1530 2073 1690 2130 Patre
1716 2082 1920 2141 vestro,
1965 2077 2061 2147 qui

480 2176 566 2223 est
588 2166 642 2222 in
662 2166 818 2223 ccelis
844 2168 861 2198 ¹
901 2187 920 2220 ι
952 2177 1008 2222 et
1035 2183 1226 2223 rursus
1255 2185 1269 2222 :
1304 2186 1323 2221 ι
1359 2165 1597 2234 Quando
1614 2165 1786 2223 oratis
1816 2165 2059 2240 (inquit),

479 2274 592 2314 non
622 2259 780 2315 eritis
803 2258 947 2315 sicut
975 2259 1295 2331 hypocrita},
1321 2259 1418 2332 qui
1439 2267 1625 2315 amaut
1653 2257 1708 2312 in
1741 2260 2057 2331 synagogis,

478 2358 534 2405 et
561 2351 615 2407 in
658 2352 874 2422 angulis
903 2353 1206 2423 platearum
1237 2361 1446 2409 stantes
1471 2366 1652 2415 orare,
1684 2359 1745 2405 ut
1774 2351 2063 2409 videantur

480 2442 552 2498 ab
588 2443 904 2500 hominibus
927 2462 951 2511 ς.
980 2460 1140 2500 amen
1179 2445 1304 2500 dico
1335 2445 1517 2511 vobis,
1549 2444 1697 2517 quod
1739 2456 2065 2514 receperunt

479 2536 788 2592 mercedem
819 2552 975 2593 suam
998 2538 1039 2593 ³.
1069 2556 1090 2591 ι
1110 2536 1178 2593 Et
1200 2538 1398 2599 iterum
1435 2538 1568 2595 dicit
1587 2545 1646 2595 ε’(
1666 2538 1898 2607 Quando
1919 2537 2063 2609 jeju-

480 2623 646 2688 natis,
671 2640 740 2681 ne
767 2624 892 2682 sitis
928 2626 1075 2682 sicut
1103 2626 1404 2700 hypocrita:
1434 2629 1660 2703 tristes;
1690 2628 2064 2692 exterminant

480 2718 627 2773 enim
655 2718 824 2776 facies
848 2734 979 2776 suas
1000 2759 1029 2787 ,_
1056 2730 1116 2775 ut
1153 2721 1442 2778 videantur
1463 2723 1784 2785 hominibus
1808 2723 2062 2802 jejunan-

479 2819 599 2878 tes;
620 2826 779 2867 amen
794 2812 918 2868 dico
935 2813 1455 2886 vobis,.receperunt
1474 2818 1777 2875 mercedem
1793 2834 1948 2874 suam
1967 2817 2009 2871 ³.
2035 2835 2055 2869 ι

482 2907 686 2966 Verum
727 2911 817 2968 hic
860 2911 1246 2966 attendendum
1294 2913 1507 2968 medico
1555 2916 1901 2983 animarum,
1923 2928 2061 2983 quo-

480 3005 647 3061 modo
684 3021 779 3076 per
805 3004 1203 3074 eleemosynam
1230 3013 1387 3058 curat
1416 3004 1779 3073 iracundiam,
1808 3019 1903 3075 per
1928 3020 2055 3059 ora-

480 3098 689 3154 tionem
719 3106 901 3159 autem
934 3103 1198 3172 expurgat
1227 3109 1483 3163 mentem,
1517 3106 1574 3153 et
1593 3097 1774 3153 denuo
1805 3112 1899 3169 per
1921 3096 2060 3173 jejue

482 3188 635 3245 nium
684 3188 964 3245 tabescere
1019 3186 1151 3242 facit
1193 3187 1718 3261 concupiscentiam,
1770 3203 1802 3243 e
1855 3188 2059 3258 quibus

480 3288 699 3339 constat
734 3294 911 3337 novus
935 3278 1122 3343 homo,
1153 3287 1448 3341 renovatus
1482 3278 1549 3332 ad
1589 3277 1880 3349 imaginem
1913 3279 2056 3350 ejus,

481 3374 576 3444 qui
608 3373 787 3443 ipsum
818 3369 1045 3435 creavit,
1089 3368 1146 3422 in
1183 3382 1314 3439 quo,
1342 3367 1417 3429 ob
1448 3376 1696 3423 sanctam
1734 3368 2058 3439 passionum

479 3466 831 3530 vacuitatem.
881 3478 991 3518 non
1037 3470 1124 3517 est
1154 3476 1305 3528 mas,
1341 3470 1395 3517 et
1444 3459 1668 3525 femina,
1717 3470 1790 3525 et,
1840 3470 2060 3535 propter

481 3572 647 3613 lnam
678 3556 858 3617 ﬁdem,
889 3561 945 3609 et
974 3552 1314 3616 charitatem,
1348 3565 1456 3612 non
1487 3560 1572 3607 est
1598 3551 1838 3622 gentilis,
1864 3536 1932 3606 let
1960 3549 2059 3605 Ju-

480 3649 655 3708 daaus.
685 3644 1053 3709 circumcisio,
1071 3652 1126 3700 et
1148 3644 1499 3715 praeputium,
1514 3642 1809 3708 Barbarus,
1830 3642 2055 3714 Scytha,

480 3756 683 3802 servus
699 3750 754 3796 et
788 3738 947 3805 liber,
984 3736 1075 3792 sed
1121 3736 1306 3829 omnia
1336 3736 1392 3795 in
1438 3736 1697 3797 omnibus
1732 3728 1985 3791 Christus
2014 3736 2053 3788 '.

1082 3931 1315 3989 CAP-UT
1365 3931 1456 3993 IV.

554 4047 945 4119 lnquirendum
967 4061 1122 4113 vero,
1155 4047 1433 4117 quomodo
1463 4046 1516 4102 in
1555 4047 2064 4118 imaginationibus,

2171 1815 2193 1850 ι
2256 1797 2594 1869 Προσέχετε,
2647 1802 2831 1870 φησιν,
2882 1799 2984 1871 τὴν
3030 1801 3407 1874 ἐλεημοσύνην
3458 1804 3623 1875 ἡμῶν
3667 1805 3732 1877 μὴ

2163 1892 2336 1943 ποιεῖν
2376 1889 2688 1960 ἔμπροσθεν
2717 1889 2824 1944 τῶν
2868 1890 3174 1963 ἀνθρώπων
3204 1894 3345 1963 πρὸς
3368 1894 3432 1947 τὺ
3466 1896 3735 1952 θεαθεῖναι

2161 1981 2367 2047 αὐτοῖς,
2401 1983 2450 2035 εί
2470 1981 2528 2038 δὲ
2562 1983 2705 2053 μήγε
2729 1982 2919 2053 μισθὸν
2944 1984 3044 2036 οὐκ
3077 1983 3228 2054 ἔχετε
3268 1984 3424 2055 παρά
3449 1985 3537 2056 τῷ
3576 1988 3737 2056 Harp}

2164 2074 2317 2145 ὑμῶν
2362 2074 2440 2144 τῷ
2476 2076 2535 2127 ἐν
2572 2078 2684 2138 τοῖς
2727 2076 2997 2146 οὐρανοῖς.
3051 2093 3071 2127 ι
3124 2075 3235 2133 Κα)⁵
3266 2076 3467 2129 πάλιν·
3525 2096 3547 2129 ι
3584 2079 3734 2130 Ὅταν

2162 2164 2563 2236 προσεύχησθε,
2593 2167 2782 2237 φησὶν,
2815 2167 2916 2221 οὐκ
2957 2167 3145 2228 ἔσεσθε
3183 2167 3375 2239 ῶσπερ
3414 2169 3467 2221 οἱ
3510 2169 3734 2241 ὑποκριη

2160 2261 2274 2323 ταὶ,
2306 2259 2389 2313 ὅτι
2437 2257 2684 2328 φιλοῦσιν
2734 2261 2791 2312 ἐν
2836 2262 2958 2322 ταῖς
2996 2261 3359 2327 συναγωγαῖς,
3394 2261 3493 2312 καὶ
3524 2262 3587 2312 ἐν
3631 2262 3736 2321 cui;

2162 2351 2391 2421 γωνίαις
2427 2352 2543 2410 τῶν,
2568 2350 2843 2404 πλατειῶν
2869 2350 3108 2414 ἑστῶτες
3138 2351 3573 2422 προσεύχεσθαι,
3603 2353 3736 2415 ὅπως

2164 2444 2377 2516 φανῶσι
2419 2446 2534 2508 τοῖς
2576 2441 2913 2514 ἀνθρὼποις’
2951 2443 3098 2513 ἀμὴν
3131 2443 3276 2511 λέγω
3307 2443 3465 2513 ὑμῖν,
3509 2446 3599 2497 δτι
3640 2444 3736 2497 ἀπ-

2162 2538 2344 2609 έχουσι
2366 2537 2458 2591 τὸν
2490 2537 2680 2609 μισθὸν
2713 2536 2913 2592 αὐτῶν.
2940 2556 2959 2589 ι
2995 2538 3106 2592 Καὶ
3136 2538 3295 2592 πάλιν
3319 2538 3499 2608 λέγει·
3531 2557 3553 2591 ι
3586 2541 3737 2592 Ὅταν

2164 2631 2491 2703 νηστεύητε,
2538 2631 2614 2701 μὴ
2662 2630 2904 2698 γίνεσθε,
2949 2629 3137 2701 ὥσπερ
3180 2633 3230 2685 oi
3270 2631 3580 2702 ὑποκριταὶ
3626 2648 3738 2684 σκυο

2163 2722 2392 2794 θρωποίο
2428 2722 2752 2791 ἀφανίζουσι
2798 2722 2907 2793 γὰρ
2941 2722 3009 2776 τά
3038 2724 3308 2794 πρόσωπα
3354 2724 3565 2787 αὐτῶν,
3601 2725 3737 2785 ὅπως

2162 2811 2374 2881 φανῶσι
2422 2816 2537 2877 τοῖς
2604 2812 2914 2884 ἀνθρώποις
2973 2814 3357 2884 νηστεύοντες·
3402 2815 3559 2886 ἀμὴν
3606 2814 3739 2881 λέγω

2162 2903 2311 2974 ὑμῖν,
2351 2904 2647 2973 ἀπέχουσιν
2689 2904 2782 2957 τὸν
2821 2903 3013 2975 μισθὸν
3053 2904 3257 2959 αὐτῶν.
3302 2923 3321 2956 ι
3374 2904 3545 2959 Ἀλλὰ
3583 2922 3739 2976 προσ-

2164 3000 2352 3053 εκτέον
2383 2998 2619 3055 ὲνταῦθα
2647 2998 2727 3070 τῷ
2763 2998 2933 3072 ἰατρῷ
2973 2998 3082 3053 τῶν
3106 2999 3312 3070 ψυχῶν,
3361 3000 3487 3065 πῶς
3520 3001 3611 3055 διὰ
3651 2999 3738 3070 μὲν

2159 3094 2259 3163 τῆς
2300 3092 2674 3165 ἐλεημοσύνης
2704 3090 2798 3145 τὸν
2835 3090 3007 3163 θυμὸν
3041 3090 3359 3163 θεραπεύει,
3402 3092 3502 3146 διὰ
3548 3093 3609 3147 δέ
3652 3091 3738 3160 τῆς

2159 3185 2470 3256 προσευχῆς
2514 3184 2607 3238 τὸν
2637 3182 2764 3239 νοῦν
2812 3184 3123 3256 καθαρίζει,
3168 3186 3261 3238 καὶ
3299 3184 3472 3239 πάλιν
3525 3185 3617 3238 διὰ
3651 3186 3735 3255 τῆς

2159 3276 2414 3346 νηστείας
2442 3276 2542 3347 τὴν
2592 3276 2888 3349 ἐπιθυμίαν
2916 3277 3342 3347 καταμαραίνει,
3388 3277 3453 3343 ἐξ
3498 3271 3581 3331 ὧν
3625 3294 3736 3328 συν-

2162 3368 2379 3422 ίσταται
2412 3370 2444 3422 ὁ
2468 3367 2589 3433 νέος
2636 3368 2942 3440 ἄνθρωπος,
2970 3371 3000 3423 ὁ
3022 3370 3487 3440 ἀνακαινούμενος
3521 3369 3643 3423 κατ’
3671 3370 3738 3421 εξ-

2158 3461 2292 3516 κόνα
2330 3461 2423 3515 τοῦ
2467 3461 2754 3526 κτίσαντος
2778 3462 2962 3526 αὑτὸν,
3006 3463 3064 3516 ἐν
3107 3455 3153 3531 ᾧ
3199 3463 3300 3514 οὐκ
3341 3460 3462 3513 ἔστι
3508 3461 3603 3515 διὰ
3652 3458 3740 3529 τὴν

2159 3552 2322 3622 ἁγίαν
2349 3553 2621 3608 ἀπάθειαν
2659 3555 2846 3627 ἄρσεν,
2874 3556 2969 3608 καὶ
2994 3554 3167 3626 θῆλυ,
3208 3553 3333 3607 οὐδὲ
3360 3552 3455 3606 διὰ
3484 3553 3591 3624 τὴν
3622 3552 3738 3621 μίαν

2158 3646 2362 3712 πίστιν,
2384 3646 2479 3700 καὶ
2502 3647 2746 3717 ἀγάπην,
2777 3646 2999 3717 Ἕλλην,
3028 3647 3122 3701 καὶ
3153 3646 3424 3709 Ἰουδαῖος,
3444 3643 3737 3715 περιτομὴ,

2158 3740 2254 3793 καὶ
2315 3739 2671 3811 ἀκροϐυστία,
2730 3739 3034 3810 Βάρὸαρος,
3085 3738 3319 3808 Σκύθης,
3374 3737 3598 3804 δοῦλος,
3657 3736 3737 3790 καὶ

2158 3832 2468 3905 ἐλεύθερος,
2495 3833 2632 3887 ἀλλὰ
2654 3833 2724 3887 τὰ
2757 3834 2938 3894 πάντα
2972 3836 3031 3887 ἐν
3074 3834 3213 3886 πᾶσι
3234 3832 3503 3905 Χριστός.

2801 3944 3055 4007 ΚΕΦΑΛ.
3095 3946 3168 3997 Δ’.

2231 4059 2501 4131 Ζητητέον
2524 4059 2582 4121 δὲ
2620 4058 2736 4121 πῶς
2766 4060 2823 4111 ἐν
2863 4062 2996 4125 ταῖς
3039 4059 3159 4115 καθ’
3192 4058 3359 4111 ὕπνον
3406 4059 3741 4126 φαντασίαις

482 4154 606 4209 qua:
633 4152 729 4206 per
753 4151 1010 4194 somnum
1035 4137 1380 4208 contingunt,
1403 4136 1676 4192 daemones
1698 4140 1869 4193 nostri
1889 4138 2058 4193 animi

2167 4152 2421 4205 τυποῦσιν
2451 4150 2608 4222 ἡμῶν
2640 4151 2702 4205 τὸ
2731 4151 3058 4222 ἡγεμονικὸν
3090 4151 3183 4204 καὶ
3216 4150 3667 4221 σχηματίζουσιν
3698 4150 3747 4200 οἱ

480 4230 843 4303 principatum
861 4229 1220 4299 imprimendo
1232 4229 1542 4296 ell‘ormeut;
1563 4229 1775 4285 videtur
1790 4230 1935 4286 enim
1953 4233 2057 4287 hoc

2167 4243 2411 4313 δαίμονες
2434 4257 2449 4272 ’
2482 4242 2544 4303 τὸ
2570 4242 2681 4313 γὰρ
2707 4240 2953 4296 τοιοῦτον
2984 4242 3131 4295 ἔοικε
3171 4240 3503 4310 συμϐαίνειν
3542 4241 3623 4311 τῷ
3653 4238 3739 4308 νῷ,

480 4322 595 4379 tale
615 4321 748 4393 quid
766 4322 933 4377 menti
950 4321 1215 4387 accidere,
1237 4332 1331 4377 aut
1348 4337 1446 4392 per
1467 4322 1656 4377 oculos
1674 4322 1926 4389 intuenti,
1959 4333 2056 4378 aut

2167 4338 2195 4408 ἢ
2246 4336 2314 4389 δι’
2349 4335 2652 4406 ὀφθαλμῶν
2694 4335 2915 4405 ὁρῶντι,
2962 4334 2997 4405 ἢ
3047 4334 3116 4387 δι’
3158 4332 3332 4403 ἀκοῆς
3380 4334 3670 4395 ἀκούοντι,
3708 4330 3736 4396 ἦ

479 4428 578 4483 per
601 4389 763 4468 aures
784 4411 1048 4476 audienti,
1069 4420 1164 4466 aut
1185 4389 1379 4467 rursus
1399 4426 1495 4482 per
1509 4427 1729 4467 sensum
1756 4423 1908 4473 certa
1922 4430 2058 4485 qua.

2167 4389 2322 4481 πάλιν
2348 4389 2417 4480 δί’
2447 4389 2756 4498 αἰσθήσεως
2787 4389 3040 4497 ποιάς,’ἦ
3072 4424 3182 4478 ἀπὸ
3363 4425 3601 4495 μνήμης

481 4507 609 4562 dam
626 4505 888 4576 qualitate
912 4504 1216 4574 praeditum,
1232 4515 1327 4561 aut
1342 4520 1409 4560 ex
1430 4507 1853 4577 memoria,quaa
1873 4509 2060 4580 εωριοί-

480 4599 581 4655 mit
605 4598 1146 4670 animilprincipatui,
1169 4615 1277 4653 non
1302 4614 1399 4670 per
1414 4614 1633 4669 corpus,
1660 4610 2055 4674 verumtamen,

2159 4520 2320 4571 τυποῖ
2345 4516 2443 4587 μὲν
2469 4516 2531 4569 τὺ
2550 4516 2904 4587 ἡγεμονικὸν,
2941 4516 3003 4569 οὐ
3032 4515 3120 4579 διὰ
3142 4515 3237 4569 τοῦ
3268 4515 3558 4585 σώματος,
3608 4513 3733 4580 πλὴν

2157 4611 2300 4680 ἅπερ
2346 4610 2443 4673 Sid
2466 4609 2560 4665 τοῦ
2596 4608 2847 4678 σώματος
2888 4608 3035 4681 ἔσχε,
3087 4608 3262 4661 ταῦτα
3314 4609 3484 4661 κινεῖ.
3542 4610 3609 4661 UE
3653 4600 3733 4657 οὖν

480 4702 603 4758 quae
622 4702 718 4758 per
734 4687 1161 4758 corpushabuit,
1184 4688 1278 4757 illa
1296 4688 1806 4759 commovet;_igitur
1826 4691 1957 4746 mihi
1975 4694 2058 4748 vi-

2167 4704 2408 4774 Ξαίμονες
2436 4701 2648 4765 ἐοίκασί
2681 4718 2772 4772 μοι
2797 4702 2896 4772 τὴν
2926 4702 3152 4773 μνήμην
3193 4697 3506 4763 κινοῦντες,
3545 4696 3732 4751 tum}:

480 4780 680 4836 dentur
706 4779 1003 4845 daemones,
1056 4780 1376 4839 memoriam
1418 4780 1721 4846 movendo,
1744 4782 2056 4852 imprimere

2167 4796 2218 4848 τὸ
2247 4792 2574 4865 ἡγεμονικόν
2594 4809 2609 4824 ·
2640 4793 2703 4846 τὸ
2727 4792 2837 4863 γὰρ
2866 4792 3101 4864 ὄργανον
3129 4791 3234 4845 ὑπὸ
3258 4790 3356 4843 τοῦ
3393 4790 3577 4843 ὕπνου
3617 4804 3735 4841 κατ-

479 4871 647 4928 auimi
664 4871 1019 4942 principatui;
1032 4872 1454 4928 instrumentum
1475 4872 1673 4943 quippe
1684 4888 1877 4932 sensus
1893 4875 2058 4949 513

2167 4886 2349 4956 ἔχεται
2389 4883 2776 4955 ἀνενέργητον.
2832 4883 2957 4946 Πῶς
3002 4879 3095 4937 οὖν
3147 4883 3309 4936 πάλιν
3355 4883 3463 4954 τὴν
3522 4883 3731 4953 μνήμην

481 4979 514 5020 a
536 4978 732 5021 somno
756 4964 1030 5020 detinetur
1042 4963 1303 5019 otiosum.
1332 4962 1545 5019 Rursus
1566 4980 1717 5035 ergo,
1751 4981 1861 5035 quo
1896 4978 2054 5036 pacto

482 5056 801 5113 memoriam
832 5067 1231 5123 commoveant,
1266 5055 1674 5128 inquirendum.
1692 5057 1775 5112 An
1803 5057 2055 5119 fortassis

483 5163 577 5218 per
599 5149 921 5219 passiones?
946 5136 1016 5205 et
1043 5150 1147 5205 hoc
1178 5148 1527 5205 manifestum
1569 5148 1694 5205 inde
1716 5193 1732 5217 ,
1771 5152 1921 5221 quia,
1959 5155 2055 5225 qui

478 5243 601 5309 puri
620 5250 767 5306 sunt,
779 5242 1107 5311 minimeque
1122 5243 1341 5297 obnoxii
1357 5240 1722 5312 passionibus,
1739 5245 2053 5315 neutiquam

482 5331 696 5400 aliquid
732 5332 1046 5403 huiusmodi
1086 5334 1388 5405 patiuntur.
1426 5331 1524 5393 Est
1566 5344 1749 5388 autem
1778 5345 1833 5391 et
1875 5349 2054 5394 motus

480 5423 714 5491 quidam
751 5428 1028 5484 memoria:
1079 5428 1330 5498 simplex,
1382 5428 1478 5499 qui
1519 5441 1550 5480 a
1594 5428 1753 5485 nobis
1781 5429 1874 5496 ﬁt,
1909 5442 2052 5486 auta

482 5516 688 5572 sanctis
735 5520 1128 5586 potestatibus,
1173 5536 1269 5591 per
1289 5538 1452 5593 quem
1497 5539 1886 5583 convcrsamur
1928 5542 2050 5581 cum

2159 4973 2369 5028 κινοῦσι
2396 4973 2675 5045 ζητητέον,
2705 4974 2738 5045 ἢ
2764 4974 2902 5045 τάχα
2931 4974 3021 5028 διὰ
3048 4975 3156 5028 τῶν
3188 4973 3414 5041 παθῶν;
3454 4976 3555 5037 καὶ
3589 4972 3734 5025 τοῦτο

2159 5066 2315 5136 δῆλον
2365 5066 2431 5121 ἐκ
2468 5065 2563 5118 τοῦ
2614 5068 2811 5137 μηκέτι
2852 5067 2980 5130 τοὺς
3024 5066 3320 5137 καθαροὺς,
3365 5066 3468 5119 καὶ
3513 5066 3735 5124 ἀπαθεῖς

2162 5160 2387 5229 πάσχειν
2415 5176 2468 5213 τι
2496 5158 2755 5213 τοιοῦτον.
2788 5160 2944 5219 Ἐστι
2991 5160 3047 5212 δέ
3078 5161 3173 5212 καὶ
3202 5158 3421 5232 κίνησίς
3466 5175 3555 5222 τις
3598 5155 3737 5223 ἁπλῆ

2157 5250 2247 5321 ὑφ’
2301 5250 2460 5324 ἡμῶν
2512 5253 2793 5325 γινομένη,
2824 5252 2997 5324 ἧύπὸ
3034 5254 3208 5323 ἁγίων
3252 5252 3571 5321 δυνάμεων,
3624 5251 3737 5304 καθ’

2154 5343 2223 5412 ἣν
2250 5343 2425 5411 ἁγίοις
2449 5361 2509 5396 τε
2539 5347 2977 5417 συντυγχάνομεν
3014 5346 3075 5399 ἐν
3115 5349 3233 5412 τοῖς
3269 5345 3467 5409 ὕπνοις
3495 5346 3604 5400 καὶ
3621 5350 3739 5414 ὁμι-

2155 5435 2376 5506 λοῦμεν,
2425 5435 2520 5498 καὶ
2570 5437 2996 5509 συνεστιῶμεθα.
3049 5438 3203 5511 Πλὴν
3248 5439 3619 5509 προσεκτέον,
3664 5439 3739 5489 ὅτι

2156 5526 2303 5600 ἅπερ
2336 5529 2474 5600 μετά
2504 5531 2597 5585 τοῦ
2631 5531 2880 5604 σώματος
2925 5534 2959 5605 ή
2991 5532 3139 5605 ψυχὴ
3180 5532 3492 5604 εἰσδέχεται
3519 5532 3743 5595 ataui-‘1‘.

564 5695 579 5726 ί
612 5693 799 5752 Matth.
830 5712 904 5765 Vl,
937 5698 987 5752 1».
1066 5701 1084 5731 ²
1115 5701 1246 5757 ibid.
1409 5704 1428 5735 ³
1466 5705 1601 5763 ibid.
1645 5707 1730 5765 16.
1807 5714 1834 5746 δν
1857 5710 2030 5768 Galal.

2182 5710 2270 5767 28.
