3788 6224
138 258 277 321 1205

1125 263 1221 323 DE
1268 263 1637 325 MALIGNIS
1676 265 2329 329 COGITATIONIBUS.

3240 263 3375 329 1206

135 368 310 419 ταῦτα
366 365 495 420 ἄνευ
538 367 629 420 τοῦ
679 368 990 441 σώματοςὴ
1027 373 1215 442 μνήμη
1260 375 1402 426 κινεῖ
1429 375 1525 426 καὶ
1553 373 1710 427 τοῦτο

1838 375 2013 430 .anetis
2047 377 2099 429 in
2128 377 2357 442 somnis,
2392 384 2446 431 et
2476 376 2857 448 colloquimur,
2891 383 2945 432 et
2976 374 3371 431 conveseimur.

138 459 309 526 σαφὲς
338 461 403 511 ἐκ
436 460 529 512 τοῦ
569 460 844 525 πολλάκις,
878 464 970 516 καὶ
999 464 1056 515 ἐν
1084 467 1193 527 τοῖς
1243 464 1430 528 ὕπνοις
1470 465 1701 535 πάσχειν

1838 462 2185 520 ’erumtamen
2226 468 2631 534 attendendum,
2666 468 2833 537 quod,
2859 482 2980 536 qua:
3004 482 3126 521 cum
3151 480 3377 535 corpore

138 554 284 620 ἡμᾶς
329 551 487 604 τοῦτο
519 552 854 623 ἠρεμοῦντος
883 554 975 607 τοῦ
1027 555 1293 625 σώματος.
1328 557 1538 626 Ὥσπερ
1586 558 1700 609 ἐστι

138 644 247 710 γὰρ
281 644 652 713 μνημονεῦσαι
684 644 896 709 ὓδατος,
929 647 1021 699 καὶ
1063 648 1199 715 μετὰ
1244 647 1422 718 δίψης,
1455 649 1548 701 καὶ
1576 648 1703 701 ἄνευ

137 735 298 806 δίψης
319 755 331 768 ’
362 736 533 798 οὕτως
563 736 676 790 ἔστι
709 738 1075 809 μνημονεῦσαι
1102 740 1323 810 χρυσίου
1355 740 1493 809 μετὰ
1520 739 1706 793 πλεον-

140 825 324 899 εξίας,
379 829 473 880 καὶ
530 827 662 880 ἄνευ
722 828 1055 893 πλεονεξίας,
1100 830 1192 882 καὶ
1245 832 1336 882 ἐπὶ
1381 831 1488 885 τῶν
1533 832 1707 885 ἄλλων

84 933 91 960 ί
140 915 484 984 πραγμάτων
514 916 798 979 ὡσαύτως.
849 918 923 969 Τὸ
973 917 1028 970 δὲ
1076 919 1287 972 τοιάσδε
1317 919 1348 989 ἢ
1379 919 1590 972 τοιάσδε
1619 922 1709 972 εύ-

86 991 95 1002 ’
145 1007 357 1076 ρίσκειν
410 1009 722 1077 φαντασιῶν
750 1009 1009 1081 διαφορὰς
1056 1009 1146 1061 τὸν
1183 1010 1329 1069 νοῦν.
1362 1011 1460 1081 τῆς
1488 1009 1709 1063 ἐκείνων

143 1100 505 1169 κακοτεχνίας
559 1101 675 1152 ἐστὶ
725 1100 1029 1172 γνώρισμα.
1097 1103 1247 1173 ’Ἀμα
1301 1102 1356 1155 δὲ
1413 1104 1503 1155 καὶ
1557 1103 1713 1157 τοῦτο

148 1191 345 1256 ἰστέον,
367 1193 450 1246 ὄτι
479 1193 701 1256 καὶτοῖς
721 1192 918 1257 ἔξωθεν
940 1194 1228 1264 πράγμασι
1258 1196 1548 1266 κέχρηνται
1580 1196 1713 1266 πρὸς

144 1282 246 1347 τὰς
280 1286 577 1352 φαντασίας
604 1287 653 1338 οἱ
681 1286 951 1355 δαίμονες,
982 1286 1057 1350 ὡς
1090 1288 1183 1339 ἐπὶ
1212 1287 1320 1341 τῶν
1345 1288 1611 1342 πλεόντων
1638 1288 1715 1359 τῷ

146 1376 267 1445 ήχῳ
292 1375 398 1428 τῶν
428 1377 710 1444 κυμάτων.
745 1376 956 1445 Σφόδρα
984 1377 1063 1447 τῷ
1094 1376 1282 1447 σκοπῷ
1310 1377 1416 1430 τῶν
1445 1379 1716 1448 δαιμόνων

147 1470 177 1519 ὁ
208 1467 375 1536 θυμὸς
401 1467 560 1538 ἡμῶν
590 1468 957 1537 συμϐάλλεται
993 1469 1145 1540 παρὰ
1176 1470 1338 1537 φύσιν
1378 1472 1716 1541 κινούμενος,

149 1556 249 1609 καὶ
290 1557 423 1627 πρὸς
455 1559 633 1611 πᾶσαν
675 1560 857 1612 αὐτῶν
895 1560 1309 1631 κακομηχανίαν
1339 1561 1547 1629 γίνεται
1582 1580 1721 1634 χρη-

152 1645 480 1717 σιμώτατος,
504 1648 625 1702 ὅθεν
653 1648 888 1721 νύκτωρ,
912 1651 1004 1703 καὶ
1031 1650 1148 1720 μεθ’
1177 1653 1394 1722 ἡμέραν
1421 1652 1720 1724 ταράσσειν

1804 554 1985 608 anima
2020 556 2249 625 suscipit
2278 558 2592 623 simulacra,
2620 574 2684 613 ea
2707 559 2911 628 absque
2936 571 3167 627 corpore
3196 565 3378 609 movet

1806 647 2086 712 memoria;
2128 657 2182 701 et
2208 650 2310 704 hoc
2342 650 2581 706 dilucide
2627 661 2775 721 patet
2807 668 2870 705 ex
2900 665 2966 704 eo
2997 650 3142 719 quod
3180 650 3378 718 sapius

1805 740 1859 793 in
1890 740 2095 795 somnis
2131 742 2292 795 etiam
2334 760 2434 799 nos
2458 744 2601 799 istud
2650 745 2887 815 patimur
2913 787 2927 810 ,
2972 760 3199 813 corpore
3227 746 3379 814 quie-

1808 843 2012 890 scente.
2062 836 2531 899 Quemadmodum
2589 840 2735 893 enim
2787 838 3046 907 possibile
3095 846 3179 891 est
3231 851 3382 906 aqum

1810 926 2145 992 meminisse,
2177 939 2231 981 et
2256 944 2379 983 cum
2408 930 2521 993 siti,
2543 938 2598 985 et
2618 931 2823 999 absque
2846 930 2956 996 siti,
2988 929 3067 985 sic
3089 946 3382 1000 possumus

1812 1019 2083 1073 recordari
2113 1021 2230 1073 auri
2254 1034 2378 1074 cum
2410 1023 2705 1092 cupiditate
2738 1021 2967 1076 habendi
2999 1022 3155 1086 illud,
3192 1033 3247 1076 et
3267 1023 3386 1077 sine

1814 1110 2140 1178 cupiditate;
2192 1122 2354 1181 atque
2389 1113 2640 1168 similiter
2684 1112 2804 1166 aliis
2851 1094 2918 1166 de
2967 1112 3150 1167 rebus.
3184 1111 3382 1167 Verum

1815 1202 1957 1268 quod
1991 1219 2142 1259 mens
2195 1204 2329 1259 tales
2367 1213 2463 1257 aut
2497 1204 2628 1258 tales
2661 1203 2900 1259 inveniat
2936 1204 3384 1272 imaginationum

1816 1291 2164 1361 differentias,
2191 1298 2403 1351 illarum
2432 1299 2691 1354 indicium
2713 1312 2801 1355 est
2815 1300 3083 1362 maleficii,
3113 1314 3208 1352 seu
3228 1297 3384 1359 artis,

1819 1398 1938 1453 qua:
1958 1388 2024 1441 ad
2049 1398 2291 1443 nostram
2318 1390 2658 1445 convertitur
2691 1394 3008 1461 perniciem.
3039 1390 3212 1446 Simul
3235 1403 3389 1448 vero,

1821 1485 1875 1535 et
1920 1481 2025 1533 hoc
2072 1480 2378 1544 sciendum,
2425 1483 2569 1551 quod
2617 1484 2889 1540 (laetuoues
2930 1483 3179 1539 externis
3227 1486 3390 1535 etiam

1823 1573 1987 1628 rebus
2016 1579 2246 1625 utuntur
2282 1571 2347 1625 ad
2394 1573 2809 1642 imaginationes
2840 1573 3182 1638 excitandas,
3225 1578 3305 1634 ut,
3339 1570 3390 1621 in

1823 1658 2223 1728 navigantibus,
2271 1659 2451 1713 sonitu
2495 1660 2778 1717 fluctuum.
2815 1661 3180 1718 Vehementer
3212 1669 3392 1713 autem

147 1738 337 1793 τοῦτον
384 1740 562 1805 οὐδεὶς
607 1742 788 1795 αὐτῶν
818 1744 1187 1814 παραιτεῖται,
1221 1743 1335 1796 ἀλλ’
1363 1744 1492 1797 ὅταν
1534 1745 1715 1798 ἴδωσιν

1838 1751 2126 1806 laemonum
2152 1748 2418 1806 intentum
2440 1755 2697 1825 juvatjra
2721 1766 2902 1811 nostra
2926 1765 3121 1826 praeter
3140 1763 3392 1809 naturam

146 1831 318 1885 αὑτὸν
356 1832 579 1887 δεθέντα
610 1834 898 1904 πραότητι,
933 1833 993 1887 τὸ
1030 1833 1331 1904 τηνικαῦτα
1364 1835 1456 1888 ἐπὶ
1484 1836 1720 1900 δικαίαις

146 1925 488 1997 προφάσεσιν
532 1926 694 1988 εὐθὺς
744 1926 906 1980 αὐτὸν
954 1926 1310 1992 ἀπολύουσιν,
1347 1927 1433 1982 ἵνα
1469 1927 1720 1997 ὀξύτερος

144 2015 410 2085 γεγονὼς,
441 2018 533 2071 καὶ
560 2017 697 2088 πρὸς
732 2017 858 2081 τοὺς
892 2017 1177 2089 θηριώδεις
1211 2018 1504 2089 λογισμοὺς
1543 2019 1719 2072 αὐτῶν

144 2107 481 2179 χρησιμεύῃ,
512 2107 700 2180 διόπερ
729 2108 962 2178 ἀνάγκη,
998 2109 1133 2178 μήτε
1164 2109 1413 2174 δικαίοις,
1448 2110 1586 2181 μήτε
1633 2110 1719 2161 ἐπ’

142 2198 359 2261 ἀδίκοις
378 2199 700 2269 πράγμασιν
729 2200 858 2254 αὐτὸ
888 2200 1170 2266 ἐρεθίζειν,
1200 2202 1338 2271 μήτε
1368 2201 1539 2255 κακὸν
1570 2200 1719 2270 ξίφος

142 2289 347 2344 διδόναι
373 2294 487 2354 τοῖς
530 2291 941 2346 ὑποϐάλλουσιν.
984 2293 1162 2364 Ὅπερ
1205 2292 1465 2357 πολλάκις
1495 2293 1719 2357 πολλοὺς

142 2383 439 2448 ποιοῦντας
469 2385 788 2457 ἐπίσταμαι,
826 2387 922 2439 καὶ
951 2385 1112 2439 πλέον
1143 2386 1177 2456 ἢ
1209 2385 1335 2458 χρὴ,
1367 2386 1458 2439 ἐπὶ
1499 2388 1718 2457 μικραῖς

140 2475 562 2546 ἀναπτομὲνους
592 2477 948 2549 προφάσεσιν.

1825 1854 2115 1905 commota,
2168 1850 2222 1895 et
2255 1847 2321 1901 ad
2356 1863 2569 1902 onmem
2618 1848 2860 1917 ipsorum
2915 1848 3112 1923 malam
3169 1844 3396 1899 fraudu-

1825 1933 2044 1991 lentiam
2090 1941 2269 1995 evadit
2317 1940 2618 2010 aptissima,
2665 1941 2807 1994 unde
2850 1949 3039 2007 noctu,
3077 1948 3132 1994 et
3161 1938 3393 1993 interdiu

1824 2026 1995 2096 ipsam
2030 2032 2251 2087 turbare
2299 2034 2482 2087 nullus
2536 2048 2724 2087 eorum
2762 2040 2998 2098 recusat,
3034 2031 3130 2087 sed
3179 2030 3397 2101 quando

1824 2116 2057 2173 viderint
2092 2137 2209 2176 eam
2256 2123 2675 2178 mansuetudine
2716 2123 2997 2193 illigatam,
3042 2131 3174 2177 tunc
3217 2121 3397 2191 justos

1824 2209 1895 2263 ob
1925 2222 2219 2280 praeteritus
2261 2214 2550 2270 confestim
2597 2215 2742 2270 illam
2783 2216 3093 2280 exsolvunt,
3121 2225 3181 2269 ut
3207 2212 3397 2269 effecta

1825 2301 1997 2370 magis
2029 2313 2209 2368 acuta,
2241 2307 2307 2361 ad
2337 2306 2541 2362 ferinas
2570 2308 2737 2362 etiam
2766 2307 3005 2377 ipsorum
3037 2306 3397 2377 cogitationes

1824 2397 2285 2463 accommodetur;
2311 2398 2469 2469 517
2505 2399 2627 2453 ideo
2655 2412 2939 2455 necessum
2966 2407 3069 2465 est,
3103 2413 3205 2453 nec
3232 2397 3399 2468 justis

1824 2498 1925 2537 nec
1955 2484 2172 2554 injustis
2201 2489 2269 2545 de
2308 2491 2473 2545 rebus
2502 2503 2621 2545 eam
2676 2491 2912 2556 irritare,
2959 2506 3134 2562 neque
3173 2490 3399 2547 noxium

139 2585 339 2627 ensem
370 2572 611 2642 praebere
642 2575 1097 2645 suggerentibus;
1159 2574 1304 2646 quod
1354 2588 1594 2644 persaepe
1632 2571 1834 2630 multos
1874 2576 2067 2637 fecisse
2109 2585 2254 2651 novi,
2296 2593 2350 2639 et
2380 2584 2503 2655 plus
2544 2600 2708 2654 quam
2768 2594 3063 2655 oporteret,
3104 2598 3300 2655 parvos
3329 2582 3402 2638 ob

139 2672 465 2732 pmtextus,
498 2678 812 2720 succensas.

746 2784 994 2840 ΚΕΦΑΛ.
1056 2786 1132 2840 E’.

746 2785 879 2840 ΚΕΦ
981 2827 994 2840 .
1056 2786 1132 2840 E’.

238 2875 410 2948 Ὑπὲρ
426 2876 571 2940 τίνος
595 2876 725 2949 γὰρ,
740 2878 859 2931 είπέ
882 2785 1004 2948 :2,
1021 2877 1114 2930 καὶ
1135 2875 1496 2945 προσπίπτεις
1524 2875 1729 2945 ταχέως

2440 2791 2669 2849 CAPUT
2708 2791 2774 2848 Υ.

1888 2873 2097 2932 Etenim
2135 2878 2224 2935 die
2246 2880 2408 2935 etiam
2449 2881 2603 2946 mihi,
2646 2895 2816 2951 quare
2875 2879 3125 2935 celeriter
3159 2879 3401 2950 procidis

142 2973 238 3035 εἰς
268 2971 470 3042 μάχην,
501 2970 656 3040 είπερ
687 2968 1013 3041 βρωμάτων,
1043 2969 1137 3022 καὶ
1166 2968 1345 3040 δόξης,
1377 2969 1471 3021 καὶ
1507 2968 1715 3039 χρημά-

1838 2966 1882 3020 in
1915 2984 2114 3039 pugna,
2158 2971 2424 3041 siquidem
2464 2987 2645 3039 escas,
2678 2980 2733 3027 et
2762 2971 3013 3043 gloriam,
3051 2979 3106 3027 et
3144 2971 3403 3041 pecunias

142 3085 267 3122 των
295 3065 821 3137 καταπεφρόνηκας;
853 3066 907 3117 τί
943 3064 1002 3118 δὲ
1040 3064 1263 3135 τρέφεις
1300 3063 1392 3116 τὸν
1430 3063 1588 3125 κύνα,
1623 3079 1729 3133 μη-

142 3159 247 3214 δὲν
276 3157 419 3229 ἔχειν
447 3155 911 3226 ἐπαγγελλόμενος
938 3173 953 3221 ;
987 3156 1049 3207 Εί
1080 3155 1137 3208 δέ
1165 3148 1315 3217 οὗτος
1346 3153 1587 3217 ὑλακτεῖ,
1634 3153 1728 3206 καὶ

141 3253 272 3314 τοῖς
300 3249 610 3322 ἀνθρώποις
640 3250 953 3319 ἐπέρχεται,
978 3246 1243 3319 πρόδηλος
1273 3242 1325 3299 εἴ
1352 3246 1497 3299 ἔνδον
1525 3262 1726 3315 κεκτη-

149 3341 323 3413 μένος
350 3342 492 3407 τινὰ,
529 3341 623 3394 καὶ
662 3339 835 3393 ταῦτα
869 3338 1164 3408 φυλάσσειν
1193 3337 1532 3409 βουλόμενος.
1586 3337 1727 3389 Ἀλλ’

147 3430 274 3501 ἐγὼ
316 3432 407 3486 τὸν
443 3433 682 3487 τοιοῦτον
730 3431 949 3502 μακράν
988 3429 1235 3499 καθαρᾶς
1276 3430 1581 3502 προσευχῆς
1610 3431 1730 3483 πεί-

148 3523 329 3595 Θομαι
371 3520 510 3579 εἶναι
540 3525 796 3596 λυμεῶνα
838 3525 927 3579 τὸν
959 3525 1131 3595 θυμὸν
1176 3525 1277 3596 τῆς
1317 3524 1577 3596 τοιαύτης
1607 3527 1728 3578 ἐπι-

154 3614 453 3684 στάμενος.
507 3614 651 3685 Πρὸς
682 3614 740 3668 δὲ
772 3613 982 3676 τούτοις
1030 3613 1314 3685 θαυμάζω,
1360 3614 1437 3678 ὡς
1486 3614 1579 3668 καὶ
1620 3614 1731 3670 τῶν

152 3709 339 3776 ἁγίων
368 3706 824 3778 ἐπιλελησμὲνων,
846 3707 936 3760 τοῦ
956 3707 1054 3778 μὲν
1071 3706 1234 3761 Δαϐὶδ
1262 3705 1511 3777 βοῶντος,
1539 3724 1558 3758 ι
1582 3705 1729 3759 Παῦο

156 3817 259 3855 σαι
288 3799 395 3853 άπὸ
423 3799 618 3871 ὀργῆς,
650 3800 745 3853 καὶ
779 3798 1110 3868 ἐγκατάλιπε
1141 3797 1329 3869 θυμόνο
1364 3818 1383 3852 ι
1416 3798 1511 3851 τοῦ
1538 3798 1733 3852 δέἘκ-

155 3890 496 3959 κλησιαστοῦ
550 3890 1040 3961 παραγγέλλοντος,
1100 3908 1118 3941 ι
1179 3889 1511 3961 Ἀπόστησον
1563 3889 1732 3959 θυμὸν

150 3980 278 4035 ἀπὸ
306 3981 530 4051 καρδίας
560 3997 675 4045 σου,
716 3981 810 4035 καὶ
838 3981 1054 4051 πάραγε
1082 3981 1346 4051 πονηρίαν
1377 3980 1484 4035 ἀπὸ
1533 3982 1734 4050 σαρκός

156 4088 301 4127 σου·
340 4092 360 4125 ι
392 4073 485 4126 τοῦ
523 4072 581 4126 δὲ
632 4072 954 4126 Ἀποστόλου
1000 4073 1458 4143 προστάσσοντος,
1498 4090 1515 4122 ι
1550 4072 1733 4140 Χωρὶς

151 4166 373 4236 ὀργῆς,
422 4165 517 4218 καὶ
561 4164 925 4235 διαλογισμῶν
972 4166 1031 4216 ἐν
1080 4164 1243 4217 παντὶ
1295 4165 1443 4233 τόπῳ
1487 4164 1735 4232 ἐπαίρειν

151 4258 323 4320 ὁσίας
351 4260 538 4327 χεῖρας
566 4257 701 4327 πρὸς
729 4256 1065 4325 Κύριον.›Τί
1094 4256 1151 4309 δὲ
1172 4256 1233 4308 ού
1260 4255 1604 4326 μανθάνομεν
1629 4255 1735 4307 ἀπὸ

151 4350 268 4420 τῆς
296 4350 406 4402 τῶν
427 4347 728 4420 ἀνθρώπων
754 4349 1040 4419 μυστικῆς,
1073 4348 1170 4401 καί
1195 4348 1427 4409 παλαιᾶς
1452 4348 1739 4418 συνηθείας

150 4444 468 4514 διωκούσης
498 4444 561 4496 ἐκ
588 4442 695 4497 τῶν
710 4443 873 4495 οῐκων
900 4444 1025 4505 τοὺς
1050 4441 1217 4505 κύνας
1246 4442 1304 4494 ἐν
1331 4441 1408 4511 τῷ
1436 4441 1611 4510 καιρῷ
1638 4440 1737 4511 τῆς

155 4537 498 4606 προσευχῆς,
530 4536 625 4588 καὶ
660 4534 820 4588 τοῦτο
868 4535 1269 4603 αὶνιττομένης,
1300 4534 1375 4596 ὡς
1404 4534 1463 4586 ού
1492 4533 1574 4585 δεῖ
1604 4550 1739 4601 συμ-

156 4626 414 4696 παρῆναι
460 4630 574 4691 τοῖς
630 4626 1085 4696 προσευχομένοις
1133 4625 1333 4695 θυμόν;
1380 4625 1491 4677 Καὶ
1542 4623 1735 4677 πάλιν·

163 4738 191 4770 ι
256 4716 438 4787 Θυμὺς
482 4716 787 4788 δρακόντων
834 4718 862 4769 ὁ
903 4711 1044 4779 οἶνος
1091 4715 1290 4769 αὐτῶν.
1330 4735 1349 4766 ι
1385 4716 1542 4768 Οίνου
1595 4714 1649 4766 δὲ
1691 4717 1738 4767 οἱ

155 4808 465 4880 Ναζιραῖοι
511 4808 821 4878 ἀπείχοντο.
867 4808 1043 4878 Χολὴν
1091 4808 1147 4859 δὲ
1192 4810 1285 4861 καὶ
1311 4808 1480 4876 ὀσφὺν
1519 4810 1739 4879 ἄϐρωτα

156 4904 287 4963 τοῖς
335 4899 473 4963 θεοῖς
498 4917 583 4963 τις
627 4899 740 4953 τῶν
780 4899 977 4966 ἔξωθεν
1016 4899 1193 4967 σοφῶν
1229 4900 1545 4970 ἀπεφήνατο
1577 4898 1738 4963 εἶναι,

155 4993 277 5047 οὐκ
309 4990 479 5057 εἰδὼς,
519 4989 693 5063 οἶμαι,
736 4993 764 5045 ὃ
793 4991 998 5059 ἔλεγεν,
1030 4985 1106 5045 ὧν
1146 4992 1208 5044 τὸ
1241 4993 1340 5063 μέν
1368 4994 1556 5064 ὀργῆς,
1586 4993 1646 5046 τὸ
1684 4994 1740 5045 δὲ

156 5084 375 5149 ἀλόγου
423 5084 719 5153 ἐπιθυμίας
771 5084 946 5153 ἔγωγε
1002 5084 1268 5155 σύμϐολον
1314 5080 1453 5138 εἶναι
1513 5085 1737 5153 νομίζω.

159 5176 321 5245 Περὶ
347 5174 402 5228 δὲ.
438 5175 532 5229 τοῦ
564 5176 639 5247 μὴ
667 5177 776 5230 δεῖν
808 5178 1079 5247 μεριμνᾷν
1124 5176 1436 5246 ἐνδυμάτων
1469 5178 1674 5243 ἕνεκεν,
1706 5178 1738 5246 ἢ

163 5268 508 5342 βρωμάτων,
550 5269 801 5339 περιττὸν
843 5266 994 5339 οἶμαι
1041 5269 1101 5321 τὸ
1152 5269 1404 5339 γράφειν,
1435 5269 1601 5323 αὐτοῦ
1649 5270 1743 5323 τοῦ

165 5360 432 5430 Σωτῆρος
458 5363 489 5435 η
500 5361 616 5429 μῶν
644 5363 701 5415 ἐν
731 5362 843 5422 τοῖς
870 5360 1223 5429 Εὐαγγελίοις
1251 5361 1743 5431 ἀπαγορεύσαντος,

178 5470 208 5505 α
242 5452 338 5521 Μὴ
370 5455 740 5523 μεριμνήσητε
768 5453 899 5523 γάρ,
932 5455 1080 5522 φησι,
1114 5455 1177 5523 τῇ
1207 5452 1352 5523 ψυχῇ
1383 5454 1535 5522 ὑμῶν
1564 5454 1615 5505 τί
1646 5453 1744 5521 φά-

165 5558 340 5615 γητε,
370 5544 402 5613 ἢ
434 5545 484 5596 τί
515 5544 674 5615 πίητε
707 5546 738 5615 ἦ
770 5545 821 5598 τί
849 5544 1247 5616 περιϐαλεῖσθε.
1289 5565 1307 5597 ι
1358 5544 1613 5599 Ἐθνικῶν
1642 5546 1748 5615 γὰρ

1832 3061 2165 3130 despexisti?
2194 3066 2385 3135 ecquid
2414 3073 2597 3121 autem
2639 3066 2817 3121 nutris
2846 3079 3063 3132 canem,
3112 3079 3236 3119 cum
3268 3062 3405 3117 nihil

1832 3154 2112 3223 possidere
2160 3156 2505 3225 proﬁtearis?
2536 3156 2595 3212 Si
2638 3170 2767 3212 vero
2793 3156 2840 3213 is
2865 3155 3107 3218 allatret,
3141 3164 3195 3209 et
3227 3155 3280 3208 in
3301 3154 3403 3207 hn-

1833 3246 2008 3302 mines
2031 3247 2253 3313 insiliat,
2283 3247 2635 3304 manifestum
2665 3256 2769 3313 est,
2806 3247 2950 3318 quod
2977 3246 3126 3301 intus
3159 3245 3404 3315 possides

1835 3339 2039 3409 aliqua,
2061 3355 2233 3410 eaque
2277 3340 2411 3395 velis
2445 3340 2739 3396 custodire.
2769 3338 2882 3411 Ego
2908 3354 3035 3395 vero
3064 3339 3211 3393 hunc
3244 3338 3407 3393 talem

1834 3432 2026 3501 procul
2077 3448 2109 3487 a
2173 3448 2310 3503 pura
2350 3434 2594 3488 oratione
2645 3433 2837 3488 abesse
2875 3431 3009 3486 mihi
3068 3431 3403 3501 persuadeo,

1836 3539 1960 3579 cum
2003 3525 2170 3595 probe
2201 3526 2395 3591 sciam,
2420 3524 2566 3595 quod
2594 3523 2878 3580 iracundia
2909 3525 3178 3579 orationis
3215 3522 3409 3590 hujus-

1837 3617 2050 3671 cemodi
2087 3618 2155 3673 sit
2194 3618 2329 3671 lues.
2376 3615 2600 3686 Insuper
2644 3616 2908 3681 admiror,
2962 3616 3107 3686 quod
3149 3624 3201 3669 et
3233 3614 3406 3669 sancti

1838 3708 2095 3763 oblivioni
2122 3708 2327 3765 fuerint
2357 3709 2618 3774 mandati,
2657 3719 2771 3764 tum
2804 3707 2996 3772 David,
3034 3707 3126 3777 qui
3172 3706 3406 3760 clamat:

1845 3800 2069 3854 «Desine
2090 3800 2158 3855 ab
2184 3800 2286 3865 ira,
2310 3810 2364 3855 et
2382 3801 2700 3871 derelinque
2717 3799 2953 3854 furorem
2975 3799 3016 3863 l‘;
3032 3818 3048 3850 ι
3086 3808 3197 3852 tum
3225 3795 3410 3849 Eccle-

1840 3888 2036 3942 siastes
2085 3886 2178 3957 qui
2221 3888 2483 3957 praecipit:
2523 3907 2540 3939 ε
2565 3887 2734 3942 Aufer
2778 3888 2918 3941 iram
2951 3902 2980 3939 a
3006 3885 3171 3940 corde
3209 3893 3322 3947 tuo,
3356 3893 3411 3936 et

1840 3994 2029 4034 amove
2068 3978 2329 4033 malitiam
2360 3994 2392 4034 a
2442 3995 2606 4035 carne
2640 3992 2729 4034 tua
2766 3979 2816 4046 °;
2849 4000 2868 4031 ι
2930 3987 3043 4032 tum
3095 3976 3407 4047 Apostolus,

1840 4075 1933 4145 qui
1985 4074 2224 4130 mandat:
2280 4093 2299 4127 ι
2332 4074 2552 4143 Absque
2604 4072 2912 4137 iracundia,
2954 4079 3009 4125 et
3060 4068 3411 4139 disceptatio-

1840 4169 2001 4224 nibus
2030 4169 2083 4223 in
2115 4168 2261 4223 omni
2292 4168 2415 4223 loco
2443 4167 2703 4223 extollere
2738 4174 2957 4221 sanctas
2989 4161 3277 4218 manusad
3306 4161 3414 4215 Do-
3440 4234 3451 4239 ἢ

1842 4263 2050 4317 minum
2069 4262 2109 4317 ⁷.
2134 4282 2152 4314 ι
2184 4258 2389 4331 Ecquid
2417 4275 2550 4315 vero
2580 4275 2687 4337 non
2712 4259 3003 4313 ediscimus
3036 4259 3104 4311 ab
3133 4254 3412 4310 hominum

1844 4356 2093 4426 mystica,
2139 4363 2193 4409 et
2231 4362 2443 4408 vetusta
2486 4340 2876 4409 consuetudine
2920 4348 3219 4420 depellendi
3249 4362 3415 4402 canes

1843 4466 1907 4503 ex
1934 4450 2142 4505 aedibus
2165 4458 2406 4518 tempore
2427 4446 2725 4510 orationis;
2762 4458 2884 4513 quae
2912 4440 3249 4497 consuetudo
3283 4437 3413 4493 illud

1845 4543 2181 4596 subobscure
2214 4539 2507 4604 indicabat,
2540 4536 2686 4607 quod
2726 4534 2984 4589 nimirum
3008 4547 3115 4585 non
3145 4538 3414 4599 oporteat,

1845 4636 2009 4690 simul
2042 4634 2234 4690 adesse
2262 4633 2550 4688 orantibus
2572 4628 2931 4685 iracundiam:
2962 4634 3015 4679 et
3037 4638 3249 4678 rursus:
3292 4640 3309 4673 ι
3331 4619 3413 4675 lra

1845 4728 2143 4783 draconum
2191 4724 2379 4779 vinum
2431 4722 2665 4778 eorum“.
2712 4716 2901 4773 iVino
2952 4725 3133 4771 autem
3173 4712 3414 4769 abstine-

1848 4818 1979 4872 bant
1999 4817 2239 4871 Nazaraei
2261 4834 2274 4870 :
2294 4815 2389 4870 sed
2410 4822 2464 4869 et
2486 4813 2706 4884 quidam
2730 4826 2793 4865 ex
2810 4806 3083 4879 profanis,
3112 4818 3210 4859 seu
3237 4804 3415 4859 ethni-

1847 4911 1926 4965 cis
1967 4910 2303 4979 sapientibus
2342 4906 2647 4970 alIirmavit,
2695 4903 2788 4969 fel,
2818 4912 2979 4972 atque
3027 4902 3116 4956 ilia
3166 4896 3273 4952 diis
3307 4912 3416 4951 non

1846 5012 1967 5052 esse
2002 4995 2383 5060 eomestibilia,
2425 4992 2674 5047 nesciens
2705 4990 2890 5061 518,
2936 5000 3067 5059 puto
3097 4990 3243 5060 quod
3271 4988 3418 5043 dice-

1848 5086 1959 5149 bat;
2002 5098 2235 5153 quorum
2275 5080 2405 5134 illud
2450 5078 2667 5148 quidem
2725 5078 3041 5144 iracundiae,
3095 5079 3198 5132 ista
3238 5085 3416 5130 autem

1850 5171 2101 5227 belluinae
2118 5168 2429 5239 cupiditatis
2451 5175 2606 5221 notas
2629 5179 2749 5220 esse
2771 5166 3026 5219 arbitror.
3058 5166 3212 5231 Quod
3238 5174 3415 5219 autem

1850 5282 1958 5322 nou
2007 5272 2255 5335 oporteat
2299 5261 2587 5316 sollicitum
2656 5273 2776 5315 esse
2819 5260 2885 5315 de
2926 5259 3290 5324 indumentis,
3324 5267 3418 5311 aut

1850 5358 2069 5422 eduliis,
2107 5369 2568 5425 supervacaneum
2601 5354 2795 5423 opinor
2832 5351 3105 5418 scribere;
3138 5366 3261 5406 cum
3303 5350 3418 5420 ipse

1855 5453 2101 5506 Salvator
2142 5458 2325 5503 noster
2363 5448 2417 5501 in
2459 5445 2764 5518 Evangeliis
2802 5445 3201 5515 prohibuisset;
3242 5444 3419 5514 inquit

1854 5547 1997 5600 enim
2032 5562 2044 5598 :
2088 5560 2106 5592 ι
2143 5541 2319 5596 Nolite
2361 5539 2578 5595 solliciti
2609 5553 2727 5596 esse
2774 5539 2969 5594 animae
3022 5546 3234 5605 vestrae,
3289 5536 3423 5606 quid

257 5709 280 5741 ³
317 5703 459 5761 Psal.
500 5722 689 5773 um,
719 5710 770 5762 8.
850 5708 866 5735 ⁸³
914 5705 1089 5763 Eccle.
1135 5722 1209 5772 τι,
1248 5704 1329 5758 lO.
1406 5707 1423 5737 ⁷
1462 5703 1478 5757 1
1511 5706 1652 5761 Tim.
1692 5723 1715 5761 t;

1906 5706 1925 5736 ⁸
1958 5703 2117 5760 Deut.
2148 5715 2319 5769 χχχιι,
2350 5698 2441 5755 35.
