3808 6226
406 266 540 330 1207

1946 276 2013 337 S.
2030 276 2196 337 NILI

3540 269 3668 344 12m

400 378 762 446 manducetis,
788 380 1118 447 autbibatis,
1145 392 1240 439 aut
1272 382 1609 452 induamini;
1640 402 1660 436 ι
1686 385 1791 440 hoc
1831 386 1977 440 enim

2110 388 2344 458 ἱντικρυς
2388 385 2570 452 τοῦτο,
2614 385 2711 439 καὶ
2740 386 2989 439 ἀπίστων
3018 384 3357 439 ἀθετοῦντων
3387 382 3493 453 τὴν
3538 384 3663 453 πρό-

399 473 578 543 palam
611 483 694 529 est
724 476 989 544 gentium,
1034 491 1099 529 ac
1129 476 1451 543 infidelium,
1496 478 1586 545 qui
1610 479 1894 550 abrogant,
1927 491 1983 537 et

399 571 756 617 contemnunt
820 560 1218 619 Providentiam
1282 563 1581 634 mundique
1632 563 1981 621 Conditorem

401 653 731 719 inficiantnr;
766 662 822 708 at
862 653 1005 709 istud
1040 670 1070 708 a
1111 654 1436 711 Christianis
1474 655 1703 711 omnino
1737 667 1819 712 est
1850 659 1982 713 alie-

402 760 555 811 num,
601 745 694 815 qui
741 745 910 799 semel
956 745 1325 809 crediderunt,
1357 749 1502 817 quod
1525 760 1579 802 et
1611 748 1723 802 duo
1754 765 1973 819 passer-

401 838 534 901 culi,
574 837 665 907 qui
704 846 954 892 vaeneunt
987 838 1265 907 dipondio,
1304 849 1431 893 sunt
1485 840 1585 896 sub
1625 841 1981 897 administra—

402 930 551 985 tione
602 940 914 986 sanctornm
972 933 1317 1004 angelorum.
1366 934 1752 992 Verumtamen
1804 947 1889 993 est
1926 948 1982 995 et

404 1017 517 1073 hinc
558 1019 865 1073 daemonum
910 1021 1269 1086 consuetudo,
1321 1024 1677 1089 ntlnimirum
1717 1035 1839 1094 post
1880 1028 1983 1080 im-

401 1122 565 1178 puras
586 1108 962 1177 cogitationes,
1004 1120 1299 1180 suggerant
1344 1112 1504 1166 etiam
1541 1128 1657 1177 eas,
1685 1129 1807 1183 quae
1852 1123 1981 1170 sunt

401 1196 784 1251 sollicitudinis
804 1240 819 1262 ,
848 1205 908 1250 ut
923 1195 1103 1265 Jesus,
1125 1208 1390 1267 praesente
1412 1200 1803 1270 cogitationum
1822 1202 1980 1257 turba

400 1287 454 1342 in
487 1288 608 1341 loco
637 1287 1006 1353 intellectuali,
1038 1291 1212 1359 capite
1234 1291 1504 1346 declinato
1523 1292 1763 1362 effugiat,
1790 1294 1981 1363 sicque

407 1380 776 1435 infructuosus
837 1381 1031 1437 evadat
1079 1398 1261 1438 sermo
1302 1399 1334 1438 a
1382 1384 1556 1454 spinis
1596 1385 1981 1443 sollicitudinis

404 1473 718 1530 suffocatus.

998 1585 1227 1641 CAPUT
1288 1585 1375 1642 VI.

2084 496 2233 534 νοιαν
2264 478 2357 531 τοῦ
2403 478 2695 543 Δεσπότου,
2734 480 2829 531 καὶ
2860 478 2951 531 τὸν
3003 477 3354 548 Δημιουργὸν
3402 477 3661 548 ἀρνουμὲ

2082 588 2210 628 νων·
2237 571 2583 642 Χριστιανῶν
2613 571 2669 624 δὲ
2694 570 2755 624 τὸ
2781 571 3022 624 τοιοῦτον
3050 570 3331 635 παντελῶς
3360 568 3671 639 ἀλλότριον,

2083 662 2231 727 ἅπαξ
2282 662 2750 729 πεπιστευκότων,
2800 664 2879 717 ὅτι
2930 664 3023 715 καὶ
3067 662 3137 715 τὰ
3183 664 3553 733 πρασσόμενα
3582 660 3670 712 δύο

2084 756 2342 828 στρουθία
2361 754 2455 809 τοῦ
2476 756 2740 825 ἀσσαρίου
2764 756 2868 808 ὑπὸ
2892 754 2990 826 τὴν
3014 756 3328 825 οἰκονομίαν
3354 754 3468 807 τῶν
3500 754 3668 819 ἁγίων

2080 846 2332 915 ἀγγέλων
2376 846 2513 901 ἐστί.
2576 847 2724 917 Πλήν
2760 848 2876 899 ἐστι
2928 848 3026 900 καὶ
3058 845 3201 916 αὕτη
3252 847 3519 916 συνήθεια
3563 846 3669 897 τῶν

2082 937 2377 1008 δαιμόνων,
2414 939 2553 1009 μετά
2578 940 2704 1001 τοὺς
2733 939 3084 1010 ἀκαθάρτους
3113 940 3410 1009 λογισμοὺς
3462 940 3663 1009 ὲμῦἀλ-

2082 1031 2193 1083 λειν
2222 1031 2469 1094 καὶτοὺς
2507 1031 2607 1101 τῆς
2648 1033 2936 1102 μερίμνης,
2971 1032 3058 1084 ῖνα
3105 1030 3337 1102 ὲκνεύσῃ
3387 1034 3415 1084 ὁ
3464 1029 3667 1100 Ἰησοῦς

2080 1122 2239 1192 ὄχλου
2262 1122 2415 1185 όντος
2429 1124 2719 1193 νοημάτων
2744 1125 2801 1174 ἐν
2829 1123 2906 1192 τῷ
2932 1124 3071 1178 κατά
3101 1123 3344 1177 διάνοιαν
3372 1123 3546 1191 τόπῳ,
3574 1126 3667 1176 καὶ

2080 1214 2330 1287 ἄκαρπος
2361 1214 2585 1284 γένηται
2629 1217 2659 1267 ὁ
2688 1215 2844 1283 λόγος
2875 1215 2982 1267 ὑπὸ
3012 1216 3113 1285 τῆς
3160 1215 3435 1286 μερίμνης
3482 1214 3669 1283 πνιγό-

2084 1323 2245 1377 μενος
2272 1305 2380 1359 τῶν
2410 1305 2685 1361 ἀκανθῶν.

2677 1593 2931 1647 κεψλλ.
2976 1595 3067 1660 ς’.

475 1698 643 1769 Igitur
692 1701 1051 1771 cogitationes
1105 1703 1303 1768 etiam,
1357 1718 1478 1773 quae
1534 1719 1565 1757 e
1614 1704 1979 1761 sollicitudine

2153 1706 2365 1761 Οὐκοῦν
2396 1706 2521 1771 τοὺς
2556 1707 2621 1758 ἐκ
2667 1704 2934 1776 μερίμνης
2963 1705 3296 1776 ἀποθέμενοι
3344 1706 3668 1777 λογισμοὺς,

402 1797 722 1865 procedunt,
756 1797 1111 1866 deponentes,
1158 1809 1400 1853 nostram
1439 1798 1493 1852 in
1554 1800 1842 1853 Dominum
1874 1801 1982 1856 sol-

402 1888 745 1967 licitudinem
791 1889 1097 1959 jactemus,
1158 1892 1517 1960 praesentibus
1583 1893 1863 1957 contenti,
1930 1902 1986 1949 et

405 1996 642 2050 paupere
690 1981 819 2045 vita,
864 1997 928 2036 ac
972 1994 1120 2037 veste
1171 1992 1404 2046 utentes,
1451 1982 1758 2048 effectores,
1793 1996 1847 2038 et
1888 2000 1987 2039 au-

404 2082 585 2128 ctores
612 2089 760 2127 vana:
783 2074 968 2144 gloriae
996 2084 1116 2143 post
1140 2076 1280 2129 diem
1305 2091 1591 2130 exuamus.
1622 2075 1677 2131 Si
1709 2093 1835 2131 vero
1860 2078 1985 2148 quis

402 2173 560 2234 putat
598 2167 652 2220 in
701 2176 849 2221 veste
892 2169 1243 2237 paupercula,
1295 2169 1713 2239 incompositam
1762 2185 1826 2225 ac
1887 2171 1984 2227 de-

403 2257 636 2313 fbrmem
667 2260 902 2328 speciem
932 2262 1210 2326 exhibere,
1265 2261 1522 2332 respiciat
1558 2272 1811 2317 sanctum
1840 2264 1985 2318 Pau-

405 2346 553 2412 lum,
596 2349 692 2419 qui
720 2349 772 2403 in
817 2348 1018 2420 frigore
1060 2366 1125 2406 ac
1173 2352 1421 2406 nuditate
1465 2367 1722 2408 coronam
1760 2353 1987 2423 justitiat

404 2442 801 2511 exspectabat’.
844 2441 951 2497 Sed
1000 2445 1259 2512 quoniam
1315 2447 1608 2513 theatrum,
1652 2457 1705 2502 et
1748 2449 1985 2504 stadium

406 2535 703 2604 Apostolus
767 2536 930 2591 istum
984 2540 1288 2593 nominavit
1342 2544 1626 2609 mundum,
1679 2545 1985 2608 videamus,

405 2638 475 2677 an
505 2625 766 2693 possibile
797 2625 890 2689 sit,
922 2626 1093 2696 quod,
1115 2629 1208 2696 qui
1254 2631 1681 2700 c0gitationihus
1718 2633 1986 2689 sollicitu-

404 2710 550 2765 dinis
572 2712 795 2767 indutus
818 2722 921 2776 est,
952 2724 1141 2768 currat
1178 2716 1243 2769 ad
1273 2716 1517 2772 bravinm
1547 2734 1796 2790 supernae
1825 2720 1989 2791 519

403 2807 784 2876 vocationis",
831 2818 924 2863 aut
952 2810 1185 2865 luctetur
1230 2811 1495 2869 adversus
1536 2815 1895 2884 principatus,
1934 2827 1988 2873 et

405 2908 723 2969 potestates,
781 2902 1043 2958 adversus
1101 2905 1289 2959 mundi
1344 2915 1587 2963 rectores
1638 2910 1985 2964 tenebrarum

407 2992 571 3062 hujus
598 2994 783 3049 saeculi
808 2994 873 3050 ”.
922 2996 1036 3065 Ego
1072 2998 1293 3066 quidem
1339 3000 1545 3066 nescio,
1582 3015 1708 3055 cum
1762 3003 1829 3057 ab
1869 3004 1986 3072 ipsa

2086 1800 2469 1871 ὲπιρρίψωμεν
2517 1798 2611 1851 ἐπὶ
2646 1799 2851 1869 Κύριον
2882 1800 2981 1869 τὴν
3033 1800 3303 1870 μέριμναν
3354 1800 3513 1870 ἡμῶν
3554 1803 3671 1862 τοῖς

2086 1890 2354 1962 παροῦσιν
2381 1889 2733 1960 ἀρκούμενοι,
2769 1890 2865 1943 καὶ
2896 1892 3130 1960 πενιχρᾷ
3162 1890 3274 1961 ζωῇ
3303 1892 3669 1962 χρησόμενοι,

2087 1987 2181 2037 καὶ
2211 1983 2371 2054 στολῇ
2408 1985 2532 2046 τοὺς
2563 1982 2807 2052 πατέρας
2840 1983 2938 2052 τῆς
2968 1982 3272 2047 κενοδοξίας
3311 1984 3434 2052 μεθ’
3462 1985 3674 2055 ⁴ἠμέραν

2087 2074 2506 2146 ἀποδυσώμεθα.
2544 2076 2608 2128 Εἰ
2630 2076 2685 2127 δέ
2714 2092 2800 2137 τις
2828 2076 3160 2146 ἀσχημονεῖν
3191 2076 3285 2129 ἐπὶ
3316 2077 3555 2146 πενιχρᾷ
3586 2094 3674 2128 νο-

2091 2169 2239 2239 μίζει
2287 2168 2469 2239 στολῇ,
2507 2167 2751 2237 βλεπέτω
2802 2166 2893 2220 τὸν
2942 2168 3095 2235 ἆγιον
3138 2167 3352 2220 Παῦλον
3397 2170 3458 2221 ὲν
3494 2168 3674 2237 ψύχει,

2088 2261 2182 2314 καὶ⁵
2222 2260 2543 2330 γυμνότητι,
2570 2259 2662 2311 τὸν
2704 2259 2803 2328 τῆς
2836 2259 3185 2332 δικαιοσύνης
3220 2260 3678 2329 προσδοκήσαντα

2089 2354 2376 2422 στέφανον.
2442 2352 2583 2406 Ἀλλ’
2641 2350 2831 2421 ἐπειδὴ
2900 2351 3131 2421 θέατρον
3158 2390 3176 2414 ,
3224 2349 3319 2403 καὶ
3376 2350 3598 2404 στάδιον
3650 2351 3679 2401 ὁ

2101 2444 2424 2507 ’Λπόστολος
2454 2444 2545 2496 τὸν
2577 2443 2782 2512 κόσμον
2812 2441 3001 2495 τοῦτον
3034 2442 3334 2511 ὠνόμασεν,
3369 2442 3602 2509 ἴδωμεν,
3633 2442 3680 2494 εἰ

2090 2533 2206 2585 ἔστι
2263 2532 2523 2597 δυνατὸν,
2585 2531 2858 2602 μερίμνης
2919 2530 3285 2600 ἐνδυσάμενον
3354 2531 3683 2602 λογισμοὺς.

2089 2624 2321 2695 δραμεῖν
2352 2623 2444 2676 ἐπὶ
2494 2622 2555 2675 τὸ
2591 2620 2843 2692 βραϐεῖον
2874 2619 2977 2687 τῆς
3022 2619 3136 2673 ἄνω
3167 2619 3437 2689 κλήσεως,
3489 2620 3524 2689 ἢ
3575 2637 3684 2672 πα-

2089 2713 2270 2767 λαῖσαι
2304 2714 2437 2784 πρὸς
2480 2713 2577 2775 τὰς
2608 2714 2781 2782 ἀρχὰς
2812 2712 2908 2765 καὶ
2945 2711 3044 2773 τὰς
3091 2710 3360 2776 ἐξουσίας,
3410 2712 3509 2763 καὶ
3546 2712 3685 2781 πρδς

2086 2808 2213 2869 τοὺς
2239 2805 2693 2876 κοσμοκράτορας
2715 2804 2809 2857 τοῦ
2841 2804 3071 2865 σκότους
3098 2802 3194 2854 τοῦ
3224 2800 3422 2863 αἰῶνος
3447 2801 3647 2854 τούτου
3666 2818 3681 2830 ⁸

2089 2895 2201 2966 ἐγὼ
2224 2897 2333 2967 ’μὲν
2362 2897 2461 2949 ούκ
2493 2892 2631 2958 οῖδα,
2668 2898 2762 2949 καὶ
2786 2897 2879 2948 ἀπ’
2910 2894 3087 2963 αὐτῆς
3118 2895 3217 2960 τῆς
3244 2892 3521 2965 αἰσθητῆς
3554 2910 3685 2947 παι-

2090 2987 2380 3055 δευόμενος
2414 2986 2677 3055 ἱστορίας.
2737 2982 3231 3053 Ἐμποδισθῄσεται
3270 2980 3381 3050 γὰρ
3409 2981 3628 3043 ἐκεῖνος
3660 2981 3689 3031 ὁ

406 3099 624 3153 quoque
684 3086 927 3141 sensibili
982 3089 1206 3144 historia
1249 3092 1493 3159 erudiar;
1551 3094 1681 3163 quia
1728 3071 1984 3150 videlicet

2110 3079 2268 3132 ιθλῶν
2298 3077 2402 3131 ὑπὸ
2437 3076 2533 3129 τοῦ
2567 3074 2795 3146 χιτῶνος
2821 3074 3087 3143 δηλονότι,
3122 3074 3217 3125 καὶ
3252 3071 3500 3133 εὐκόλως
3528 3088 3685 3141 περι-

406 3176 519 3240 ille,
552 3177 646 3245 qui
688 3187 880 3245 certat,
915 3180 1244 3249 impedietur
1276 3198 1306 3236 a
1341 3185 1548 3251 tunica,
1591 3185 1857 3257 facileque
1884 3188 1996 3242 cir-

404 3269 803 3337 cumtrahetur,
855 3273 1316 3342 quemadmodum
1348 3285 1402 3331 et
1448 3293 1605 3332 mens
1637 3293 1666 3332 a
1712 3281 1998 3351 cogitatio-

405 3356 570 3412 nibus
599 3358 1007 3427 sollicitudinis;
1033 3361 1080 3417 si
1118 3377 1283 3418 verax
1314 3366 1532 3434 quidem
1565 3367 1634 3419 sit
1672 3383 1874 3435 sermo,
1902 3370 1996 3438 qui

406 3444 558 3509 dicit,
608 3456 842 3501 mentem
878 3450 1101 3519 proprio
1143 3451 1407 3507 thesauro
1452 3455 1732 3508 assiduam
1774 3458 1994 3512 incum-

407 3531 555 3598 bere;
597 3550 616 3585 ι
647 3532 751 3589 Ubi
776 3551 1011 3606 namque
1049 3538 1342 3596 thesaurus
1385 3550 1514 3597 tuus
1544 3551 1649 3609 est,
1681 3544 1755 3599 ibi
1812 3546 1918 3600 erit
1945 3552 1999 3601 et

408 3633 502 3674 cor
531 3626 685 3676 tuum
709 3625 773 3679 “.
810 3642 828 3676 ι

998 3734 1229 3791 CAPUT
1269 3737 1383 3791 νιιι

479 3846 525 3901 Ε
557 3844 1007 3915 cogitationibus,
1038 3848 1121 3902 ha:
1162 3848 1386 3917 quidem
1419 3860 1626 3915 secant,
1663 3851 1783 3907 alia:
1812 3861 1995 3908 autem

411 3949 692 4005 secantur;
728 3948 783 3995 et
832 3949 1022 3996 secant
1057 3940 1279 4011 quidem
1321 3943 1476 3997 make
1514 3944 1706 4009 bonas,
1746 3960 1778 3999 e
1804 3956 1995 4002 contra

412 4048 541 4089 vero
565 4033 721 4087 mala:
745 4042 1001 4089 secantur
1026 4050 1057 4087 a
1083 4034 1241 4089 bonis
1266 4051 1281 4101 ;
1322 4051 1445 4089 nam
1495 4035 1731 4106 Spiritus
1770 4049 1995 4095 sanctus

413 4122 645 4176 attendit
689 4121 1008 4192 cOgitationi
1040 4123 1094 4176 in
1130 4124 1323 4192 primis
1357 4125 1567 4193 positie,
1609 4134 1663 4179 et
1693 4129 1993 4181 secundum

415 4214 566 4268 illam
618 4213 832 4284 judicat
880 4229 1003 4278 nos,
1050 4221 1146 4269 aut
1192 4214 1405 4283 recipit.
1455 4214 1610 4281 Quod
1635 4226 1813 4273 autem
1849 4219 1992 4285 dico,

415 4304 794 4374 hujuscemodi
843 4313 945 4360 est.
1002 4304 1189 4360 Habeo
1250 4307 1545 4377 quamdam
1610 4310 1993 4380 cogitationem

415 4397 827 4467 hospitalitatis,
855 4412 1085 4466 eamque
1102 4398 1277 4453 habeo
1302 4409 1521 4468 prepter
1553 4399 1864 4465 Dominum,
1899 4404 1994 4459 sed

416 4491 521 4547 ista
567 4490 837 4546 scinditur
881 4491 1208 4546 adventante
1253 4493 1356 4546 alia
1406 4503 1666 4559 tentante,
1707 4506 1761 4549 et
1799 4513 1997 4567 sugge-

418 4593 591 4649 rente,
638 4596 697 4637 ut
740 4584 922 4653 gloriae
962 4598 1129 4638 causa
1180 4584 1414 4652 hospitio
1473 4587 1762 4655 excipiam.
1798 4589 1839 4642 E
1871 4604 2003 4643 con-

415 4688 533 4733 tra:
574 4677 745 4731 habeo
775 4678 1159 4749 cogitationem
1205 4677 1608 4745 hOSpitalitatis,
1643 4689 1701 4731 ut
1728 4680 1795 4734 ab
1827 4679 2002 4735 homi-

416 4769 581 4825 nibus
641 4769 859 4834 videar,
926 4769 1018 4824 sed
1075 4778 1130 4823 et
1190 4770 1291 4823 ista
1350 4770 1677 4835 dissecatur,
1730 4773 2003 4829 subeunte

417 4862 642 4917 meliore
715 4861 1088 4931 cogitatione,
1170 4876 1293 4929 qua:
1316 4859 1380 4913 ad
1465 4861 1749 4917 Dominum
1819 4865 2000 4933 potius

416 4956 674 5009 virtutem
726 4962 969 5007 nostram
1023 4952 1245 5022 dirigit,
1299 4968 1509 5023 nosque
1564 4963 1738 5025 urget,
1778 4964 1837 5010 ut
1884 4972 1995 5012 non

419 5056 641 5117 pr0pter
678 5046 926 5101 homines
965 5046 1070 5100 ista
1114 5045 1400 5101 faciamus.
1442 5046 1499 5100 Si
1536 5062 1667 5117 ergo
1710 5064 1805 5118 per
1830 5064 1993 5117 Opera

420 5139 635 5193 tandem
669 5139 723 5192 in
773 5138 965 5208 primis
1011 5152 1363 5203 maneamus,
1410 5139 1512 5192 etsi
1548 5138 1811 5195 fuerimus
1838 5156 1868 5194 a
1907 5156 1994 5195 se-

420 5230 614 5284 cundis
660 5231 870 5294 tentati,
918 5240 1097 5283 tamen
1138 5244 1235 5298 pro
1264 5230 1396 5284 solis
1442 5230 1634 5299 primis
1684 5234 1874 5301 positis
1900 5249 1994 5287 co-

423 5321 778 5393 gitationibus
826 5321 1102 5376 mercedes
1154 5321 1508 5377 habebimus:
1556 5325 1998 5394 quandoquidem

423 5432 548 5468 cum
572 5414 820 5467 homines
851 5412 1046 5481 simus,
1083 5428 1315 5483 cumque
1345 5414 1680 5469 daemonibus
1707 5414 1997 5481 luctemur,

427 5506 651 5561 minime
678 5506 942 5572 valemus,
975 5514 1178 5561 rectam
1214 5506 1601 5578 cogitationem
1628 5508 1997 5579 incorruptam

2097 3169 2512 3240 ελκυσθήσεται,
2540 3167 2794 3237 καθάπερ
2823 3168 2917 3219 καὶ
2936 3168 2963 3219 ὁ
2983 3164 3107 3227 νοῦς
3135 3165 3240 3217 ὑπὸ
3271 3163 3381 3216 τῶν
3403 3162 3688 3233 λογισμῶν

2095 3262 2197 3330 τῆς
2237 3261 2529 3332 μερίμνης,
2566 3261 2723 3330 εἴπερ
2754 3258 3004 3328 ἀληθινὸς
3051 3259 3080 3310 ὀ
3119 3256 3292 3323 λέγων
3328 3255 3408 3325 τῷ
3442 3255 3564 3325 ἰδίῳ
3599 3256 3687 3307 τὸν

2096 3354 2221 3407 νοῦν
2249 3355 2680 3426 προσκαρτερεῖν
2718 3351 2997 3423 θησαυρῷ,
3041 3370 3060 3403 ι
3100 3352 3276 3404 Ὅπου
3317 3350 3428 3418 γάρ
3460 3350 3617 3400 ἐστιν
3660 3346 3689 3396 ό

2096 3446 2367 3518 θησαυρός
2394 3463 2510 3511 σου,
2530 3446 2717 3517 φησὶν,
2746 3446 2864 3497 ἐκεῖ
2888 3444 3061 3507 ἔσται,
3092 3444 3189 3496 καὶ
3222 3444 3256 3512 ἡ
3289 3441 3495 3513 καρδία
3532 3457 3680 3493 cmi.-

2694 3750 2946 3805 ΚΕΦΑΛ.
2987 3749 3062 3805 Ζ’.

2165 3864 2288 3917 Τῶν
2320 3863 2595 3935 λογισμῶν
2645 3864 2695 3917 οἱ
2726 3864 2825 3934 μὲν
2847 3865 3161 3934 τέμνουσιν,
3195 3865 3247 3917 οἱ
3274 3864 3335 3918 δὲ
3361 3859 3690 3935 τέμνονται·

2095 3954 2188 4007 καὶ
2219 3953 2476 4025 τέμνουσι
2507 3954 2605 4025 μὲν
2627 3954 2679 4006 οἱ
2699 3955 2924 4024 πονηροὶ
2945 3954 3073 4017 τοὺς
3104 3953 3369 4021 ἀγαθοὺς,
3389 3954 3690 4023 τέμνονται

2094 4044 2153 4097 δὲ
2200 4044 2361 4099 πάλιν
2411 4045 2516 4097 ὑπὸ
2567 4043 2678 4097 τῶν
2725 4044 2953 4113 ἀγαθῶν
2999 4045 3049 4097 οἱ
3100 4044 3329 4115 πονηροὶ
3384 4043 3451 4097 τὸ
3506 4044 3690 4099 τοίνυν

2095 4134 2322 4207 Πνεῦμα
2376 4135 2437 4189 τὸ
2484 4138 2639 4205 ἀγιον
2674 4135 2907 4206 πρώτως
2955 4136 3168 4190 τεθέντι
3219 4136 3490 4207 προσέχει
3539 4137 3689 4203 λογι-

2098 4225 2242 4297 σμῷ,
2283 4226 2380 4280 καὶ
2424 4226 2562 4297 πρὸς
2607 4227 2813 4280 ἐκεῖνον
2842 4226 3017 4296 κρίνει
3046 4228 3215 4297 ἡμᾶς,
3255 4227 3288 4297 ἦ
3324 4227 3688 4296 ἀποδέχεται.

2103 4320 2170 4370 Ὃ
2214 4317 2269 4370 δὲ
2313 4318 2457 4387 λέγω
2506 4318 2743 4371 τοιοῦτόν
2777 4318 2946 4374 ἐστιν.
3004 4320 3153 4389 Ἔχω
3201 4318 3323 4372 τινὰ
3371 4318 3688 4387 φιλοξενίας

2098 4411 2377 4481 λογισμὸν,
2406 4411 2501 4466 καὶ¹
2528 4410 2717 4465 τοῦτον
2746 4412 2855 4481 ἔχω
2879 4412 2966 4465 διὰ
2992 4412 3085 4465 τὸν
3113 4412 3341 4482 Κύριον,
3374 4413 3499 4465 ἀλλ’
3536 4408 3689 4471 οὗτος

2105 4502 2423 4567 ἐπελθόντος
2461 4503 2556 4557 τοῦ
2590 4504 2943 4573 πειράζοντος
2971 4507 3227 4576 τέμνεται
3264 4507 3359 4559 καὶ
3389 4507 3562 4577 δόξης
3592 4507 3687 4574 χά-

2108 4614 2192 4667 ριν
2223 4595 2520 4664 φιλοξενεῖν
2555 4598 2969 4662 ύποϐάλλοντος.
3003 4600 3203 4652 Πάλινο
3232 4600 3342 4670 ἔχω
3380 4600 3687 4668 φιλοξενίας

2103 4690 2359 4760 λογισμὸν
2394 4691 2533 4761 πρὸς
2580 4692 2639 4743 τὸ
2661 4694 2771 4755 τοῖς
2797 4692 3105 4761 ἀνθρώποις
3130 4693 3390 4763 φανῆναι,
3423 4695 3573 4747 ἀλλά
3601 4695 3688 4746 καὶ

2101 4776 2258 4847 οὗτος
2302 4783 2621 4847 ἐπελθόντος
2678 4786 2986 4855 κρείττονος
3023 4784 3283 4855 λογισμοῦ
3310 4785 3685 4855 διατέμνεται.

2102 4874 2195 4927 τοῦ
2229 4874 2366 4945 πρὸς
2399 4874 2490 4927 τὸν
2510 4875 2717 4945 Κύριον
2743 4876 2947 4946 μᾶλλον
2976 4876 3132 4947 ἡμῶν
3163 4877 3262 4947 τὴν
3295 4878 3510 4949 ἀρετὴν
3524 4883 3686 4933 ἀπευ-

2106 4964 2378 5029 θύνοντος,
2406 4967 2500 5019 καὶ
2535 4966 2611 5036 μὴ
2638 4966 2705 5019 δι’
2727 4966 3048 5036 ἀνθρώπους
3063 4968 3240 5023 ταῦτα
3257 4971 3532 5040 πράττειν
3549 4972 3686 5039 ἡμᾶς

2101 5057 2523 5126 ἀναγκάζοντος.
2541 5059 2638 5111 Ἂν
2661 5058 2754 5112 οῦν
2778 5058 2867 5111 διὰ
2880 5059 2989 5113 τῶν
3014 5059 3190 5131 ἔργων
3206 5059 3396 5113 λοιπὸν
3414 5063 3535 5123 τοῖς
3556 5076 3687 5128 προ-

2100 5151 2279 5220 τέροις
2338 5150 2685 5221 ἐμμείνωμεν
2716 5150 2824 5205 ὑπὸ
2850 5152 2959 5205 τῶν
2977 5152 3245 5220 δευτέρων
3263 5153 3683 5222 πειραζόμενοι,

2105 5245 2280 5311 μόνων
2293 5242 2403 5296 τῶν
2428 5244 2710 5312 προτέρων
2735 5244 2998 5298 τεθέντων
3028 5245 3303 5313 λογισμῶν
3340 5245 3541 5315 ἕξομεν
3565 5245 3685 5305 τοὺς

2104 5332 2483 5401 μισθοὺς,διότι
2497 5333 2594 5387 ἄνθ
2602 5350 2769 5403 ρωποι
2781 5334 2954 5399 ὄντες,
2969 5336 3062 5388 καὶ
3074 5336 3400 5401 παλαίοντες
3415 5337 3683 5406 δαίμοσιν,

2099 5426 2186 5479 ἀεὶ
2201 5427 2453 5497 κατέχειν
2489 5426 2581 5479 τὸν
2607 5425 2764 5496 ὀρθὸν
2795 5426 3052 5497 λογισμὸν
3076 5428 3358 5499 ἄφθαρτον
3378 5430 3483 5482 οὐκ
3508 5428 3684 5495 ἰσχύο-

2104 5533 2224 5585 μεν,
2240 5517 2361 5571 οὐδὲ
2375 5516 2537 5572 πάλιν
2548 5518 2639 5572 τὸν
2654 5517 2888 5589 πονηρὸν
2898 5518 3158 5590 λογισμὸν
3170 5519 3685 5591 ἔχεινὰπείραστον,

503 5706 523 5738 ⁹
553 5703 745 5759 Matth.
781 5721 855 5769 vr,
884 5707 975 5763 ‘25.
1052 5712 1092 5743 "
1126 5708 1167 5761 Il
1200 5709 1325 5765 Cor.
1358 5729 1434 5778 ιι,
1478 5713 1568 5767 27.
1648 5714 1689 5745 ¹⁰
1721 5712 1953 5785 Philipp.

2160 5714 2249 5783 13,
2279 5714 2367 5770 14.
2446 5716 2485 5748 ¹¹
2513 5713 2711 5786 Ephes.
2738 5730 2813 5781 vr,
2847 5712 2933 5768 12.
