3808 6226
152 312 305 378 1209

1190 314 1289 374 DE
1318 312 1693 374 MALIGNIS
1735 310 2406 376 COGlTATIONIBUS.

3292 313 3437 380 1210

146 428 375 502 ἀρετῶν
404 427 694 501 σπέρματα
723 430 1072 502 κεκτημένοι.
1120 432 1268 503 Πλὴν
1299 433 1394 486 ἐάν
1414 449 1493 492 τις
1515 431 1741 503 χρονίσῃ
1768 433 1788 490 Δ

1878 448 2058 503 emper
2102 435 2364 498 retinere;
2395 433 2538 489 sicut
2575 448 2605 487 e
2642 442 2856 499 contra,
2894 431 3055 502 520
3097 446 3220 486 cum
3253 432 3431 487 virtu—

148 522 268 577 τῶν
286 522 594 592 τεμνόντων
615 522 890 593 λογισμῶν
910 525 967 577 ἐν
982 527 1049 595 τῇ
1073 523 1226 597 χώρᾳ
1243 527 1337 579 τοῦ
1354 526 1746 596 πειραζομένου

152 615 514 676 καθίσταται,
548 615 644 669 καὶ
694 617 817 669 κατ’
846 619 1051 671 ἐκεῖνον
1081 618 1267 672 λοιπὸν
1296 619 1386 672 τὸν
1432 619 1693 691 λογισμὸν
1720 622 1749 674 6

150 706 453 778 ἄνθρωπος
504 707 822 777 κινούμενος
892 712 1197 780 ἐνεργήσει.
1258 710 1377 763 Τῶν
1442 710 1750 779 ἁγγελικῶν

152 798 465 868 λογισμῶν,
494 802 587 853 καὶ
615 800 722 852 τῶν
743 800 1102 872 ἀνθρωπίνων
1127 802 1220 855 καὶ
1250 802 1359 855 τῶν
1384 806 1447 856 ὲκ
1477 804 1749 874 δαιμόνων

153 891 371 961 ταύτην
413 893 513 961 τὴν
559 893 821 963 διαφορὰν
871 897 1009 969 μετὰ
1040 894 1240 964 πολλῆς
1284 895 1383 965 τῆς
1429 898 1751 966 παρατηρή-

158 998 307 1045 σεως
338 984 661 1053 ἐγνώκαμεν
690 980 849 1049 εἶναι,
895 986 977 1037 ὅτι
1010 985 1226 1056 πρῶτον
1258 985 1355 1055 μὲν
1385 988 1433 1038 οἱ
1470 986 1753 1054 ἀγγελικοὶ

154 1075 265 1138 τὰς
319 1075 509 1144 φύσεις
558 1077 666 1129 τῶν
724 1080 1069 1147 πραγμάτων
1124 1079 1612 1149 περιεργάζονται,
1660 1080 1754 1132 καὶ

158 1167 301 1230 τοὺς
348 1168 756 1237 πνευματικοὺς
807 1169 988 1223 αὐτῶν
1029 1169 1393 1240 ἐξιχνιάζουσι
1437 1171 1751 1241 λογισμούς.

160 1253 321 1321 Οἷον,
376 1259 523 1322 τίνος
572 1260 735 1331 χάριν
785 1262 1076 1333 γεγένηται
1107 1264 1135 1314 6
1188 1264 1413 1333 χρυσὸς,
1446 1265 1540 1317 καὶ
1584 1263 1672 1317 διὰ
1701 1264 1755 1317 τί

163 1350 511 1422 ψαμμώδης,
552 1353 648 1407 καὶ
676 1353 828 1407 κάτω
860 1372 962 1407 που
993 1358 1106 1419 τοῖς
1140 1356 1349 1426 μορίοις
1394 1356 1494 1426 τῆς
1519 1357 1623 1427 γῆς
1664 1358 1757 1424 ἐγ-

168 1443 578 1514 κατέσπαρται,
616 1446 709 1500 καὶ
752 1447 888 1517 μετὰ
919 1447 1115 1500 πολλοῦ
1165 1449 1439 1517 καμάτου,
1471 1449 1564 1503 καὶ
1593 1449 1755 1501 πόνου

168 1534 525 1604 εὐρίσκεται;
556 1538 705 1601 ὅπως
753 1556 809 1591 τε
849 1539 1093 1609 εὑρεθεὶς
1138 1539 1290 1593 ὕδατι
1333 1540 1610 1606 πλύνεται,
1663 1542 1758 1594 καὶ

166 1642 245 1678 πυ
255 1627 318 1697 ρὶ
340 1628 710 1698 παραδίδοται,
735 1630 830 1683 καὶ
853 1630 1022 1694 οὕτως
1046 1633 1126 1694 εἰς
1151 1632 1409 1702 τεχνιτῶν
1435 1632 1757 1703 ἐμϐάλλεται

164 1721 390 1789 χεῖρας,
424 1719 534 1772 τῶν
563 1722 862 1774 ποιούντων
891 1724 989 1792 τῆς
1031 1724 1236 1795 σκηνῆς
1265 1724 1359 1794 τὴν
1389 1725 1631 1795 λυχνίαν,
1666 1726 1759 1779 καὶ

165 1810 232 1863 τὸ
268 1810 661 1885 θυμιατήριον,
694 1814 789 1869 καὶ
821 1814 920 1879 τὰς
974 1815 1225 1881 θυΐσκας,
1272 1819 1365 1871 καὶ¹
1408 1818 1507 1880 τὰς
1538 1818 1757 1887 φιάλας,

168 1904 231 1957 ἐν
269 1902 363 1967 αἷς
390 1906 578 1960 οὐκέτι
608 1906 704 1959 νῦν
749 1908 894 1962 πίνει
944 1909 1033 1961 διὰ
1061 1909 1159 1980 τὴν
1198 1910 1356 1980 χάριν
1384 1910 1478 1964 τοῦ
1508 1912 1760 1981 Σωτῆρος

168 1998 342 2067 ἡμῶν
370 2000 398 2050 ὁ
424 2000 764 2064 Βαϐυλώνιος
796 2002 1072 2071 βασιλεύς,
1104 2003 1324 2057 Κλεόπα
1352 2004 1410 2055 δὲ
1440 2004 1595 2074 φέρει
1625 2022 1760 2075 καρ-

169 2087 299 2142 δίαν
328 2091 624 2161 καιομένην
654 2092 757 2144 61:6
786 2092 991 2147 τούτων
1025 2093 1360 2163 μυστηρίων.
1403 2094 1460 2146 '0
1492 2094 1548 2147 δὲ
1577 2095 1765 2163 δαιμο-

172 2180 380 2250 νιὼδης
405 2181 688 2252 λογισμὸς,
717 2182 890 2236 ταῦτα
921 2183 1021 2254 μὲν
1049 2183 1170 2237 οὔτε
1197 2181 1354 2246 οἶδεν,
1389 2185 1511 2238 οὔτε
1542 2188 1765 2239 ἐπίστα-

170 2290 312 2326 ται·
368 2273 535 2343 μόνην
582 2274 639 2327 δὲ
685 2276 786 2345 τὴν
842 2277 1035 2346 κτῆσιν
1086 2276 1180 2329 τοῦ
1229 2277 1491 2347 αἰσθητοῦ
1541 2279 1764 2348 χρυσίου

174 2366 500 2431 ὑποϐάλλει,
552 2369 645 2420 καὶ
679 2367 777 2438 τὴν
806 2370 872 2421 ὲκ
912 2368 1105 2422 τούτου
1139 2372 1350 2442 τρυφήν
1388 2388 1447 2423 τε
1489 2374 1582 2425 καὶ
1610 2372 1766 2436 δόξαν

173 2456 451 2527 ἐσομένην
491 2457 745 2528 προλέγει
769 2474 783 2487 ⁸
814 2459 843 2510 6
872 2458 928 2512 δὲ
957 2458 1296 2530 ἀνθρώπινος
1328 2461 1603 2532 λογισμὸς,
1646 2464 1767 2516 οὐδὲ

172 2551 281 2623 τὴν
303 2551 491 2621 κτῆσιν
507 2553 899 2624 ὲπιζητεῖ,οῦτε
911 2556 1055 2618 τίνος
1073 2573 1225 2625 περιε
1233 2556 1489 2627 ργάζεται
1503 2559 1565 2610 σύ
1574 2559 1768 2629 μδολον

173 2645 206 2696 6
232 2644 458 2715 χρυσὸς,
491 2644 627 2698 ἀλλὰ
655 2646 815 2716 μόνον
840 2648 920 2710 εἰς
940 2646 1036 2716 τὴν
1059 2648 1299 2703 διάνοιαν
1324 2650 1417 2702 τοῦ
1443 2651 1642 2721 χρυσοῦ
1670 2653 1770 2723 τὴν

178 2736 410 2809 μορφὴν
463 2739 707 2811 εἰσφέρει
736 2738 920 2811 ψιλὴν,
955 2741 1158 2805 πάθους
1192 2742 1503 2807 πλεονεξίας
1543 2761 1772 2815 κεχωρι-

178 2831 431 2902 σμένην
488 2832 519 2883 6
561 2832 618 2885 δὲ
682 2833 843 2896 αὐτὸς
900 2834 1091 2902 λόγος,
1138 2836 1232 2887 καὶ
1296 2837 1389 2889 ἐπὶ
1432 2838 1541 2891 τῶν
1595 2838 1771 2891 ἄλλων

178 2924 533 2994 πραγμάτων
578 2925 904 2996 ῥηθήσεται,
960 2929 1105 2982 κατὰ
1155 2928 1247 2981 τὸν
1298 2930 1503 2984 κακόνα
1583 2933 1773 2987 τοῦτον

181 3015 471 3086 μυστικῶς
512 3033 580 3085 γυ
590 3016 941 3088 μναζὸμενος.

1850 534 1967 580 tum
2024 526 2399 594 possideamus
2473 525 2716 591 semina,
2774 523 2973 577 malam
3044 524 3429 593 cogitationem

1852 617 2050 671 habere
2086 632 2193 670 non
2238 630 2531 685 possumus
2575 614 2930 669 intentatam:
2966 623 3342 669 verumtamen
3382 615 3429 668 si

1853 727 1973 781 qua:
2002 711 2390 779 cogitationum
2433 708 2734 763 secantium
2760 706 2964 762 diutius
3000 707 3282 763 immorata
3315 706 3432 761 fue-

1856 806 1946 865 rit,
1992 804 2250 857 tentantis
2298 803 2505 856 obtinet
2538 810 2744 871 partes,
2788 809 2838 855 et
2892 811 3077 869 postea
3128 801 3428 854 secundum

1855 896 1999 950 illam
2056 895 2440 965 cogitationem
2493 895 2657 947 homo
2716 901 3028 947 commotus
3088 893 3427 961 operabitur.

1853 986 1989 1041 Cum
2047 986 2216 1039 multa
2258 984 2640 1039 observatione
2679 982 3057 1052 cognovimus,
3105 983 3249 1050 quod
3290 983 3434 1035 inter

1855 1078 2208 1148 cogitationes
2270 1076 2565 1146 angelicas,
2596 1083 2650 1129 et
2685 1074 2973 1135 humanas,
3022 1088 3085 1127 ac
3118 1089 3210 1126 eas
3244 1089 3366 1142 qua:
3400 1089 3431 1127 a

1854 1172 2192 1227 daamonibus
2244 1171 2591 1239 proveniunt,
2625 1169 2740 1223 haec
2784 1170 2854 1223 sit
2893 1166 3221 1231 differentia,
3269 1166 3434 1220 nimi-

1856 1280 1998 1329 rum,
2022 1263 2164 1333 quod
2195 1262 2433 1331 primum
2457 1262 2674 1330 quidem
2705 1261 2963 1330 angelica:
2996 1269 3221 1313 naturas
3249 1272 3435 1311 rerum

1856 1356 2075 1410 curiose
2124 1368 2188 1408 ac
2219 1352 2505 1422 diligenter
2535 1351 2839 1419 inquirunt,
2873 1364 3147 1418 sensuque
3175 1347 3437 1417 spiritua-

1857 1449 1949 1513 lia,
1982 1463 2076 1501 seu
2105 1445 2462 1514 cogitationes
2504 1442 2744 1510 ipsarum
2790 1440 3140 1507 investigant.
3193 1436 3437 1507 Exempli

1859 1543 2059 1613 gratia,
2089 1554 2260 1608 qnare
2315 1537 2518 1591 factum
2576 1534 2741 1587 fuerit
2783 1548 3001 1596 aurum,
3049 1545 3325 1600 quamque
3366 1530 3437 1583 ob

1860 1650 2079 1689 causam
2134 1644 2423 1685 arenosum
2471 1628 2580 1691 sit,
2638 1626 2803 1694 inque
2877 1622 3230 1678 inferioribus
3282 1630 3441 1674 terra:

1865 1729 2106 1795 partibus
2155 1726 2320 1787 fuerit
2367 1722 2819 1784 disseminatum,
2865 1734 3101 1786 cumque
3134 1732 3330 1787 magno
3363 1717 3443 1769 la-

1866 1821 1995 1873 bore
2029 1832 2092 1871 ac
2125 1830 2290 1884 opere
2315 1811 2662 1866 inveniatur?
2685 1817 2758 1875 et,
2792 1823 2915 1862 cum
2950 1809 3226 1861 inventum
3256 1805 3441 1869 fuerit,

1865 1924 1975 1979 quo
2006 1916 2165 1978 pacto
2209 1921 2349 1975 aqua
2393 1903 2680 1974 perluitur,
2709 1911 2763 1955 et
2806 1902 2914 1970 igni
2960 1899 3213 1962 traditur,
3258 1898 3445 1967 sicque

1865 2003 1918 2057 in
1952 2000 2223 2055 artificum
2257 1998 2501 2067 injicitur
2536 2010 2752 2061 manus,
2795 1994 2888 2063 qui
2934 1994 3143 2047 faciunt
3186 1992 3445 2045 taberna-

1868 2095 1976 2151 culi
1999 2093 2412 2152 candelabrum,
2441 2098 2494 2143 et
2529 2086 2891 2151 thuribulum,
2918 2096 2969 2139 et
2990 2084 3301 2137 mortariola
3331 2082 3447 2135 sive

1868 2188 2172 2249 acetabula,
2204 2194 2257 2237 et
2293 2184 2577 2252 phialas”,
2612 2184 2664 2233 in
2696 2182 2897 2248 quibus
2924 2194 3017 2247 per
3048 2176 3277 2247 gratiam
3326 2175 3448 2229 Sal-

1867 2280 2070 2335 vatoris
2117 2278 2287 2333 nostri
2329 2291 2437 2328 non
2485 2273 2717 2342 amplius
2763 2286 2905 2324 nunc
2947 2270 3083 2322 bibit
3116 2266 3447 2337 Babylonius

1869 2388 2000 2437 rex;
2052 2370 2147 2423 sed
2200 2368 2268 2421 ab
2299 2366 2415 2419 istis
2457 2361 2815 2418 sacramentis
2857 2360 3055 2427 CleOpa
3106 2358 3206 2411 fert
3228 2373 3325 2411 cor
3357 2372 3447 2410 ar-

1870 2462 2077 2519 dens”.
2114 2459 2312 2513 Verum
2348 2454 2680 2511 diemoniaca
2710 2451 2972 2521 cogitatio
3014 2465 3115 2503 nec
3142 2448 3293 2502 novit
3320 2447 3449 2512 ista,

1874 2572 1973 2611 nec
2021 2554 2158 2619 scit;
2186 2552 2280 2607 sed
2327 2550 2497 2604 solam
2547 2547 2667 2601 auri
2722 2544 2997 2600 sensibilis
3044 2543 3449 2612 possessionem

1873 2648 2218 2720 impudenter
2253 2642 2514 2713 suggerit,
2558 2649 2612 2693 et
2642 2638 2887 2700 delicias,
2934 2651 3055 2704 quae
3087 2635 3212 2688 inde
3256 2648 3453 2702 prove-

1876 2745 2051 2807 niunt,
2106 2749 2268 2809 atque
2310 2737 2551 2791 futuram
2601 2732 2833 2802 gloriam
2885 2728 3162 2799 praedicit;
3212 2727 3453 2779 humana

1875 2855 2005 2894 vero
2050 2835 2306 2904 cogitatio
2397 2846 2498 2885 nec
2549 2827 2952 2898 possessionem
3011 2822 3226 2892 quierit,
3281 2833 3454 2888 neque

1878 2932 2039 3001 cujus
2067 2930 2143 2983 rei
2178 2940 2374 2980 aurum
2408 2924 2481 2978 sit
2514 2920 2843 2992 symbolum,
2869 2932 2965 2972 seu
2997 2916 3211 2983 signum
3241 2912 3456 2967 curiose

1877 3024 2158 3095 disquirit,
2190 3020 2282 3077 sed
2305 3014 2648 3073 solummodo
2674 3013 2727 3065 in
2756 3018 2991 3064 mentem
3022 3004 3319 3060 introducit
3339 3002 3457 3057 auri

181 3108 424 3164 formam
471 3119 774 3179 separatam
806 3112 875 3165 ab
916 3113 1160 3169 avaritia:
1200 3116 1494 3183 passione:
1543 3118 1727 3191 itaque
1778 3122 1920 3178 idem
1987 3130 2189 3181 sermo,
2217 3123 2272 3167 et
2330 3111 2397 3165 de
2459 3105 2670 3163 caeteris
2695 3102 2818 3157 aliis
2848 3100 3130 3164 dicendus,
3160 3095 3458 3152 secundum

182 3203 339 3257 hanc
361 3203 603 3270 regulam
635 3206 862 3275 mystice
893 3206 1245 3263 exercitatus.

794 3324 1019 3378 ΚΕΦΑΛ
1031 3364 1045 3378 .
1084 3326 1169 3379 H'.

266 3434 425 3487 Ἔστι
457 3434 687 3507 δαίμων,
721 3438 921 3503 πλάνος
950 3439 1266 3511 λεγόμενος,
1300 3445 1395 3497 καὶ
1427 3444 1535 3498 ὑπὸ
1566 3445 1665 3515 τὴν
1703 3445 1780 3499 ἔω

187 3526 436 3598 μάλιστα
477 3531 592 3592 τοῖς
635 3530 887 3598 ἀδελφοῖς
918 3532 1272 3603 παρίσταται,
1321 3537 1474 3599 ὅστις
1522 3536 1781 3607 περιάγει

184 3618 292 3675 τοῦ
320 3621 678 3692 ἀναχωρητοῦ
707 3623 799 3677 τὸν
828 3624 953 3678 νοῦν
983 3626 1091 3679 ἀπὸ
1120 3627 1332 3691 πόλεως
1359 3629 1439 3691 εἰς
1478 3629 1653 3694 πόλιν,
1687 3631 1783 3683 καὶ

186 3712 307 3767 ἀπὸ
355 3714 535 3777 οἰκίας
569 3717 649 3777 εἰς
680 3715 881 3783 οἰκίαν,
936 3718 1033 3770 καὶ
1063 3719 1171 3772 ἀπὸ
1214 3718 1410 3791 κώμης
1442 3722 1521 3783 εἰς
1562 3721 1779 3792 κώμην,

186 3803 361 3874 ψιλὰς
388 3805 552 3876 δῆθεν
585 3806 803 3877 πρῶτον
842 3808 944 3872 τὰς
973 3812 1263 3880 συντυχίας
1307 3815 1650 3883 ποιούμενον,
1689 3814 1784 3867 καὶ

187 3900 500 3972 γνωρίμοις
518 3898 632 3952 τισὶ
657 3899 1013 3967 τυγχάνοντα,
1037 3902 1132 3954 κα)⁸
1155 3900 1417 3956 λαλοῦντα
1447 3903 1782 3974 μακρότερα,

192 3994 300 4050 καὶ
324 3994 423 4064 τὴν
455 3992 666 4046 οἰκείαν
699 3992 835 4064 πρὸς
861 3995 988 4056 τοὺς
1038 3995 1401 4058 ἀπαντῶντας
1452 3995 1785 4049 κατάστασιν

191 4085 605 4155 διαφθείροντα,
635 4086 731 4138 καὶ
759 4085 977 4156 μακρὰν
1003 4085 1308 4154 γινόμενον,
1334 4085 1455 4139 κατ’
1486 4087 1665 4156 ὀλίγον
1688 4088 1787 4158 τῆς

192 4160 459 4251 γνώσεως
486 4178 584 4231 τοῦ
608 4178 767 4245 Θεοῦ,
813 4179 909 4231 καί¹
938 4179 1039 4247 τῆς
1070 4179 1296 4250 ἀρετῆς,
1344 4181 1439 4233 καὶ
1468 4180 1562 4232 τοῦ
1611 4183 1784 4247 ἐπαγ-

194 4272 478 4343 γέλματος
502 4271 672 4341 λήθην
701 4271 1071 4340 λαμϐάνοντα.
1098 4274 1191 4323 Δεῖ
1212 4268 1304 4326 οὖν
1328 4271 1420 4324 τὸν
1438 4251 1790 4341 ίὰναχωροῦν-

198 4383 297 4430 τα,
328 4362 519 4417 τοῦτον
549 4364 761 4433 τηρεῖν,
791 4362 955 4415 πόθεν
980 4379 1039 4415 τε
1066 4363 1320 4433 ἄρχεται,
1366 4364 1461 4416 καὶ
1486 4363 1588 4416 ποῦ
1619 4380 1789 4417 κατα-

198 4460 384 4530 λήγει·
429 4456 489 4509 οὐ
524 4454 635 4523 γὰρ
668 4454 813 4522 εἰκῆ,
845 4454 966 4507 οὐδὲ
996 4454 1071 4518 ὼς
1106 4454 1267 4526 ἔτυχε
1317 4455 1529 4527 μακρὸν
1580 4457 1788 4509 ἐκεῖνον

201 4536 409 4609 κύκλον
454 4554 763 4625 ἐργάζεται,
815 4551 949 4606 ἀλλὰ
991 4550 1092 4621 τὴν
1141 4550 1473 4602 κατάστασιν
1518 4547 1613 4601 τοῦ
1660 4549 1789 4601 ἅνα-

2370 3315 2526 3385 521
2570 3306 2800 3365 CAPUT
2839 3304 2978 3359 Vill.

1954 3435 2242 3508 Reperitur
2276 3431 2510 3490 daemon,
2544 3424 2639 3494 qui
2669 3421 2869 3476 dicitur
2897 3418 3174 3485 deceptor,
3229 3421 3285 3468 et
3325 3427 3465 3480 prat-

1883 3532 2068 3587 sertim
2101 3529 2205 3584 sub
2236 3538 2486 3581 auroram
2531 3518 2796 3573 fratribus
2830 3523 2989 3579 astat,
3021 3511 3113 3581 qui
3156 3508 3463 3564 secedentis

1883 3626 2229 3681 anachoretae
2259 3624 2494 3671 mentem
2524 3608 2848 3677 circumagit
2879 3622 2910 3659 e
2939 3605 3157 3659 civitate
3188 3602 3241 3654 in
3271 3602 3464 3655 civita-

1884 3728 2017 3782 tem,
2053 3724 2108 3771 et
2144 3730 2174 3768 e
2207 3713 2370 3767 domo
2403 3711 2457 3762 in
2486 3707 2730 3767 domum,
2766 3710 2820 3755 et
2850 3715 2879 3754 e
2913 3699 3032 3752 vico
3067 3696 3122 3749 in
3170 3695 3374 3757 vicum,
3409 3696 3461 3746 in

1884 3807 2083 3879 primis
2114 3801 2367 3857 videlicet
2398 3795 2669 3865 simplicia
2719 3792 3009 3845 habentem
3056 3785 3363 3854 colloquia,
3410 3791 3465 3837 et

1888 3916 2015 3955 cum
2048 3894 2376 3967 quibusdam
2409 3887 2643 3958 cognitis
2675 3886 3115 3942 cohversautem,
3147 3889 3308 3947 atque
3339 3893 3464 3947 pro-

1889 3991 2058 4046 lixius
2088 3987 2510 4054 colloquentem,
2536 3976 2926 4049 propriumque
2958 3983 3159 4029 statum
3182 3972 3246 4024 ad
3273 3970 3465 4023 obvios

1887 4101 1996 4139 non
2023 4087 2356 4141 servantem,
2392 4084 2447 4129 et
2477 4071 2735 4142 paulatim
2779 4083 2901 4122 sese
2939 4066 3125 4135 procul
3168 4079 3198 4117 ιι
3231 4061 3326 4116 Dei
3371 4077 3468 4116 co-

1889 4177 2126 4247 gnitione
2158 4168 2522 4237 elong‘antem,
2560 4165 2926 4230 virtutemque
2958 4174 3021 4213 ac
3063 4155 3460 4227 professionem

1888 4267 2151 4324 oblivioni
2183 4264 2554 4318 mandantem.
2591 4258 2814 4327 Oportet
2858 4256 3077 4322 itaque,
3125 4251 3269 4322 quod
3315 4264 3468 4305 sece-

1888 4363 2022 4418 dens
2060 4358 2389 4413 anachoreta
2433 4361 2592 4407 caute
2640 4350 2890 4404 observet
2926 4348 3229 4401 daemonem
3276 4345 3464 4407 istum,

1892 4452 2036 4507 unde
2071 4449 2316 4518 incipiat,
2348 4454 2402 4500 et
2439 4460 2548 4513 quo
2579 4441 2824 4503 desinat;
2857 4438 3058 4492 etenim
3095 4452 3201 4490 non
3243 4445 3467 4497 temere,

1891 4560 2071 4616 neque
2093 4558 2224 4599 casu
2256 4542 2476 4611 longum
2520 4537 2670 4590 illum
2720 4532 2987 4587 circulum
3036 4545 3262 4600 operose
3292 4527 3469 4592 ducit;

201 4645 459 4717 χωρητοῦ
488 4623 831 4716 διαφθείρειν
878 4643 1224 4713 βουλόμενος,
1264 4640 1436 4694 ταῦτα
1486 4642 1652 4704 ποιεῖ,
1702 4640 1788 4693 ἵνα

1893 4653 2086 4693 verum
2119 4636 2223 4690 ista
2264 4631 2413 4696 facit,
2448 4646 2514 4684 eo
2542 4627 2687 4697 quod
2731 4624 2859 4678 velit
2887 4623 3231 4677 anachoreta:
3266 4627 3469 4672 statum

202 4738 498 4799 ὲκκαυθεὶς
527 4740 590 4790 ἐκ
615 4737 817 4790 τούτων
837 4738 865 4789 ὁ
887 4735 1033 4802 νοῦς,
1059 4735 1153 4787 καὶ
1180 4737 1243 4786 ἐκ
1274 4734 1383 4786 τῶν
1416 4733 1627 4786 πολλῶν
1664 4750 1790 4786 συν-

204 4829 410 4901 τυχιῶν
447 4828 736 4899 μεθυσθεὶς
778 4826 979 4889 εὐθέως
1022 4826 1100 4894 τῷ
1142 4826 1242 4894 τῆς
1288 4826 1566 4895 πορνείας,
1607 4825 1638 4895 ἦ
1690 4826 1789 4895 τῆς

204 4921 469 4994 ὁργῆς,ἦ
519 4921 597 4991 τῷ
651 4920 751 4989 τῆς
782 4918 959 4988 λύπης
1004 4918 1215 4989 δαίμονι
1267 4919 1562 4989 περιπέσῃ,
1596 4919 1789 4982 οἵτινες

211 5015 453 5085 μάλιστα
492 5013 843 5084 λυμαίνονται
893 5013 995 5082 τῆς
1038 5011 1428 5073 καταστάσεως
1473 5011 1638 5064 αὑτοῦ
1687 5012 1787 5081 τὴν

208 5108 593 5179 λαμπρότητα.
648 5105 789 5159 Ἀλλ’
819 5107 1001 5175 ἡμεῖς,
1033 5104 1191 5174 εἴπερ
1231 5102 1426 5174 ἔχομεν
1458 5103 1661 5157 σκοπὸν
1694 5101 1787 5156 τοῦ

211 5200 418 5271 γνῶναι
463 5198 650 5267 σαφῶς
678 5198 779 5267 τὴν
810 5180 1001 5250 τούτου
1044 5197 1404 5266 πανουργίαν,
1459 5196 1534 5266 μὴ
1580 5195 1792 5266 ταχέως

217 5292 581 5363 φθεγξώμεθα
619 5292 753 5361 πρὸς
785 5290 969 5353 αὐτὸν,
1019 5289 1150 5360 μηδὲ
1177 5289 1513 5358 δεικνύωμεν
1544 5287 1614 5341 τὰ
1645 5289 1794 5355 γινό-

222 5403 383 5457 μενα,
433 5385 549 5448 πῶς
594 5384 734 5438 κατὰ
762 5384 859 5454 τὴν
891 5383 1129 5438 διάνοιαν
1172 5382 1273 5444 τὰς
1302 5382 1593 5451 συντυχίας
1624 5381 1792 5451 ὲργά-

218 5479 394 5543 ζεται,
441 5477 536 5529 καὶ
578 5476 699 5529 τίνα
741 5476 941 5545 τρόπον
985 5471 1104 5528 κατ’
1137 5473 1315 5540 ὀλίγον
1360 5471 1669 5526 συνελαύνει
1701 5473 1793 5527 τὸν

215 5567 343 5623 νοῦν
391 5569 527 5639 πρὸς
573 5568 665 5623 τὸν
714 5569 961 5635 θάνατον,
1013 5567 1135 5621 ἐπεὶ
1165 5566 1421 5635 φεύξεται
1466 5565 1562 5635 ἀφ’
1610 5565 1788 5637 ἡμῶν·

298 5750 365 5783 ¹¹⁶
393 5748 581 5806 Matth.
629 5766 700 5814 vt,
728 5750 816 5805 21.

898 5751 938 5782 ²²
972 5750 1143 5809 Exod.
1174 5766 1300 5815 xxv,
1324 5748 1437 5814 29;
1486 5745 1504 5802 l
1542 5746 1715 5804 Much.
1749 5764 1785 5812 ι,
1820 5747 1890 5803 25
1915 5765 1931 5815 ;
1961 5744 2161 5802 Jcrcm.
2195 5759 2292 5810 ιιι,
2342 5740 2430 5810 18,
2491 5740 2580 5796 l9.

1895 4730 2229 4800 disperdere,
2256 4742 2319 4781 ac
2347 4735 2717 4791 corrumpere,
2743 4727 2801 4772 ut
2835 4732 2990 4771 mens
3011 4730 3075 4769 ex
3107 4714 3225 4767 istis
3252 4710 3470 4764 inﬂam-

1897 4834 2063 4885 mata,
2116 4830 2166 4873 et
2216 4834 2246 4873 e
2300 4816 2487 4870 multis
2527 4811 2816 4880 colloquiis
2848 4808 3148 4869 ittebriata,
3182 4804 3469 4859 confestim

1898 4914 2105 4969 incidat
2140 4912 2193 4963 in
2224 4909 2526 4963 daemonem
2566 4900 2967 4961 fornicationis,
3024 4896 3103 4949 vel
3153 4892 3469 4954 iracundiaa,

1894 5004 1979 5058 vel
2009 5001 2262 5065 tristitie,
2290 4998 2384 5067 qui
2418 4997 2659 5049 maxime
2689 4993 2881 5045 vitiant
2929 5005 2992 5043 ac
3041 4988 3245 5041 laedunt
3293 4992 3471 5039 status

1897 5098 2017 5165 ejus
2048 5095 2374 5149 claritatem.
2409 5088 2521 5143 Nos
2556 5101 2705 5153 vero,
2745 5087 2791 5140 si
2823 5083 3177 5139 intentionem
3211 5079 3475 5132 habemus

1895 5189 2199 5245 luculenter
2246 5181 2595 5255 dignoscendi
2657 5179 2817 5249 hujus
2873 5176 3208 5238 versutiam,
3258 5188 3326 5227 ne
3364 5170 3475 5225 cito

1895 5283 2024 5353 quid
2048 5280 2149 5349 ipsi
2177 5276 2541 5349 proferamus,
2568 5290 2701 5327 neve
2731 5269 3144 5341 patefaciamus,
3171 5280 3293 5335 qua:
3315 5265 3471 5327 fiunt,

1898 5376 2172 5447 quomodo
2223 5373 2479 5425 nimirum
2536 5365 2921 5421 intellectualia
2972 5361 3266 5415 fabricetur
3304 5357 3475 5413 collo-

1896 5470 2045 5540 quia,
2115 5480 2333 5537 quoque
2397 5472 2553 5532 pacto
2620 5458 2879 5529 paulatim
2936 5465 3172 5509 mentem
3237 5449 3475 5519 compcl-

1900 5565 1975 5619 lat
2018 5563 2086 5617 ad
2137 5568 2402 5624 mortem,
2454 5557 2578 5626 quia
2637 5555 2805 5626 fugiet
2846 5569 2876 5608 a
2933 5551 3131 5614 nobis,
3183 5564 3282 5604 nec
3326 5546 3475 5602 enim

2664 5738 2705 5772 ¹³
2766 5736 3058 5798 Luc.xxrv,
3096 5733 3113 5785 ἰ
3126 5734 3174 5787 8.
