3808 6226
253 207 279 217 ”
354 249 487 314 1211

1854 253 1917 312 S‘.
1940 254 2105 314 NIIJ

3483 242 3609 308 1212

344 361 583 417 sustinet
609 359 802 425 videri,
832 360 961 415 dum
993 360 1111 420 haec
1143 357 1312 427 facit;
1361 375 1426 416 ac
1469 368 1744 430 postremo
1786 362 1922 417 nihil

2078 363 2255 419 zc'icOatt
2304 362 2415 433 γὰρ
2464 361 2636 415 ταῦτα
2679 359 2936 432 πράττων
2979 359 3042 412 οὗ
3072 358 3435 428 καταδέχεται
3459 374 3475 388 ·
3520 362 3609 412 καὶ

347 454 585 511 sciemus
614 467 828 515 eorum,
860 468 983 523 quae
1022 453 1204 508 dicere
1254 453 1589 518 studuimus,
1617 469 1811 510 verum
1833 448 1930 509 ad-

344 548 455 605 buc
482 564 645 601 unam
680 549 847 613 diem,
902 548 1015 603 sive
1050 557 1105 602 et
1143 549 1305 604 aliam
1368 550 1735 605 concedamus
1779 550 1929 619 ipsi,

347 649 409 692 ut
434 648 613 698 artum
663 638 926 708 perﬁciat,
965 652 1106 707 quo,
1152 637 1438 707 diligenter
1472 637 1645 707 ipsius
1689 638 1929 707 ineptum

352 730 742 800 stupidumque
775 728 1051 798 ingenium
1101 728 1517 797 dignoscentes,
1548 727 1785 797 posthaec
1816 744 1931 782 ser-

348 836 512 877 mone
543 821 720 891 ipsum
750 820 1033 889 arguendo
1065 830 1342 879 vertamus
1372 822 1424 874 in
1455 820 1660 891 fugam.

809 994 815 1001 ,
855 934 1015 1005 522
1056 935 1285 991 CAPUT
1329 936 1422 990 Ix.

426 1048 532 1104 Sed
567 1048 827 1118 quoniam
862 1048 1163 1117 contingit,
1211 1048 1392 1117 quod,
1430 1049 1745 1103 tentationis
1793 1059 1932 1104 tem-

352 1156 505 1209 pore,
539 1156 717 1205 mens,
766 1156 892 1195 cum
926 1140 997 1195 sit
1023 1139 1296 1196 infuscata
1320 1179 1336 1205 ,
1385 1156 1451 1196 ac
1488 1142 1656 1196 veluti
1694 1144 1933 1197 excitato

352 1232 641 1288 faculento
671 1248 831 1288 caeno
861 1233 1167 1303 inquinata,
1201 1247 1310 1286 non
1343 1233 1603 1303 perspicit
1646 1234 1933 1303 diligenter

352 1339 418 1379 ea
448 1340 569 1394 qua:
615 1325 771 1390 ﬁunt,
822 1334 946 1393 post
990 1340 1268 1379 secessum
1299 1324 1564 1380 daemonis
1610 1325 1755 1379 istud
1803 1326 1929 1379 ﬁat:

355 1414 648 1467 considens
682 1413 823 1482 apud
869 1414 1101 1482 teipsum
1146 1423 1421 1467 memento
1456 1430 1658 1481 rerum,
1687 1430 1809 1485 qua:
1836 1415 1932 1468 tibi

356 1515 659 1559 evenerunt
709 1507 981 1560 undenam
1030 1507 1286 1575 coeperis,
1321 1516 1377 1561 et
1421 1522 1530 1577 quo
1574 1509 1929 1577 processeris,

356 1588 535 1665 quove
561 1597 613 1649 in
650 1596 771 1651 loco
815 1598 1247 1666 comprehensus
1274 1597 1445 1653 fueris
1474 1615 1505 1653 a
1535 1599 1728 1668 Spiritu
1761 1600 1932 1653 forni-

2033 460 2183 513 οὐδὲν
2237 458 2425 512 λοιπὸν
2484 456 2742 527 εἰσόμεθα
2798 448 2875 510 ὧν
2940 454 3132 525 μαθεῖν
3174 452 3613 523 ἐσπουδάκαμεν,

2046 550 2206 603 Ἀλλά
2236 549 2331 603 καὶ
2367 548 2533 618 ἄλλην
2568 548 2697 618 μίαν
2726 546 2969 617 ἡμέραν,
3005 546 3039 616 ἦ
3072 546 3167 599 καὶ
3194 544 3459 615 δευτέραν
3494 561 3616 612 συγ-

2033 643 2374 713 χωρήσωμεν
2400 639 2549 709 αὐτῷ
2576 638 2865 692 τελειῶσαι
2892 636 2952 690 τὸ
2987 637 3232 706 δράγμα,
3260 635 3352 689 ἵνα
3378 634 3616 704 ἀκριϐῶς

2037 731 2300 802 μαθόντες
2349 730 2516 783 αὑτοῦ
2564 730 2628 782 τὸ
2682 728 3035 799 σωιὼρημα,
3080 727 3223 797 λόγῳ
3268 725 3414 796 μετά
3452 725 3617 779 ταῦτα

2034 824 2352 890 ὲλέγξαντες
2389 823 2553 876 αὐτὸν
2583 820 3035 890 φυγαδεύσωμεν.

2642 936 2896 987 ΚΕΦΑΛ.
2938 934 3016 987 Θ’.

2120 1046 2261 1099 Ἀλλ’
2289 1044 2480 1114 ἐπειδὴ
2513 1043 2656 1097 κατᾶ
2685 1043 2778 1095 τὸν
2804 1042 3001 1115 καιρὸν
3026 1040 3119 1094 τοῦ
3148 1041 3473 1112 πειρασμοῦ
3504 1058 3625 1110 συμ·

2036 1139 2236 1202 ϐαίνει,
2268 1138 2637 1207 τεθολωμένον
2667 1136 2798 1190 ὅντα
2824 1136 2917 1188 τὸν
2951 1134 3074 1187 νοῦν
3106 1135 3179 1204 μὴ
3214 1134 3471 1204 ἀκριϐῶς
3505 1134 3625 1185 ἰδεῖν

2031 1232 2102 1285 τὰ
2126 1231 2406 1300 γινόμενα,
2429 1230 2565 1299 μετά
2581 1228 2679 1298 τὴν
2710 1226 3059 1297 ἀναχώρησιν
3075 1227 3166 1278 τοῦ
3184 1226 3450 1294 δαίμονος
3476 1224 3627 1278 τοῦτο

2033 1322 2285 1392 γινέσθω
2304 1322 2585 1384 καθεσθεὶς
2604 1321 2722 1373 καθ’
2738 1319 2949 1381 ἑαυτὸν,
2970 1319 3343 1388 μνημόνευσον
3367 1316 3485 1369 τῶν
3504 1334 3627 1385 συμ-

2035 1415 2346 1483 ϐεϐηκότων
2375 1432 2455 1467 σοι
2474 1413 2836 1485 πραγμάτων,
2858 1410 3250 1482 πόθεντεὴρξω
3268 1411 3366 1463 καὶ
3378 1408 3488 1461 ποῦ
3504 1410 3628 1463 ἐπο-

2036 1507 2258 1579 ρεύθης,
2278 1508 2372 1560 καὶ
2389 1508 2446 1559 ὲν
2467 1506 2603 1575 ποίῳ
2622 1506 2771 1575 τόπῳ
2790 1502 3128 1573 συνελήφθης
3148 1501 3365 1555 ύπδτοῦ
3389 1501 3629 1570 πνεύμα-

2035 1619 2128 1665 τος
2161 1601 2260 1670 τῆς
2303 1599 2583 1669 πορνείας,
2631 1596 2665 1665 ἢ
2697 1597 2796 1666 τῆς
2842 1596 3034 1665 ὀργῆς,
3075 1595 3109 1664 ἢ
3143 1595 3243 1664 τῆς
3288 1594 3496 1665 λύπης,
3538 1593 3632 1646 καὶ

356 1688 609 1752 cationis,
643 1689 728 1742 vel
772 1689 1089 1752 iracundiae,
1140 1690 1221 1744 vel
1266 1691 1517 1759 tristitiae,
1563 1700 1618 1745 et
1661 1694 1936 1759 quomodo

2078 1696 2158 1759 ςῶς
2200 1695 2377 1748 πάντα
2425 1693 2616 1760 γέγονε
2654 1691 2723 1744 τά
2763 1691 3046 1761 γινόμενα,
3084 1689 3183 1742 καὶ
3218 1687 3411 1755 σαφῶς
3456 1688 3630 1741 ταῦτα

358 1778 505 1833 tacta
538 1778 745 1832 fuerint
783 1779 991 1843 omnia,
1022 1796 1145 1850 qua:
1174 1789 1291 1834 acta
1337 1791 1484 1846 sunt,
1529 1797 1594 1837 ac
1636 1782 1940 1838 luculenter

360 1870 469 1925 ista
497 1872 696 1936 edisce,
741 1880 797 1926 et
821 1873 1017 1925 manda
1052 1874 1365 1939 memoriae,
1417 1883 1476 1927 ut
1520 1874 1695 1942 ipsum
1739 1876 1942 1928 adven-

361 1969 568 2017 tantem
595 1962 779 2017 vakas
814 1978 1074 2031 arguere,
1106 1964 1399 2033 locumque
1442 1964 1512 2017 ab
1545 1965 1665 2033 ipso
1704 1965 1943 2019 abscon-

363 2068 489 2109 sum
535 2052 736 2119 indica,
787 2069 921 2108 neve
962 2053 1220 2125 deinceps
1269 2071 1393 2110 cum
1439 2057 1687 2111 secteris.
1727 2056 1783 2110 Si
1814 2073 1943 2112 vero

364 2144 638 2200 interdum
669 2146 804 2200 velis
828 2146 880 2199 in
910 2144 1150 2202 furorem
1180 2162 1397 2216 quoque
1423 2146 1598 2214 ipsqu
1625 2163 1943 2216 provocare,

364 2249 493 2290 eum
524 2243 794 2289 astantem
822 2235 1006 2290 subito
1034 2250 1202 2304 argue
1222 2275 1237 2301 ,
1279 2237 1645 2305 primumque,
1683 2238 1734 2290 in
1782 2254 1944 2306 quem

365 2324 598 2395 prodiit,
634 2326 813 2380 locum
841 2326 1152 2393 manifesta,
1180 2335 1238 2383 et
1262 2328 1590 2393 secundum,
1615 2339 1667 2383 et
1697 2331 1945 2396 tertium;

366 2417 526 2473 valde
562 2433 799 2488 namque
846 2416 952 2472 fert
984 2434 1158 2488 aegre,
1199 2418 1423 2472 minime
1470 2419 1707 2474 tolerans
1745 2436 1946 2490 oppro-

368 2510 548 2566 brium
572 2529 586 2578 ;
616 2510 1015 2566 demonstratio
1042 2525 1191 2575 vero,
1223 2510 1371 2580 quod
1395 2513 1712 2581 tempestive
1734 2513 1800 2566 ad
1823 2528 1947 2567 eum

370 2601 542 2657 fueris
579 2603 814 2668 locutus,
847 2603 973 2667 erit,
1019 2602 1144 2671 quia
1178 2602 1346 2672 fugiet
1373 2618 1403 2656 a
1441 2611 1491 2657 te
1518 2604 1813 2673 cogitatio:
1840 2620 1949 2659 non

371 2703 459 2750 cst
485 2696 685 2764 quippe
715 2694 1003 2763 possibile,
1027 2695 1173 2763 quod
1201 2695 1464 2764 deinceps
1491 2704 1653 2759 astet,
1681 2697 1808 2750 dum
1835 2713 1951 2752 tua-

2043 1782 2355 1853 κατάμαθε,
2386 1781 2479 1834 καὶ
2504 1780 2748 1851 παράδος
2775 1783 2841 1853 τῇ
2878 1781 3067 1851 μνήμῃ
3097 1780 3183 1832 ἵνα
3212 1778 3344 1849 ἔχῃς
3381 1778 3633 1848 ἐλέγχειν

2043 1876 2206 1927 αὐτὸν
2249 1873 2567 1944 προσιόντα,
2614 1873 2709 1925 καί
2754 1872 2847 1924 τὸν
2896 1871 3277 1941 κρυπτόμενον
3325 1870 3421 1923 ὑπ’
3464 1870 3633 1922 αύτοῆ

2042 1967 2207 2019 τόπον
2252 1966 2597 2035 καταμὴνυε,
2633 1965 2730 2017 καὶ
2760 1965 2861 2017 οὐκ
2906 1964 3291 2034 ἀκολουθήσεις
3329 1964 3489 2035 αὐτῷ
3523 1963 3635 2020 λοι-

2044 2063 2166 2116 πόν.
2238 2062 2301 2113 Εἰ
2348 2060 2406 2113 δὲ
2460 2058 2638 2129 βούλει
2687 2060 2817 2111 ποτὲ
2861 2059 2956 2112 καὶ
2994 2062 3074 2122 εἰς
3110 2059 3309 2129 μανίαν
3356 2059 3639 2129 προκαλέ-

2047 2155 2285 2217 σασθαι,
2330 2151 2549 2220 ἔλεγξον
2599 2150 2763 2204 αὑτὸν
2810 2150 2973 2214 εὐθὺς
3014 2150 3348 2215 ἐπιστάντα,
3398 2150 3503 2204 καὶ
3540 2151 3639 2205 τὸν

2045 2246 2264 2316 πρῶτον
2315 2245 2478 2297 τόπον
2531 2245 2610 2307 εἰς
2660 2242 2721 2296 ὃν
2752 2242 2969 2313 εἰσῆλθε
3012 2243 3359 2321 φανέρωσον,
3410 2243 3640 2295 καὶτὸν

2044 2335 2320 2406 δεύτερον,
2355 2336 2449 2389 καὶ
2500 2334 2594 2389 τὸν
2636 2334 2841 2406 τρίτον,
2889 2332 3032 2386 πάνυ
3065 2333 3173 2404 γάρ
3202 2333 3527 2402 χαλεπαίνει
3559 2333 3639 2403 μὴ

2048 2428 2231 2495 φέρων
2260 2426 2361 2496 τὴν
2396 2428 2658 2498 αἰσχύνην
2684 2443 2700 2457 ’
2751 2427 3029 2491 ἀπόδειξις
3078 2428 3138 2481 δὲ
3181 2428 3335 2481 ἔσται
3372 2427 3476 2481 τοῦ
3514 2446 3641 2482 και-

2053 2516 2185 2588 ρίως
2212 2534 2271 2569 σε
2301 2517 2637 2585 φθέγξασθαι
2668 2517 2806 2586 πρὸς
2842 2518 3026 2583 αὐτὸν,
3063 2519 3127 2572 τὸ
3171 2519 3516 2587 πεφευγέναι
3545 2520 3641 2571 τὺν

2047 2609 2307 2679 λογισμὸν
2339 2610 2447 2662 ἀπὸ
2480 2610 2575 2663 σοῦ
2599 2627 2613 2641 ’
2658 2610 2921 2665 ἀδύνατον
2953 2609 3065 2681 γὰρ
3089 2610 3275 2663 λοιπὸν
3311 2610 3511 2680 στῆναι
3540 2609 3641 2662 αὑ-

2047 2696 2142 2749 τὸν
2172 2696 2422 2766 φανερῶς
2451 2695 2829 2769 ἐλεγχόμενον.
2874 2698 3077 2752 Τοῦτον
3115 2698 3173 2751 δὲ
3207 2699 3523 2769 ἡττηθέντα
3546 2700 3641 2752 τὸν

380 2784 579 2840 uiieste
609 2785 974 2854 red-arguitur.
1028 2786 1170 2839 Huic
1201 2800 1331 2839 vero
1366 2786 1601 2841 daemoni
1633 2789 1835 2842 erroris
1861 2803 1951 2843 su-

2078 2788 2149 2859 τῆς
2179 2787 2384 2858 πλάνης
2413 2788 2643 2858 δαίμονα
2664 2790 2970 2860 διαδέχεται
2995 2789 3162 2854 ὕπνος
3191 2789 3524 2860 βαρύτατος,
3545 2791 3643 2843 καὶ

373 2886 564 2959 perato
594 2877 854 2942 succedit,
889 2892 984 2932 seu
1027 2876 1380 2945 subsequitur
1422 2878 1779 2947 gravissimus
1808 2895 1951 2933 som-

2078 2883 2321 2953 ιέκρωσις
2362 2884 2500 2953 μετά
2530 2882 2871 2953 ψυχρότητος
2914 2882 3120 2952 πολλῆς
3168 2881 3277 2935 τῶν
3326 2882 3641 2953 βλεφάρων,

376 2984 504 3053 nus,
527 2978 582 3022 et
606 2969 953 3023 mortiticatio
976 2984 1098 3023 cum
1129 2969 1301 3022 multo
1326 2969 1705 3038 palpebrarum
1728 2970 1948 3041 frigore,

2078 2974 2149 3028 :al.
2176 2974 2381 3044 χασμοὶ
2411 2974 2649 3046 ἄπειροι,
2682 2974 2775 3027 καὶ
2817 2968 2958 3043 ὦμοι
2996 2973 3349 3045 βαρούμενοι,
3380 2972 3481 3025 καὶ
3512 2990 3645 3045 ναρ-

373 3074 441 3118 ac
474 3059 701 3114 infinitae
750 3060 1150 3125 oscitationes,
1209 3060 1525 3131 gravatique
1580 3062 1838 3128 humeri,
1889 3077 1951 3117 ac

2078 3066 2297 3131 ιῶντες,
2344 3065 2489 3137 άπερ
2536 3069 2603 3137 τῇ
2655 3063 2893 3132 συντόνῳ
2949 3066 3226 3137 προσευχῇ
3281 3063 3533 3121 διαλύσει
3580 3063 3644 3117 τὸ

376 3158 683 3220 torpentes;
722 3168 844 3223 quae
880 3152 1093 3207 intensa
1143 3154 1391 3209 oratione
1429 3154 1688 3210 dissolvet
1719 3154 1951 3226 Spiritus

2078 3154 2282 3228 Ῑνεῦμα
2315 3154 2375 3209 τὸ
2409 3156 2587 3226 ἅγιον.

376 3256 626 3303 sanctus.

1000 3357 1229 3419 CAPUT
1268 3360 1338 3415 Χ.

452 3470 672 3535 Odium,
702 3471 847 3540 quod
876 3472 1138 3527 adversus
1177 3472 1455 3527 daemones
1490 3474 1773 3535 habemus.
1796 3476 1955 3531 nobis

376 3565 447 3622 ad
475 3565 706 3620 salutem
738 3566 965 3630 confert,
1001 3575 1055 3619 et
1092 3567 1158 3619 ad
1208 3567 1419 3621 virtutis
1464 3570 1830 3637 operationem
1873 3580 1958 3624 est

377 3655 534 3709 valde
582 3657 997 3710 accommodutn
1040 3667 1093 3709 et
1144 3669 1351 3725 aptum.
1410 3659 1512 3712 Sed
1560 3659 1660 3713 hoc
1700 3659 1757 3712 in
1800 3661 1956 3715 nobis

379 3744 539 3812 ipsis,
568 3744 717 3797 velut
742 3744 1016 3813 quoddam
1052 3744 1252 3797 bonum
1280 3744 1438 3814 523
1475 3763 1693 3815 germen
1717 3750 1958 3802 enutrirc

381 3843 492 3890 nOn
534 3835 800 3901 valemus,
832 3851 960 3889 cum
1001 3836 1229 3903 spiritus
1257 3838 1593 3904 voluptatum
1631 3848 1877 3893 amantes
1906 3841 1956 3895 id

378 3937 777 3995 corrumpant,
831 3928 1007 3997 adque
1046 3928 1365 3992 amicitiam,
1416 3939 1467 3983 et
1508 3932 1954 3985 consuetudinem

386 4032 583 4073 rursus
621 4018 858 4072 animam
893 4030 1152 4083 evocent;
1199 4036 1386 4075 verum
1446 4023 1585 4077 hanc
1628 4023 1955 4086 amicitiam,

380 4124 481 4164 seu
528 4110 712 4178 potius
774 4126 1117 4180 gangraenam
1177 4121 1369 4166 curatu
1404 4113 1671 4166 diﬂicilem
1721 4116 1959 4169 medicus

385 4201 697 4256 animarum
733 4213 889 4257 sanat
915 4219 1008 4271 per
1037 4205 1474 4271 derelictionem;
1501 4206 1767 4275 permittit
1791 4209 1956 4273 enim,

383 4308 488 4350 nos
522 4294 726 4364 aliquid
762 4296 1002 4350 terribile
1034 4298 1140 4365 pati
1189 4299 1257 4351 ab
1304 4298 1434 4366 ipsis
1482 4308 1676 4362 noctu,
1722 4314 1815 4353 seu
1867 4315 1960 4367 per

2672 3354 2923 3410 ΚΕΦΑΛ.
2962 3356 3020 3410 l'.

2127 3466 2281 3522 Hdve
2308 3465 2369 3519 τὺ
2405 3468 2563 3536 μῖσος
2595 3467 2657 3520 τὸ
2688 3466 2830 3521 κατὰ
2876 3466 2987 3521 τῶν
3019 3467 3297 3537 δαιμόνων
3336 3468 3479 3538 ἡμῖν
3508 3468 3657 3540 πρὸς

2059 3557 2334 3627 σωτηρίαν
2366 3557 2759 3627 συμϐάλλεται,
2796 3557 2891 3609 καὶ
2924 3555 3062 3625 πρὸς
3108 3555 3211 3624 τὴν
3252 3556 3523 3625 ἐργασίαν
3549 3555 3647 3624 τῆς

2058 3649 2261 3718 ἀρετῆς
2299 3650 2447 3702 ἐστιν
2493 3649 2817 3718 ἐπιτήδειονο
2872 3648 3012 3702 ἀλλά
3055 3646 3214 3703 τοῦτο
3255 3646 3555 3719 ἐκτρέφειν
3589 3648 3648 3699 ὲν

2059 3744 2294 3805 ἑαυτοῖς,
2328 3740 2518 3810 ὥσπερ
2547 3759 2600 3793 τι
2646 3740 2893 3809 γέννημα
2944 3738 3151 3807 ἀγαθὸν
3200 3738 3300 3790 οὐκ
3354 3737 3647 3809 ἰσχύομεν,

2057 3836 2168 3890 τῶν
2198 3833 2500 3904 φιληδόνων
2545 3831 2874 3902 πνευμάτων
2900 3829 3319 3901 διαφθειρόντων
3352 3831 3513 3894 αὐτὸ,
3555 3830 3651 3883 καὶ

2059 3929 2195 3999 πρὸς
2225 3925 2428 3994 φιλίαν,
2472 3924 2567 3977 καὶ
2601 3923 2892 3991 συνήθειαν
2923 3922 3086 3974 πάλιν
3131 3920 3232 3990 τὴν
3260 3920 3449 3990 ψυχὴν
3480 3922 3649 3973 ἑκκα-

2058 4019 2333 4087 λουμένων
2358 4031 2371 4045 ⁸
2426 4016 2563 4067 ἀλλά
2597 4013 2801 4083 ταύτην
2829 4013 2927 4084 τὴν
2961 4013 3164 4079 φιλίαν,
3216 4011 3425 4081 μᾶλλον
3459 4012 3522 4065 δὲ
3552 4012 3649 4083 τὴν

2061 4112 2315 4164 δυσίατον
2341 4108 2652 4178 γάγραιναν
2682 4107 2710 4157 ὁ
2746 4106 2927 4174 ἰατρὸς
2960 4105 3069 4157 τῶν
3093 4104 3280 4173 ψυχῶν
3309 4103 3385 4156 δι’
3414 4107 3650 4171 ἐγκατα-

2059 4201 2287 4266 λείψεως
2307 4196 2599 4268 θεραπεύει
2630 4213 2641 4225 ·
2681 4197 2951 4265 συγχωρεῖ
2976 4195 3084 4263 γάρ
3112 4212 3163 4246 τι
3186 4194 3429 4263 φοϐερὸν
3454 4195 3650 4246 παθεῖν

2062 4295 2206 4364 ἡμᾶς
2241 4290 2332 4345 ὑπ’
2364 4289 2542 4342 αὐτῶν
2572 4288 2786 4357 νύκτωρ
2833 4287 2866 4356 ἦ
2903 4287 3021 4357 μεθ’
3056 4287 3291 4356 ἡμέραν,
3345 4288 3448 4340 καί⁵
3485 4288 3650 4341 πάλιν

383 4387 552 4454 diem,
582 4395 820 4457 tuncque
851 4389 1032 4443 denuo
1059 4392 1239 4443 anima
1269 4392 1334 4444 ad
1366 4391 1549 4446 odium
1577 4392 1951 4460 pritnigenium

2078 4388 2096 4455 ἡ
2127 4382 2275 4454 ψυχὴ
2307 4380 2445 4453 πρὸς
2478 4379 2538 4431 τὸ
2566 4380 2875 4450 ἀρχέτυπον
2906 4381 3063 4447 μῖσος
3096 4379 3474 4449 ἐπανατρέχει
3505 4380 3647 4433 διδαφ

385 4481 657 4546 recurrit,
712 4482 903 4535 edocta
942 4483 1122 4537 dicere
1177 4484 1242 4536 ad
1284 4483 1599 4546 Dominum,
1660 4485 1955 4539 secundum

384 4573 559 4629 David
592 4593 606 4628 :
648 4592 667 4625 ι
709 4573 956 4629 Perfecto
989 4575 1136 4644 ipsos
1171 4577 1394 4630 oderam
1431 4577 1577 4641 odio,
1620 4577 1673 4630 in
1710 4578 1960 4633 inimicos

387 4668 519 4724 facti
570 4679 698 4724 sunt
736 4669 959 4722 mihi”.
1002 4688 1021 4720 ι
1070 4668 1121 4723 Is
1166 4670 1365 4738 quippe
1416 4670 1657 4738 perfecto
1712 4671 1960 4725 inimicos

384 4761 517 4814 odio
551 4760 731 4827 habet,
766 4762 858 4829 qui
897 4776 997 4815 nec
1029 4762 1339 4824 actualiter,
1374 4777 1476 4815 nec
1524 4762 1961 4817 intellectualiter

387 4860 609 4921 peccat;
647 4852 793 4921 quod
834 4852 1050 4921 quidem
1096 4853 1308 4921 primae,
1352 4853 1711 4924 maximaeque
1756 4855 1967 4925 passio-

387 4954 520 4995 num
555 4940 843 4996 vacuitatis
882 4950 966 4995 est
999 4952 1404 5012 argumentum.

1016 5050 1247 5107 CAPUT
1285 5052 1377 5107 XI.

465 5161 541 5217 De
567 5162 814 5218 daemone
843 5172 1049 5227 autem,
1083 5164 1177 5234 qui
1210 5164 1389 5233 eiiicit,
1426 5177 1485 5223 ut
1512 5168 1696 5224 anima
1730 5169 1967 5238 stupide,

389 5252 697 5322 stolideque
749 5269 871 5308 sese
929 5263 1100 5323 gerat,
1148 5256 1276 5325 quid
1324 5267 1541 5327 oportet
1590 5259 1817 5314 dicere?
1869 5273 1969 5328 ego

390 5344 542 5400 enim
598 5344 763 5398 timeo
819 5344 887 5399 de
954 5346 1073 5414 ipso
1139 5347 1268 5415 quid
1318 5348 1595 5415 scribere;
1645 5364 1755 5418 quo
1811 5357 1967 5418 pacto

394 5436 580 5489 anima
609 5435 827 5505 proprio
862 5436 1024 5501 labat,
1061 5446 1114 5491 et
1145 5437 1412 5493 alienatur
1446 5456 1476 5495 e
1509 5449 1675 5496 statu.
1703 5440 1970 5510 Tempore

402 5543 643 5597 namque
668 5529 931 5584 adventus
964 5529 1087 5599 ejus
1123 5531 1369 5602 (scilicet
1396 5534 1699 5591 dmmonisl
1733 5542 1847 5589 tum
1876 5531 1969 5587 Dei

479 5642 524 5673 “
553 5640 697 5697 Psal.
728 5656 991 5699 cxxxvm.
1030 5644 1121 5699 22.

2067 4475 2303 4544 σχομένη
2355 4472 2491 4543 πρὸς
2532 4472 2624 4523 τὸν
2658 4471 2860 4540 Κύριον
2890 4469 3089 4537 λέγειν,
3126 4470 3267 4523 κατά
3312 4471 3413 4523 τὸν
3462 4473 3647 4535 Δασιδ,

2063 4566 2125 4619 τὸ
2144 4606 2158 4631 ,
2192 4584 2211 4615 ι
2234 4563 2446 4619 Τέλειον
2480 4564 2634 4631 μῖσος
2663 4562 2889 4630 ἑμίσουν
2916 4561 3136 4625 αὐτοὺς,
3161 4563 3241 4624 εἰς
3263 4562 3503 4633 ἐχθροὺς
3531 4566 3649 4632 ἑτέ-

2064 4655 2216 4708 νοντό
2267 4670 2379 4723 μοι.
2411 4670 2429 4701 ι
2482 4644 2652 4713 Οὗτος
2700 4649 2809 4721 γὰρ
2858 4650 3064 4703 τέλειον
3121 4653 3279 4721 μῖσος
3333 4655 3495 4721 μισεί
3531 4655 3652 4717 τοὺς

2065 4749 2315 4822 ἐχθροὺς,
2341 4746 2371 4797 ὁ
2403 4748 2539 4817 μήτε
2572 4745 2689 4797 κατ’
2718 4743 3025 4813 ἐνέργειαν,
3060 4746 3197 4815 μήτε
3234 4746 3383 4799 κατά
3412 4747 3651 4800 διάνοιαν

2069 4841 2437 4912 ἁμαρτάνων·
2487 4840 2625 4909 ὅπερ
2656 4836 2757 4906 τῆς
2808 4835 3053 4907 πρώτης,
3106 4838 3200 4895 καὶ
3246 4838 3349 4909 τῆς
3386 4840 3651 4909 μεγίστης

2068 4934 2216 4987 ἐστὶν
2247 4932 2515 4995 ἀπαθείας
2548 4933 2862 5001 τεκμήριον.

2657 5042 2911 5096 ΚΕΦΑΛ.
2955 5044 3057 5095 iA’.

2139 5158 2275 5229 Περὶ
2312 5158 2366 5211 δὲ
2398 5154 2492 5210 τοῦ
2527 5154 2801 5225 δαίμονος,
2833 5153 2929 5206 τοῦ
2960 5155 3059 5223 τὴν
3089 5154 3270 5224 ψυχὴν
3300 5156 3649 5229 ἀναισθητεῖν

2070 5250 2373 5313 ποιοῦντος,
2400 5247 2454 5300 τί
2476 5246 2556 5299 δεῖ
2587 5246 2765 5314 λέγειν
2789 5263 2803 5311 ;
2848 5243 2989 5309 Ἐγὼ
3014 5245 3123 5316 γὰρ
3151 5246 3374 5299 δέδοικα
3398 5250 3497 5301 καὶ
3518 5251 3649 5318 γρά.

2076 5358 2198 5411 φειν
2230 5338 2358 5408 περὶ
2383 5336 2570 5403 αὑτοῦ,
2609 5335 2727 5398 πῶς
2754 5336 2787 5404 ἡ
2817 5336 2965 5406 ψυχὴ
3003 5334 3107 5403 τῆς
3131 5337 3345 5401 οἰκείας
3374 5338 3647 5404 ἐξίσταται

2076 5432 2497 5493 καταστάσεως·
2545 5429 2697 5496 παρὰ
2732 5428 2839 5498 γὰρ
2869 5428 2959 5480 τὸν
2996 5428 3187 5497 καιρὸν
3222 5429 3325 5497 τῆς
3356 5431 3649 5501 ἐπιδημίας

2076 5523 2263 5593 αὐτοῦ,
2299 5522 2390 5577 καὶ
2428 5521 2519 5575 τὸν
2563 5518 2727 5588 φόϐον
2771 5516 2866 5572 τοῦ
2893 5516 3049 5585 Θεοῦ,
3098 5518 3190 5571 καὶ
3223 5516 3325 5589 τὴν
3361 5520 3655 5577 εὑλάὅειαι
