3808 6226
253 303 411 374 1213
1260 308 1361 369 DE
1422 304 1793 368 MALIGNIS

1953 303 2518 365 GlTATIONIBUS.
3022 325 3031 335 ι
3373 289 3511 355 1214

241 421 579 487 ἀποδύεται,
605 421 701 477 καὶ
744 419 846 492 τὴν
880 422 1177 494 ἁμαρτίαν,
1228 425 1327 495 οὐχ
1376 424 1652 495 ἁμαρτίαν
1689 418 1831 476 εῖναι

1953 430 2106 488 netu,
2153 437 2215 477 ac
2268 422 2560 477 devotione
2590 418 2826 485 exuitur,
2873 426 2987 473 tum
3029 425 3311 486 peccatum
3355 420 3512 485 putat

242 514 550 584 λογίζεται,
605 518 697 569 καὶ
743 516 843 586 τὴν
891 517 1239 588 παρανομίαν
1286 519 1348 571 ού
1390 516 1605 588 νομίζει
1655 533 1834 587 παρα-

1953 530 2042 567 ιοη
2074 529 2198 569 esse
2226 524 2533 584 peccatum,
2582 522 2695 567 tum
2732 511 3072 581 iniquitatem
3117 522 3226 562 non
3255 506 3510 576 opinatur

244 607 475 679 νομίαν,
510 607 789 672 κολάσεως
820 608 878 662 δὲ
908 611 1002 663 καὶ
1034 612 1270 679 κρίσεως
1300 611 1549 675 αίωνίου,
1571 610 1647 672 ὼς
1678 607 1834 677 ψιλοῦ

1953 624 2055 663 asse
2088 610 2457 679 iniquitatem,
2490 617 2605 662 tum
2646 608 2983 677 punitionem
3016 612 3295 669 aeternam,
3327 617 3392 657 ac
3419 601 3511 672 ju-

247 702 506 771 ῥήματος
539 700 834 769 μέμνηται,
867 700 1143 771 καταγελᾷ
1167 702 1224 753 δὲ
1253 701 1421 763 ὅντως
1446 700 1670 770 σεισμοῦ
1705 716 1838 768 πυρα

1953 703 2135 756 licium
2189 710 2447 771 tanquam
2521 701 2753 770 simplex
2804 698 3025 753 effatum
3078 703 3507 760 commemorat,

248 793 453 861 φόρου,
499 791 595 843 καὶ
622 790 756 843 Θεὸν
795 792 892 861 μὲν
923 791 1086 861 δῆθεν
1140 792 1411 861 ὁμολογεῖ,
1455 791 1507 844 τί
1560 792 1616 843 δὲ
1666 805 1839 860 προσ-

1953 811 2053 850 μυῐη
2089 796 2298 849 deridet
2347 805 2529 850 motus
2580 793 2975 847 concussiones
3030 805 3159 843 vere
3206 786 3509 857 igniferas,

249 882 451 947 έταξεν
481 883 582 935 οὐκ
608 883 897 937 ἐπίσταται
920 900 933 914 θ
974 882 1202 947 τύπτεις
1228 885 1307 946 είς
1336 884 1403 937 τά
1434 882 1628 954 στήθη,
1660 899 1841 935 κινουο

1953 898 2054 943 tum
2091 888 2258 943 Deum
2292 888 2546 942 videlicet
2573 886 2883 949 conﬁtetur,
2918 893 2994 947 at,
3041 882 3171 951 quid
3218 879 3509 937 mandarit.

256 974 433 1047 μένης
482 973 656 1045 αὐτῆς
705 974 845 1045 πρὸς
893 976 993 1046 τὴν
1046 976 1353 1046 ἁμαρτίαν,
1405 975 1499 1029 καὶ
1549 974 1690 1045 αὕτη
1740 975 1841 1027 οὐκ

253 1065 604 1121 αἰσθάνεται.
624 1066 758 1119 Ἀπὸ
789 1066 1023 1137 Γραφῶν
1051 1067 1295 1139 διαλέγῃ.
1325 1068 1420 1120 κα)⁵
1448 1068 1543 1137 ὅλη
1572 1066 1842 1136 πεπωρω-

166 1214 175 1225 ί
252 1174 376 1222 ται,
411 1159 504 1211 καὶ
531 1158 633 1213 οὐκ
672 1158 882 1211 ἀκούει·
926 1158 1128 1222 ὄνειδος
1155 1160 1289 1226 αὐτῇ
1323 1160 1384 1211 τὸ
1418 1160 1569 1229 παρὰ
1608 1158 1716 1209 τῶν
1744 1158 1841 1211 ἀν-

137 1240 181 1342 ξ
256 1246 503 1342 θριῦπων
534 1248 893 1318 προσφέρεις,
923 1248 1020 1301 καὶ
1043 1248 1104 1300 ού
1133 1248 1407 1316 λογίζεται
1437 1246 1535 1316 τὴν
1560 1246 1711 1317 παρά
1734 1250 1846 1310 τοῖς

254 1339 576 1410 ἀνθρώποις
610 1341 896 1411 αἰσχύνην,
938 1340 1039 1395 καὶ
1066 1341 1203 1409 αῦτη
1231 1341 1369 1403 ὅλως
1399 1341 1461 1393 ού
1490 1342 1725 1409 συνίησι,
1760 1341 1841 1393 δί-

256 1450 371 1502 κην
413 1432 598 1503 χοίρου
633 1432 1030 1504 καμμύσαντος
1062 1433 1397 1503 ὀφθαλμοὺς,
1422 1434 1518 1486 καὶ
1558 1434 1648 1487 τὸν
1671 1450 1847 1504 φραγ-

263 1524 374 1594 μὸν
397 1525 783 1589 διακόπτοντος
805 1543 820 1558 ο
854 1525 1039 1579 τοῦτον
1068 1526 1124 1578 δὲ
1163 1525 1255 1579 τὸν
1291 1525 1521 1596 δαίμονα
1541 1525 1848 1591 κενοδοξίας

254 1614 615 1687 χρονίσαντες
648 1618 913 1686 ἐπάγουσι
961 1616 1234 1685 λογισμοὶ,
1280 1612 1340 1670 οῦ
1382 1619 1431 1669 εἰ
1476 1617 1550 1686 μὴ
1581 1616 1847 1670 ἐκολοϐώ-

256 1707 440 1777 θησαν
469 1708 527 1759 αί
552 1708 781 1779 ἡμέραι,
808 1708 909 1761 οὐκ
932 1708 996 1761 ἂν
1024 1705 1201 1778 ἐσώθη
1230 1709 1381 1761 πᾶσα
1411 1706 1567 1776 σάρξ.
1602 1707 1710 1761 Καὶ
1737 1708 1845 1779 γάρ

254 1765 373 1853 τίύν
402 1765 646 1862 σπανίως
671 1765 1136 1869 ,παραϐαλλόντων
1168 1765 1280 1861 τοῖς
1308 1765 1576 1867 ἀδελφοῖς,
1602 1799 1719 1851 ἐστὶ
1747 1765 1842 1852 καὶ¹
1875 1765 1918 1819 Β

255 1889 299 1960 ἠ
332 1890 480 1944 αίτία
509 1890 779 1961 πρόδηλος
800 1909 813 1922 ·
858 1891 956 1944 ἐπὶ
990 1892 1298 1960 συμφοραῖς
1330 1890 1439 1962 γὰρ
1478 1891 1683 1961 ἑτέρων
1714 1890 1748 1961 ἢ
1783 1892 1841 1944 ὲν

255 1980 443 2045 νόσοις
470 1983 827 2054 πιεζομένων,
873 1982 913 2056 ἢν
957 1984 1016 2039 ὲν
1051 1981 1323 2052 φυλακαῖς
1348 1982 1774 2053 δυστυχούντων,
1803 1981 1841 2055 ἢ

255 2074 557 2143 αἱφνιδίοις
613 2074 1057 2145 περιπιπτόντων
1114 2073 1405 2139 θανάτοις,
1478 2072 1842 2143 φυγαδεύεται

255 2159 437 2232 οὗτος,
467 2167 568 2235 τῆς
595 2165 773 2237 ψυχῆς
799 2166 943 2220 κατά
975 2165 1171 2237 μικρὸν
1214 2166 1718 2236 κατανυσσομένης,
1747 2164 1842 2219 καὶ

256 2260 345 2322 είς
376 2257 721 2327 συμπάθειαν
747 2258 1074 2333 ἐρχομένης,
1104 2259 1199 2311 κα)⁸
1224 2258 1573 2327 διαλυομένου
1601 2258 1696 2311 τοῦ
1729 2258 1844 2311 δαι-

262 2348 457 2420 μονίου
508 2348 876 2421 πωρώματος,
926 2343 1002 2402 ὧν
1046 2350 1210 2418 ἡμεῖς
1257 2348 1573 2419 ἀποροῦμεν
1623 2347 1712 2401 διὰ
1743 2347 1843 2418 τὴν

257 2442 502 2513 ἔρημον,
565 2444 661 2499 καὶ
702 2443 804 2515 τὴν
863 2440 1061 2495 σπάνιν
1111 2441 1223 2497 τῶν
1290 2443 1420 2514 παρ’
1479 2443 1612 2514 ἡμῖν
1677 2440 1842 2494 ἀσθε-

264 2550 527 2591 νουντων.

862 2844 1116 2900 ΚΕΦΔΛ.
1155 2845 1255 2900 lB'.

341 2957 547 3014 Τοῦτον
577 2957 670 3013 τὸν
699 2956 935 3029 δαίμονα
968 2957 1207 3029 μάλιστα
1236 2956 1555 3028 φυγαδεύων
1583 2958 1611 3011 ὁ
1642 2958 1844 3030 Κύριος

264 3052 329 3107 ὲν
361 3053 473 3114 τοῖς
517 3049 869 3119 Εὐαγγελίοις
910 3047 1243 3119 προσέταξεν
1287 3048 1646 3113 ἀσθενοῦντας
1686 3052 1841 3122 όρᾷν,

262 3145 363 3199 καὶ
389 3143 515 3207 τοὺς
546 3144 604 3195 ἐν
635 3142 848 3212 φυλακῇ
876 3140 1300 3199 ἐπισκέπτεσθαι
1322 3156 1337 3172 ο
1393 3158 1410 3192 ι
1448 3140 1703 3213 Ἀσθενὴς
1732 3142 1844 3214 γάρ

262 3235 438 3304 ἤμην,
470 3233 624 3303 φησὶ,
653 3231 746 3286 καὶ
777 3230 1155 3297 ἐπεσκέψασθέ
1186 3248 1277 3301 με,
1308 3232 1402 3285 καὶ
1425 3233 1482 3286 ὲν
1516 3233 1727 3305 φυλακῇ
1753 3236 1848 3287 καὶ

264 3325 469 3397 ἥλθετε,
491 3326 626 3397 πρός
658 3342 745 3395 με.
786 3342 805 3375 ι
841 3323 987 3393 Πλὴν
1018 3322 1178 3385 τοῦτο
1207 3324 1470 3389 ίστέον,εῐ
1489 3342 1571 3389 τις
1595 3324 1851 3381 τῶνάνα-

263 3416 553 3488 χωρητῶν,
603 3414 916 3487 περιπεσὼν
949 3414 1121 3485 τούτῳ
1152 3415 1229 3485 τῷ
1273 3414 1508 3486 δαίμονι,
1556 3416 1850 3489 λογισμοὺς

266 3510 373 3564 οὐκ
414 3509 575 3564 ἔλαϐε
621 3508 934 3582 πορνικοὺς,
976 3506 1131 3579 ἢτὸν
1174 3503 1322 3560 οἷκον
1352 3507 1583 3579 άκηδίας
1624 3508 1693 3562 ού
1715 3528 1850 3563 κατη

266 3601 477 3667 έλιπεν,
494 3593 650 3664 οὗτος
678 3598 1055 3671 σωφροσύνην,
1080 3600 1174 3651 καὶ
1191 3599 1472 3670 ὑπομονὴν
1488 3600 1583 3652 ἀπ’
1605 3601 1849 3671 οὐρανῶν

266 3692 488 3757 ἐδέξατο
533 3690 920 3756 κατελθούσας,
955 3691 1050 3744 καὶ
1083 3690 1353 3761 μακάριός
1386 3692 1511 3755 ἐστι,
1528 3691 1629 3761 τῆς
1664 3692 1850 3745 τοιαύ-

266 3802 371 3855 της
398 3782 752 3850 καταξιωθεὶς
780 3783 1070 3845 ἀπαθείας.
1109 3783 1264 3835 Ὅσοι
1292 3781 1351 3836 δὲ
1380 3782 1488 3836 τῶν
1522 3783 1851 3853 ἐπαγγελλο-

271 3878 454 3950 μένων
477 3876 811 3941 θεοσέϐειαν,
839 3875 936 3930 καὶ
960 3877 1242 3945 κοσμικοῖς
1274 3873 1688 3938 συναυλίζεσθαι
1718 3892 1851 3945 προ-

268 3969 576 4042 αιροῦνται,
604 3967 1058 4038 φυλαττέσθωσαν
1079 3965 1269 4020 τούτου
1291 3966 1385 4019 τοῦ
1403 3967 1674 4037 δαίμονος.
1712 3967 1851 4036 Ἐγὼ

270 4064 383 4134 γὰρ
416 4062 545 4133 περὶ
572 4060 739 4114 αὐτοῦ
769 4058 931 4125 πλέον
960 4076 1013 4111 τι
1041 4058 1239 4135 λέγειν,
1264 4057 1298 4128 ἦ
1326 4058 1578 4130 γράφειν,
1608 4059 1853 4123 καὶτοὺς

272 4150 596 4225 ἀνθρώπους
628 4150 981 4222 αἰσχύνομαι.

872 4499 1138 4566 ΚΕΦΔΛ,
1169 4500 1267 4554 Il".

346 4617 556 4681 Πάντες
582 4618 630 4669 οἱ
661 4614 915 4684 δαίμονες
949 4614 1231 4685 φιλήδονον
1275 4614 1585 4668 διδάσκουσι
1617 4615 1717 4688 τὴν
1742 4616 1849 4686 ψυ-

274 4713 400 4782 χήνο
448 4709 605 4780 μόνος
640 4708 698 4761 δὲ
727 4709 756 4761 ὁ
785 4708 885 4776 τῆς
916 4704 1094 4776 λύπης
1137 4702 1366 4775 δαίμων,
1394 4705 1550 4760 τοῦτο
1591 4708 1851 4777 πράττειν

276 4803 341 4857 οὐ
376 4801 757 4870 καταδέχεται,
804 4797 939 4851 ἀλλά
964 4800 1059 4851 καὶ
1083 4797 1192 4851 τῶν
1221 4798 1571 4851 εἰσελθόντων
1599 4801 1727 4862 τοὺς
1760 4800 1851 4853 λο-

278 4892 514 4963 γισμοὺς
540 4890 865 4962 διαφθείρει,
919 4890 1099 4943 πᾶσαν
1145 4889 1339 4961 ἡδονὴν
1368 4891 1717 4962 περικόπτων
1758 4893 1856 4945 κα)⁸

280 4984 555 5061 ξηραίνων
581 4985 760 5054 αὐτὴν,
782 4982 872 5036 διά
906 4982 1003 5052 τῆς
1028 4980 1225 5052 λύπης.
1258 4982 1436 5053 Είπειρ,
1463 4983 1655 5054 ἀνδρὸς
1685 4983 1858 5053 λυπη-

284 5075 381 5148 ροῦ
408 5074 719 5147 ξηραίνεται
757 5074 911 5135 ὀστᾶ,
948 5073 1043 5125 κα)⁸
1085 5073 1321 5145 μετρίως
1350 5074 1451 5144 μὲν
1482 5073 1736 5144 πολεμῶν
1767 5075 1857 5127 δό-

280 5184 443 5236 κιμον
485 5167 575 5221 τὸν
630 5164 987 5236 ἀναχωρητὴν
1040 5164 1449 5236 ἀπεργάζεται·
1514 5166 1691 5220 πείθει
1751 5166 1860 5235 γὰρ

279 5257 445 5312 αὐτὸν
521 5258 687 5329 μηδὲν
759 5258 867 5311 τῶν
957 5254 1163 5325 κόσμου
1242 5258 1432 5311 τούτου
1502 5258 1859 5330 προσίεσθαι,

279 5350 379 5405 καὶ
427 5352 610 5403 πᾶσαν
656 5351 850 5422 ἡδονὴν
914 5350 1320 5424 περιίστασθαι,
1369 5351 1550 5405 πλεῖον
1588 5350 1645 5404 δὲ
1691 5366 1863 5420 προσ-

281 5441 603 5512 καρτερῶν,
686 5444 853 5513 γεννᾷ
922 5444 1216 5514 λογισμοὺς
1294 5441 1590 5511 ὑπεξάγειν
1656 5442 1848 5497 ἑαυτὸν

278 5535 349 5604 τῇ
378 5532 526 5605 ψυχῇ
562 5533 1052 5606 συμϐουλεύοντας,
1085 5535 1119 5607 ἦ
1151 5535 1373 5605 φεύγειν
1398 5534 1505 5590 τῶν
1530 5536 1713 5590 τόπων
1744 5552 1851 5607 μα-

1941 981 2188 1051 ignorat;
2247 981 2486 1050 percutis
2539 978 2592 1033 in
2644 991 2884 1049 pectora,
2918 975 3137 1046 quando
3178 989 3241 1028 ea
3276 972 3514 1044 (scilicet

1941 1071 2160 1139 anima)
2195 1080 2443 1125 movetur
2477 1069 2542 1123 ad
2576 1079 2901 1138 peccatum,
2936 1075 2989 1120 et
3030 1067 3147 1134 ipsa
3181 1080 3289 1119 non
3325 1065 3508 1119 sentit.

1942 1162 2021 1215 Ex
2056 1160 2354 1229 Scripturis
2387 1176 2691 1215 sermonem
2723 1159 2921 1221 habes,
2955 1156 3153 1226 illaque
3193 1166 3303 1209 tota
3332 1170 3512 1209 excae-

1943 1263 2063 1307 cata
2095 1262 2299 1312 manet.
2332 1268 2430 1305 nec
2455 1251 2639 1316 audit;
2672 1249 2898 1303 adducis
2932 1247 3030 1314 ipsi
3058 1247 3200 1316 quod
3232 1246 3299 1299 ah
3334 1246 3511 1300 homi-

1944 1343 2105 1398 nibus
2159 1341 2321 1413 524
2371 1341 2604 1396 infertur
2652 1338 2911 1397 dedecus,
2964 1348 3016 1391 et
3068 1354 3175 1391 non
3236 1343 3513 1406 computat

1945 1435 2319 1504 opprobrium,
2357 1432 2503 1502 quod
2535 1443 2619 1487 est
2645 1431 2784 1499 apud
2826 1429 3114 1493 homines;
3152 1427 3378 1496 ipsaque
3420 1442 3513 1496 pe-

1946 1526 2094 1581 nitus
2124 1540 2233 1580 non
2255 1523 2529 1594 intelligit,
2564 1521 2632 1576 ad
2662 1522 2835 1575 instar
2868 1520 3017 1589 porci
3050 1519 3354 1573 claudentis
3381 1532 3513 1571 ocu-

1948 1619 2068 1680 los,
2142 1632 2435 1686 sepemque
2480 1612 2838 1669 discindentis
2883 1629 2896 1664 :
2940 1609 3297 1680 cogitationes
3330 1616 3513 1661 autem

1946 1727 2101 1765 vana:
2138 1711 2323 1781 gloriae
2362 1707 2570 1764 diutius
2625 1706 2987 1759 immanentes
3040 1702 3187 1756 hunc
3245 1698 3515 1754 inducunt

1945 1805 2272 1867 daemonem,
2300 1800 2459 1870 cujus
2494 1798 2596 1853 nisi
2628 1795 2927 1850 abhreviati
2959 1792 3192 1848 fuissent
3224 1791 3366 1853 dies,
3400 1805 3512 1845 non

1945 1893 2095 1948 salva
2130 1890 2269 1944 foret
2295 1888 2479 1944 omnis
2510 1900 2640 1941 caro
2664 1886 2729 1938 ¹⁸.
2771 1884 2983 1939 Etenim
3019 1881 3165 1952 quod
3198 1896 3276 1935 ea:
3305 1880 3514 1949 cogita-

1946 1985 2122 2039 tiones
2154 1996 2279 2036 raro
2309 1978 2570 2035 accedant
2604 1978 2670 2032 ad
2721 1975 2918 2030 fratres
2940 2015 2955 2039 ,
3003 1988 3170 2028 causa
3222 1971 3518 2027 manifesta

1944 2084 2048 2131 est.
2084 2073 2224 2128 Dutn
2249 2086 2443 2142 nempe
2467 2070 2558 2123 alii
2608 2078 2704 2123 aut
2732 2066 3153 2130 calamitatibus,
3187 2074 3283 2119 aut
3307 2063 3514 2118 morbis

1945 2170 2340 2240 Opprimantur,
2377 2173 2473 2219 aut
2506 2164 2705 2219 misere
2736 2162 2935 2232 degant
2964 2160 3058 2214 alii
3097 2159 3153 2213 in
3176 2157 3516 2222 carceribus,

1945 2270 2040 2315 aut
2095 2260 2149 2314 in
2207 2267 2411 2313 mortes
2471 2254 2714 2311 incidant
2758 2253 3101 2324 repentinas,
3150 2250 3254 2306 iste
3300 2250 3514 2305 daemon

1944 2353 2235 2422 eﬂ'ugatur,
2259 2365 2384 2405 cum
2412 2348 2595 2402 anima
2627 2346 2883 2418 paulatim
2915 2350 3331 2414 compungatur,
3364 2348 3419 2395 et
3448 2340 3517 2394 ad

1945 2444 2381 2515 compassionem
2423 2440 2643 2502 veniat,
2692 2438 2882 2508 sicque
2930 2436 3264 2499 excaecatio,
3312 2448 3433 2504 quae
3484 2446 3520 2488 ι

1943 2538 2211 2593 daemone‘
2250 2535 2429 2591 fuerat
2474 2539 2757 2603 compacta
2789 2570 2806 2596 ,
2860 2528 3191 2585 dissolvatur
3242 2546 3257 2582 :
3320 2526 3519 2596 quibus

1946 2630 2190 2701 (scilicet
2231 2625 2461 2696 mediis)
2498 2640 2600 2680 nos
2629 2621 2871 2679 destituti
2907 2637 3100 2677 sumus
3135 2627 3355 2689 propter
3382 2616 3522 2673 soli~

1948 2722 2216 2785 tudinem,
2253 2727 2307 2774 ct
2343 2714 2724 2787 mgrotautium
2757 2711 3046 2784 penuriam
3086 2707 3229 2778 apud
3264 2722 3386 2762 nos.

2540 2845 2769 2905 CAPUT
2804 2843 2922 2899 XII.

2018 2963 2335 3023 Istiusmodi
2372 2962 2679 3017 daemonem
2714 2956 2950 3013 maxime
2984 2956 3038 3010 in
3075 2954 3261 3025 fugam
3293 2966 3523 3008 conver-

1948 3069 2070 3115 tens
2104 3057 2366 3112 Dominus
2411 3055 2466 3108 in
2512 3050 2821 3121 Evangeliis
2871 3047 3148 3118 praecepit,
3184 3044 3404 3100 visitare
3436 3043 3525 3097 in-

1950 3152 2160 3215 ﬁrmos,
2194 3159 2248 3203 et
2278 3145 2518 3200 invisere
2552 3157 2682 3207 eos,
2714 3140 2809 3212 qui
2846 3146 2977 3195 sunt
3018 3138 3075 3192 in
3104 3150 3340 3192 carcere.
3380 3153 3398 3187 ι
3436 3134 3527 3189 ln-

1949 3248 2140 3302 ﬁrmus
2192 3244 2337 3299 enim
2389 3240 2466 3295 fui
2527 3237 2815 3311 (inquit),
2869 3245 2925 3292 et
2976 3235 3242 3291 visitastis
3288 3246 3419 3298 me;
3470 3237 3530 3286 et

1949 3341 2005 3395 in
2038 3352 2258 3395 carcere
2292 3335 2395 3398 fui,
2431 3343 2484 3389 et
2513 3332 2739 3388 venistis
2772 3330 2839 3384 ad
2872 3344 2958 3384 me
2980 3328 3045 3383 “.
3072 3346 3091 3380 ι
3132 3325 3526 3382 Verumtamen

1950 3433 2054 3487 hoc
2103 3428 2384 3485 sciendum
2430 3424 2595 3495 quod,
2653 3422 2828 3494 siquis
2867 3421 3344 3485 anachoretarum,
3401 3432 3527 3472 cum

1950 3524 2004 3578 in
2034 3524 2177 3577 hunc
2212 3521 2513 3575 daemonem
2550 3514 2842 3581 inciderit,
2892 3513 3249 3584 cogitationes
3289 3525 3394 3564 non
3425 3509 3528 3564 ba-

1949 3616 2070 3672 buit
2103 3612 2462 3674 meretricias,
2510 3616 2605 3663 aut
2654 3606 2911 3671 domum,
2964 3606 3078 3660 sive
3121 3603 3374 3659 cellulam
3416 3615 3528 3655 non

1951 3707 2240 3777 dereliquit
2272 3719 2384 3775 prae
2433 3701 2664 3766 desidia,
2716 3700 2820 3756 iste
2874 3697 3316 3769 temperantiam,
3366 3705 3530 3763 atque

1950 3798 2270 3870 patientiam
2299 3810 2330 3850 e
2359 3792 2513 3848 ctelis
2548 3790 2942 3846 descendentes
2984 3796 3066 3844 est
3111 3794 3431 3849 assecutus,
3464 3798 3530 3838 ac

1950 3893 2142 3947 beatus
2172 3889 2403 3950 exsistit,
2447 3884 2543 3956 qui
2575 3883 2671 3938 tali
2701 3880 2974 3953 passionis
3002 3879 3275 3935 vacuitate
3322 3877 3524 3947 dignus

1951 3996 2035 4043 cst
2095 3985 2332 4040 habitus.
2368 3981 2646 4049 Quotquot
2690 3988 2870 4033 autem
2917 3977 3161 4032 divinum
3207 3973 3531 4045 proﬁtentur

1957 4079 2189 4141 cultum,
2226 4085 2280 4129 et
2314 4071 2628 4135 mundanis,
2662 4086 2756 4126 seu
2791 4069 3148 4125 saecularibus
3194 4068 3403 4137 eligunt
3435 4081 3531 4120 co-

1954 4170 2229 4231 habitare,
2261 4176 2488 4219 caveant
2518 4161 2677 4232 525
2709 4162 2777 4215 ab
2808 4161 2915 4216 isto
2940 4161 3187 4215 dmmone
3213 4176 3226 4213 :
3255 4171 3357 4229 ego
3382 4156 3529 4211 enim

1952 4261 2021 4317 de
2059 4263 2178 4329 ipso
2224 4257 2456 4327 amplius
2496 4256 2699 4324 aliquid
2741 4253 2921 4309 dicere
2963 4263 3058 4308 aut
3099 4251 3341 4309 scribere
3366 4249 3531 4305 etiam

1957 4355 2106 4424 ipsos
2134 4350 2381 4406 homines
2409 4347 2768 4401 verecundor.

2536 4498 2766 4554 CAPUT
2805 4498 2945 4553 XIII.

2027 4619 2229 4674 Omnes
2263 4616 2539 4670 daemones
2566 4613 2796 4667 edocent
2824 4613 3086 4675 animam,
3136 4621 3193 4665 ut
3221 4625 3413 4666 amans
3460 4612 3529 4664 sit

1957 4713 2329 4780 voluptatum;-
2361 4707 2511 4762 solus
2545 4714 2727 4759 autem
2753 4705 2965 4759 dtemon
2994 4703 3233 4757 tristitiae
3267 4702 3318 4756 id
3352 4700 3533 4755 facere

1958 4812 2220 4865 recusat,
2279 4799 2372 4853 sed
2416 4797 2809 4851 introeuntium
2852 4794 3208 4865 cogitationes
3248 4793 3527 4862 disperdit,

1958 4895 2290 4963 voluptatem
2333 4906 2550 4944 omnem
2581 4891 2777 4944 anima:
2809 4887 3176 4953 imminuens,
3222 4900 3287 4939 ac
3332 4884 3532 4938 infrin-

1959 5002 2112 5058 gens,
2148 4985 2433 5054 ipsamque
2462 4981 2769 5037 arelaciens
2798 4995 2894 5049 per
2924 4979 3190 5033 dolorem.
3248 4975 3528 5048 Siquidem

1960 5076 2200 5131 hominis
2245 5090 2357 5145 pra:
2384 5072 2603 5127 tristitia
2634 5071 2868 5127 dolentis
2910 5071 3254 5124 exsiccantur
3292 5081 3417 5123 ossa
3450 5068 3529 5132 ";

1960 5179 2016 5225 et
2060 5167 2407 5223 mediocriter
2430 5166 2649 5236 quidem
2684 5164 3011 5233 belligerans
3040 5162 3327 5232 probatum
3370 5158 3532 5213 elilcit

1963 5258 2394 5321 anachoretam;
2443 5254 2734 5325 persuadet
2774 5253 2977 5323 quippe
3011 5252 3117 5322 ipsi
3158 5252 3226 5307 ab
3273 5250 3531 5305 omnibus

1966 5349 2195 5418 hujusce
2235 5349 2423 5403 mundi
2476 5348 2641 5402 rebus
2693 5346 3006 5412 abhorrere,
3058 5358 3387 5414 omnemque
3432 5357 3507 5397 vo

1954 5441 2215 5511 luptatem
2266 5440 2511 5506 evitare;
2567 5438 2688 5508 plus
2736 5452 2866 5493 vero
2910 5450 3266 5507 perseverans
3307 5440 3532 5504 generat

1958 5534 2316 5607 cogitationes
2372 5532 2719 5589 consulentes
2776 5531 2969 5586 anima:
3018 5544 3141 5587 sese
3187 5528 3537 5592 subducere.

360 5710 411 5744 *λ
435 5707 622 5765 Matth.
656 5726 801 5775 xxxv,
833 5709 901 5765 2'2
927 5729 940 5778 ;
966 5713 1135 5767 Marc.
1168 5729 1282 5779 xm,
1316 5711 1403 5767 ‘20.
1486 5712 1527 5743 ¹⁶
1574 5710 1762 5767 Matth.
1796 5727 1920 5775 xxv,
1950 5711 2037 5767 36.
2118 5713 2158 5744 ¹⁷
2196 5710 2355 5766 Prov.
2383 5727 2513 5769 xvu.
2553 5710 2640 5765 ‘22.
