3808 6226
328 252 462 318 1195
1822 243 1879 303 S.
1918 237 2082 305 ΝΠ]
3458 229 3620 305 1196

876 355 1102 414 CAPUT
1141 352 1351 413 CXXX.
1931 366 1979 415 Α

1931 366 1979 415 Α
2576 353 2825 410 ΚΕΦΔΛ.
2865 352 2988 409 PA'.

397 477 453 530 Si
506 474 895 544 promissiones
952 484 1283 527 consecutus
1358 468 1560 531 fueris,
1615 466 1897 536 regnabis;

2115 465 2214 519 Εὰν
2270 462 2529 536 ἐπιτεύξῃ
2581 466 2690 520 τῶν
2745 468 3122 536 ἐπαγγελιῶν,
3186 466 3619 538 βασιλεύσεις,

324 571 391 625 ad
416 585 508 624 eas
548 569 710 638 igitur
745 566 1066 635 respiciens,
1110 567 1345 620 suaviter
1378 569 1695 631 prmsentem
1718 569 1828 628 porl

2122 556 2198 609 ii'w
2240 554 2379 625 πρὸς
2419 556 2592 609 ταῦτα
2635 557 2998 623 ἀποϐλέπων,
3040 558 3209 628 ἡδέως
3251 560 3446 621 οῑσεις
3510 555 3626 626 τὴν

326 662 410 718 bis
439 668 828 732 paupertatem.

2004 646 2286 705 παροῦσαν
2320 648 2532 701 πενίαν.

368 766 372 785 ³
862 767 1089 825 CAPUT
1122 766 1359 822 CXXXI.

2548 763 2797 818 ΚΕΦΑΛ.
2838 764 3009 818 PAA'.

392 884 471 940 Ne
516 874 735 939 recuses
787 889 1183 950 paupertatem,
1237 888 1290 930 et
1320 876 1750 939 tribulationem,
1785 890 1896 944 qua

2123 872 2168 943 [ὴ
2214 873 2487 943 παραιτοῦ
2534 876 2725 929 πενίαν
2765 878 2859 930 καὶ
2904 877 3103 949 anew,
3155 880 3253 944 τὰς
3305 881 3462 944 ῦλας
3513 879 3627 949 τῆς

325 984 454 1033 sunt
482 974 724 1030 materiae
761 972 984 1026 minime
1017 973 1198 1040 gravis
1223 969 1510 1023 orationis.

1099 973 1198 1023 rvis
1223 969 1510 1023 orationis.
2006 961 2245 1035 ἀϐαροῦς
2276 967 2603 1037 προσευχῆς.

856 1083 1081 1139 CAPUT
1109 1081 1369 1138 CXXXIl.

2552 1080 2802 1133 ΚΕΦΑΛ.
2843 1081 3011 1133 ΡΛΒ⁹.

392 1202 679 1271 Corporeae
695 1198 1040 1253 virtutessint
1059 1197 1155 1250 tibi
1178 1196 1403 1250 comites
1419 1197 1483 1248 ad
1501 1211 1613 1259 cas,
1630 1211 1750 1264 qua:
1780 1204 1896 1249 sunt

2126 1195 2542 1265 )μηρευέτωσάν
2606 1215 2687 1249 σοι
2744 1198 2799 1249 αἱ
2842 1196 3154 1266 σωματικαὶ
3203 1199 3410 1269 ἀρετσὶῐ⁹
3465 1199 3630 1270 πρὸς

326 1296 540 1353 animai.
575 1307 760 1361 eaeque.
795 1292 990 1344 animae
1017 1289 1082 1342 ad
1108 1288 1435 1356 spirituales,
1457 1295 1511 1341 et
1548 1288 1678 1356 ipsa:
1707 1287 1774 1341 ad
1802 1288 1830 1341 i1

2164 1288 2364 1357 νυχικάς
2385 1328 2399 1351 ,
2424 1290 2519 1342 καὶ⁸
2547 1291 2601 1343 αἱ
2624 1290 2857 1359 ψυχικαὶ
2882 1290 3016 1358 πρὸς
3046 1290 3145 1351 τὰς
3174 1294 3626 1362 πνευματικὰς.
3660 1332 3668 1339 -

324 1387 655 1443 materialcm
688 1392 850 1453 atque
874 1380 1218 1437 essentialem
1275 1382 1660 1451 cognitionem.

1555 1396 1660 1435 em.
2010 1375 2120 1429 Kal.
2149 1370 2310 1430 αὗται
2341 1377 2479 1446 πρὸς
2511 1379 2611 1448 τὴν
2637 1379 2800 1432 ἄῦλον
2832 1380 3056 1447 γνῶσιν.

731 1499 893 1569 507
922 1497 1152 1553 CAPUT
1179 1496 1462 1551 CXXXIII.

2566 1492 2820 1546 ΚΕΦΑΛ.
2861 1494 3027 1545 ΡΛΓ’.

397 1616 476 1681 Si,
530 1612 758 1673 orando,
813 1612 968 1665 facile
1042 1611 1397 1678 cogitationes
1460 1610 1901 1679 interquiescant,

2124 1602 2278 1655 κόπει
2310 1604 2711 1674 κατευχόμενος
2751 1604 3049 1676 λογισμῶν,
3078 1608 3126 1660 εἰ
3161 1606 3369 1678 ῥᾳδίως
3404 1607 3628 1678 λωφή-

326 1704 530 1771 dispice
564 1698 707 1752 unde
737 1699 789 1752 id
822 1700 934 1761 ﬁat,
969 1713 1038 1751 ne
1068 1699 1295 1751 latenter
1326 1697 1550 1767 patiaris
1578 1696 1827 1759 insidias,

2122 1712 2157 1747 ,v
2181 1736 2194 1759 ,
2232 1696 2351 1748 ὅθεν
2385 1695 2543 1749 τοῦτο
2571 1697 2799 1766 γέγονε,
2836 1698 2912 1770 μὴ
2944 1697 3243 1771 ἕγκρυμμα
3272 1701 3470 1772 πάθῃς
3517 1702 3626 1753 καὶ

326 1799 516 1838 errans
546 1782 779 1851 teipsum
807 1780 1086 1835 divendas.

2011 1786 2305 1856 πλανηθεὶς
2337 1787 2551 1858 ἀποδῷς
2586 1790 2836 1843 σεαυτόν.

843 1888 1073 1946 CAPUT
1112 1886 1386 1943 CXXXIV.

2564 1904 2815 1957 ΚΕΦΑΛ.
2857 1904 3021 1959 ΡΔΔ’.

395 2000 795 2071 Nonnunquam
835 2000 1107 2055 daemones
1159 1999 1255 2052 tibi
1286 2005 1581 2067 suggerunt
1628 1994 1899 2060 cogitatio-

2121 2011 2274 2064 Εστιν
2318 2012 2405 2064 ὅτε
2460 2014 2509 2065 οἱ
2560 2013 2819 2084 δαίμονες
2872 2015 3241 2070 ὑποϐάλλουσξ
3298 2034 3387 2070 σοι
3444 2018 3625 2086 loft-

326 2110 453 2160 nes,
507 2108 813 2163 rursusque
868 2100 919 2146 te
958 2099 1285 2162 provocant.
1344 2100 1403 2142 ut
1463 2087 1717 2142 videlicet
1786 2101 1830 2139 01

2115 2103 2202 2167 ιὺς,
2234 2104 2329 2156 καὶ
2357 2104 2520 2157 πάλιν
2555 2105 2859 2175 ὲρεθίζουσί
2891 2125 2950 2160 σε
2981 2107 3141 2177 δῆθεν
3176 2108 3619 2180 προσεύξασθαι

327 2190 589 2244 adversus
614 2201 734 2251 eos,
783 2196 875 2240 aut
914 2185 1047 2254 ipsis
1079 2183 1443 2245 contradicas,
1488 2194 1649 2251 atque
1677 2179 1831 2233 Iiben:

2118 2192 2131 2211 ’
2162 2193 2343 2246 αὐτῶν
2364 2234 2379 2256 ,
2412 2194 2445 2264 ἦ
2480 2196 2755 2264 ἀντιλέξαι
2787 2199 2971 2263 αὐτοῖς
3014 2200 3109 2252 καὶ
3148 2199 3423 2262 ἑκουσίως
3458 2202 3620 2254 ὑπο-

328 2276 607 2341 secedunt,
640 2282 720 2340 ut,
779 2274 1069 2342 deceptus,
1120 2272 1401 2339 existimes
1435 2270 1501 2324 de
1532 2270 1725 2338 teipso,
1764 2284 1832 2337 qu

2110 2284 2314 2351 ιοῦσιν,
2367 2286 2454 2341 ἵνα
2503 2289 2842 2360 ἀπατηθεὶς,
2892 2290 3083 2363 οἰηθῇς
3131 2293 3264 2363 περὶ
3315 2292 3614 2356 σεαυτοῦ,

328 2363 579 2434 ‘ncepisti
624 2361 981 2432 cogitationes
1026 2360 1331 2420 devincerc,
1374 2373 1437 2411 ac
1474 2358 1746 2411 daemones
1788 2371 1832 2423 p4

2134 2378 2285 2448 ἤρξω
2325 2382 2484 2450 νικᾷν
2530 2358 3169 2453 τοὺςνλογισμοὺςξψκαὶ
3211 2358 3416 2455 ϋφοϐεῖν
3462 2385 3618 2448 τοὺς

328 2458 671 2513 terrefacere.

2010 2468 2293 2538 δαίμονας.

852 2568 1079 2626 CAPUT
1108 2568 1370 2625 CXXXV.

2565 2588 2817 2643 ΚΕΦΑΛ.
2858 2590 3023 2645 PAE'.

399 2690 456 2746 Si
495 2704 618 2746 ores
658 2688 920 2743 adversus
964 2684 1296 2755 passionem,
1338 2690 1433 2736 aut
1464 2680 1789 2745 daemonem,
1813 2682 1903 2749 qui

2105 2697 2368 2770 Ῑροσευχὴ
2397 2698 2540 2753 κατά
2570 2700 2800 2766 πάθους,
2834 2703 2867 2773 ἢ
2900 2704 3153 2775 δαίμονος
3183 2709 3609 2780 παρενοχλοῦνο

329 2795 382 2839 te
425 2782 704 2853 perturbat
740 2794 805 2835 ac
834 2787 1010 2840 vexat,
1047 2789 1318 2832 memento
1349 2774 1580 2829 dicentis
1612 2790 1626 2827 :
1661 2792 1680 2825 ι
1715 2772 1833 2828 Per:

2131 2806 2249 2854 σοι,
2296 2790 2545 2861 μέμνησο
2574 2792 2667 2845 τοῦ
2702 2772 3005 2863 λέγοντος(
3027 2815 3046 2848 ι
3084 2772 3431 2865 Καταδ-ιώξιῦ
3463 2802 3608 2865 τοὺς

329 2892 466 2946 quar
508 2874 761 2928 inimicos
792 2884 964 2932 meos,
1004 2876 1059 2923 et
1087 2865 1539 2935 comprehendam
1572 2879 1688 2930 eos,
1716 2873 1770 2919 et
1798 2880 1831 2918 n

2102 2882 2239 2953 λρούς
2272 2901 2374 2953 μου
2408 2886 2503 2938 καὶ
2532 2886 2921 2960 καταλήψομαι
2951 2891 3174 2956 αὐτοὺς,
3205 2895 3301 2948 καὶ
3328 2896 3433 2949 οὐκ
3464 2898 3606 2952 ἀπο-

328 2973 618 3021 convertar
651 2963 824 3015 donec
869 2958 1156 3023 deﬁciant,
1189 2966 1245 3010 et
1267 2963 1547 3024 conteram
1582 2956 1763 3024 ipsos,
1811 2970 1832 3007 r

2097 2974 2397 3043 »αφήσομαι
2432 2975 2538 3040 ἕως
2578 2977 2643 3031 ἂν
2689 2956 3038 3048 ὲκλεῖπωσιν,
3074 2983 3317 3055 ἐκθλίψω
3363 2988 3601 3053 αὐτοὺς,

329 3066 584 3130 poterunt
636 3064 798 3117 stare,
849 3052 1045 3106 cadent
1093 3048 1286 3104 subtus
1321 3046 1484 3117 pedes
1521 3048 1767 3112 meos“;
1807 3064 1825 3097 ι

2098 3084 2108 3116 ι
2139 3067 2198 3116 οὐ
2240 3064 2315 3135 μὴ
2346 3066 2607 3122 δύνωνται
2635 3069 2846 3140 στῆναι,
2877 3075 3170 3128 πεσοῦνται
3197 3076 3303 3131 ὑπὸ
3335 3080 3468 3143 τοὺς
3494 3081 3602 3133 πό-

329 3152 557 3221 reliqua.
588 3146 697 3201 Ista
720 3145 1034 3213 tempestive
1059 3142 1225 3207 dices,
1249 3153 1301 3197 te
1323 3139 1626 3195 humilitate
1653 3153 1833 3195 arman

2100 3171 2107 3214 ζ
2138 3171 2260 3224 μου,
2295 3175 2314 3207 ι
2352 3158 2449 3211 καὶ
2482 3159 2552 3213 τὰ
2581 3138 2734 3230 ὲξῆςξ
2774 3162 2959 3218 Ταῦτα
2999 3165 3058 3220 δὲ
3106 3167 3387 3240 εὐκαίρως
3415 3138 3604 3237 λέξεις

330 3253 518 3298 contra
548 3238 906 3295 adversarios.

2099 3249 2483 3323 πεινοφροσύνῃ
2530 3253 2725 3307 ἑαυτὸν
2783 3256 3017 3321 ὁπλίζων
3078 3259 3223 3312 κατὰ
3272 3238 3387 3315 τῶν
3444 3266 3603 3318 ἀντι-

2017 3339 2226 3395 πάλων.

849 3438 1077 3495 CAPUT
1111 3435 1397 3494 CXXXVI.

2561 3458 2810 3514 ΚΕΦΑΛ.
2853 3462 3039 3530 me".

402 3560 482 3616 Ne
521 3568 677 3631 putes
714 3558 885 3613 fuisse
914 3562 1283 3624 comparatam
1319 3553 1596 3617 virtutem,
1627 3549 1734 3604 nisi
1764 3548 1906 3619 prius

2095 3564 2178 3631 Μὴ
2214 3565 2403 3635 νόμιζε
2443 3570 2740 3641 κεκτῆσθαι
2786 3574 3006 3646 ἀρετὴν,
3057 3577 3133 3647 μὴ
3178 3579 3453 3651 πρότερον
3490 3584 3599 3647 ἕως

332 3668 506 3724 usque
552 3653 619 3707 ad
673 3650 991 3720 sanguinem
1024 3663 1125 3717 pro
1161 3647 1277 3715 ipsa
1309 3645 1451 3698 velut
1488 3645 1541 3696 in
1590 3642 1706 3697 acie
1737 3655 1836 3697 cert

2097 3674 2249 3722 ιατος
2283 3659 2422 3731 ὑπὲρ
2452 3661 2622 3732 αὐτῆς
2652 3642 3136 3738 παραταξάνμενδςς
3158 3642 3260 3724 δεξ·
3288 3642 3402 3743 γάρ
3429 3642 3601 3747 μέχρι

330 3746 475 3802 veris
514 3763 528 3797 :
571 3752 784 3813 Oportet
841 3741 987 3796 enim
1037 3752 1210 3807 usque
1257 3737 1325 3791 ad
1376 3746 1608 3789 mortem
1654 3734 1834 3789 advers

2098 3748 2248 3803 νάτου
2287 3734 2745 3809 ἀντικαθίσασθαι
2793 3757 2931 3828 πρὸς
2952 3734 3064 3831 ’τὴν
3099 3734 3602 3836 ἀμαρτίανίάἶω-

332 3848 613 3907 peceatum
652 3833 972 3904 pugnaciter
1004 3830 1339 3893 consistere;
1383 3839 1437 3882 et
1465 3826 1836 3897 irreprehensi‘;

2098 3841 2272 3904 πτικῶς
2297 3883 2312 3904 ,
2360 3844 2455 3897 καὶ
2496 3826 2849 3919 ἀνεγκλήτως
2897 3826 3041 3905 κατά
3088 3826 3177 3907 τδν
3220 3826 3404 3910 ’θεῖονν
3430 3826 3602 3913 ’Azmd-

333 3934 477 3998 liter,
514 3931 814 3987 secundum
843 3927 1086 3981 divinum
1130 3923 1534 3994 Apostolum”.
2020 3931 2227 3985 στολον.

738 4060 901 4130 503
927 4055 1158 4113 CAPUT
1193 4054 1499 4111 cxxxvn.

2579 4074 2829 4128 ΚΕΦΑΛ.
2864 4048 3037 4133 ῬΛΖκ

405 4179 460 4234 Si
497 4180 731 4246 aliquem
763 4172 1066 4242 adiuvabis,
1101 4172 1310 4225 laederis
1344 4170 1411 4224 ab
1439 4171 1632 4235 altero,
1667 4178 1726 4224 ut
1763 4186 1909 4225 acce-

2101 4184 2227 4236 Ἐἀν
2274 4185 2562 4260 ὠφελήσῃς
2596 4188 2752 4253 τινὰ,
2798 4188 3044 4260 βλαϐήσῃ
3092 4192 3184 4258 ὑφ’
3239 4193 3467 4263 ἑτέρου,
3510 4199 3603 4255 ἵνα

333 4282 421 4343 pta
476 4270 676 4341 injuria
720 4267 912 4334 cedas,
964 4273 1058 4319 aut
1115 4264 1315 4333 aliquid
1364 4262 1533 4317 facias
1586 4264 1837 4318 absurdut

2100 4272 2373 4343 ,κούμενος
2408 4277 2561 4347 εῖκῃς
2584 4315 2599 4341 ,
2637 4278 2669 4347 ἢ
2705 4277 2911 4351 δράσῃς
2937 4296 2990 4332 τι
3022 4280 3245 4345 ἄτοπον,
3291 4286 3388 4337 καὶ
3432 4303 3604 4359 σκορ-

341 4368 589 4434 maleque
636 4361 869 4429 dissipes
906 4373 1026 4428 quae
1056 4357 1193 4411 bene
1222 4356 1600 4425 congregasti;
1641 4357 1728 4411 hic
1766 4358 1845 4411 cui

2097 4380 2183 4434 τῃς
2230 4364 2419 4427 κακῶς
2450 4405 2464 4429 ,
2528 4366 2563 4420 ἃ
2610 4368 2795 4431 καλῶς
2850 4370 3178 4438 συνήγαγες.
3223 4372 3440 4439 Σκοπὸς
3487 4356 3601 4450 γάρ

334 4461 695 4528 malignorum
713 4467 911 4523 scopus
924 4459 1008 4506 est
1022 4448 1352 4503 daemonum.
1376 4447 1498 4502 Ideo
1520 4449 1838 4504 attendendu

2096 4457 2174 4509 31:0
2202 4456 2310 4509 τῶν
2344 4460 2602 4530 πονηρῶν
2636 4460 2928 4531 δαιμόνωνο
2980 4462 3061 4516 διὸ
3101 4468 3441 4536 προσεκτέον
3468 4447 3600 4525 vou-

335 4551 692 4609 considerate.

2019 4548 2207 4618 νεχῶς.

827 4680 1053 4738 CAPUT
1093 4680 1421 4737 CXXXVIII.

2571 4687 2839 4740 KE‘PAA.‘
2860 4690 3035 4743 PAH’.

399 4803 718 4873 Ingruentes
781 4797 1089 4852 daemonum
1135 4796 1369 4863 impetus
1418 4803 1691 4863 exspecta,
1727 4809 1903 4848 cnram

2100 4800 2305 4870 Ὁρμὰς
2345 4800 2612 4871 δαιμόνων
2650 4802 2985 4872 ἐπαχθείσας
3026 4804 3252 4876 ἐκδέχον
3286 4810 3598 4879 φροντίζων

332 4895 592 4950 adhibens
620 4889 892 4961 quomodo
918 4889 986 4943 ab
1030 4888 1274 4957 ipsorum
1311 4887 1569 4940 servitute
1600 4885 1836 4941 recedas.

1520 4894 1569 4940 te
1600 4885 1839 4941 recedas.
2019 4888 2136 4953 πῶς
2161 4893 2403 4962 ἀποστῇς
2424 4892 2522 4961 τῆς
2547 4892 2795 4957 δουλείας
2823 4896 3023 4948 αὐτῶν.

848 5021 1076 5078 CAPUT
1102 5020 1363 5077 CXXXIX
1376 5064 1388 5076 .

2582 5032 2833 5086 ΚΕΦΑΛ.
2874 5033 3043 5087 PAO’.

401 5144 574 5200 Noctu
627 5138 844 5211 quidem
903 5136 1125 5189 turbare
1179 5149 1276 5203 per
1331 5149 1391 5187 se
1446 5134 1593 5203 ipsos
1652 5145 1905 5206 expetunt

2091 5138 2323 5209 Νύκτωρ
2380 5140 2478 5209 μὲν
2523 5140 2816 5211 ταράττειν
2880 5142 2947 5196 δι’
2991 5145 3202 5199 ἑαυτῶν
3255 5146 3595 5211 ἐξαιτοῦνται

336 5239 604 5293 .lannones
636 5228 976 5302 spiritualem
1011 5227 1358 5297 magistrum,
1401 5226 1639 5281 interdiu
1670 5243 1840 5298 vero;

2092 5250 2103 5282 ι
2156 5233 2529 5302 πνευματικὸν
2568 5232 2893 5315 ’διδάσκαλον
2923 5237 2973 5289 οἱ
3001 5237 3280 5309 δαίμονες.
3314 5242 3430 5296 Καὶ
3473 5244 3596 5313 μεθ’

337 5329 582 5383 nomines
601 5323 856 5395 periculis
883 5332 936 5377 et
956 5319 1265 5386 calumniis,
1290 5333 1355 5372 ac
1378 5318 1737 5375 seditionibus
1758 5320 1841 5375 illu

2090 5321 2234 5392 ιέραν
2277 5321 2344 5375 δι’
2385 5322 2692 5395 ἀνθρώπων
2738 5326 3121 5397 περιστάσεσι,
3173 5330 3272 5384 καὶ
3320 5349 3594 5403 συκοφαν-

339 5417 693 5476 είηυωάθηι,
2024 5414 2188 5481 τίαις,
2223 5416 2319 5469 καὶ
2353 5410 2623 5481 κινδύνοις
2649 5415 2840 5473 τοῦτον
2861 5419 3273 5491 περιϐάλλουσι.

402 5621 450 5657 ⁸³
477 5618 623 5675 Psal.
650 5635 786 5687 xvn,
823 5623 912 5689 '58,
949 5622 1038 5679 39.
1115 5622 1159 5654 ⁹¹
1195 5621 1212 5675 l
1251 5620 1397 5678 Tim.
1429 5637 1503 5690 vi,
1560 5620 1649 5678 I2.
