3808 6226
52 274 238 342 119-7
1491 276 1592 337 DE
1624 273 2031 336 ORATIONE.
3251 271 3386 334 1198

706 401 953 454 ΚΕΦΑΛ.
996 400 1128 453 PM'.
1737 401 1788 454 Δ

1737 401 1788 454 Α
2395 384 2623 440 CAPUT
2653 385 2805 442 CXL.

147 512 278 583 Μὴ
332 512 610 585 παραιτοῦ
657 514 781 577 τοὺς
825 515 1078 581 κναφεῖς·
1108 513 1156 564 εί
1188 512 1295 581 γὰρ
1329 509 1422 564 xui
1454 509 1651 562 τύπτου

1885 500 1962 556 Ne
1993 513 2220 569 respuas
2253 496 2518 560 fullones;
2549 499 2748 553 ctenim
2783 498 2827 552 si
2848 499 3232 554 conculcantes
3264 501 3386 570 pul-

58 603 464 668 πατοῦντες,
497 606 589 658 xui
620 606 887 668 τείνοντες
922 604 1185 668 ξαίνουσι,
1215 601 1352 656 ἁλλά
1387 618 1448 668 γε
1475 599 1561 653 διὰ

1886 602 1957 658 nt,
1996 600 2051 646 et
2078 591 2466 646 contendentes
2519 592 2850 656 cat-minent;
2889 600 3126 646 attamen
3160 607 3258 662 per
3288 593 3390 649 ista

59 714 203 750 των
238 697 506 771 λαμπρὰ
531 701 566 770 ἡ
603 698 856 767 αἴσθησίς
884 714 977 749 σου
1006 696 1235 764 γίνεται.

1228 735 1235 748 ,
1817 699 2014 740 sensus
2048 694 2177 739 tuus
2199 683 2511 752 splendidus
2535 683 2732 737 evadit.

692 835 941 888 ΚΕΦΑΛ.
985 834 1080 886 PM
1088 834 1164 885 A'.

2385 815 2612 870 CAPUT
2639 815 2813 870 CXLI.

178 949 344 1017 Ἐφ’
375 951 499 1003 ὅσον
526 948 626 1002 οὐκ
658 949 915 1013 ἁπετάξω
944 951 1060 1011 τοῖς
1096 946 1347 1011 πάθεσιν,
1385 945 1499 999 ἀλλ’
1529 948 1558 999 ὀ
1590 945 1682 999 νοῦ

1890 931 2136 996 Quandiu
2181 946 2289 984 non
2329 931 2728 985 renuntiaveris
2772 930 3140 999 passionibus,
3176 931 3271 986 sed
3307 939 3394 985 tua

70 1057 198 1092 σου
246 1041 618 1095 ἐναντιοῦται
647 1045 714 1112 τῇ
742 1043 944 1112 ἀρετῇ,
975 1041 1071 1094 xui
1102 1043 1166 1110 τῇ
1196 1039 1457 1110 ἀληθείᾳ,
1497 1039 1574 1110 οὐ]

1892 1039 1972 1078 :ns
2011 1023 2194 1078 virtuti
2239 1025 2588 1085 adversetur,
2644 1033 2697 1077 et
2750 1023 2995 1087 veritati,
3056 1038 3396 1093 nequaquam

78 1133 335 1203 ρήσεις
363 1133 565 1196 εὐῶδες
592 1133 841 1202 θυμίαμα
873 1135 930 1185 ἐν
958 1133 1031 1201 τῷ
1060 1128 1398 1202 κόλπῳσου.

1821 1116 2067 1172 invenies
2096 1116 2388 1172 beneolens
2419 1116 2470 1169 in
2512 1116 2633 1170 sinu
2671 1125 2761 1169 tuo
2799 1114 3188 1170 sufﬁmentum.

698 1265 947 1318 ΚΕΦᾹΛ.
989 1266 1166 1319 PMB’.

2277 1251 2438 1323 509
2472 1249 2700 1305 CAPUT
2739 1250 2941 1304 CXLII.

169 1375 631 1446 Προσεύξασθαι
666 1376 882 1440 ποθεῖς;
918 1375 1194 1445 μεταστὰς
1234 1374 1343 1426 τῶν
1383 1374 1616 1436 ἐνθένδε,
1656 1392 1673 1426 ⁸1

1898 1371 2057 1440 [ἰιιρίε
2107 1368 2296 1424 orare?
2327 1367 2704 1423 transferendo
2753 1379 2804 1420 te
2850 1367 2995 1430 hinc,
3032 1366 3402 1421 conversatio-

84 1469 475 1538 πολίτευμα,
528 1468 616 1538 ἔχε
658 1469 716 1520 ὲν
759 1467 1009 1538 οὐρανοῖς
1048 1466 1134 1518 διὰ
1181 1465 1422 1532 παντὸς,
1468 1467 1529 1518 οὐ
1575 1466 1588 1515 1

1900 1480 1942 1516 m
1969 1464 2173 1533 jugiter
2199 1463 2252 1516 in
2285 1463 2439 1517 cmlis
2484 1461 2641 1524 habe,
2689 1474 2796 1513 non
2827 1457 2974 1513 nudo
3003 1459 3170 1512 verbo
3197 1458 3404 1529 simpli-

88 1559 332 1623 £179.63;
389 1558 564 1629 ψιλῷ,
620 1559 757 1612 ἀλλά
816 1559 1014 1630 πράξει
1067 1558 1331 1630 ἁγγελικῇ
1385 1560 1479 1612 καὶ
1519 1575 1592 1625 γνι

1821 1555 1976 1619 citcr,
2006 1554 2100 1608 sed
2128 1561 2252 1608 actu
2293 1553 2553 1622 angelico,
2595 1562 2648 1607 ct
2671 1552 2935 1606 diviniore
2965 1551 3295 1620 cognitione.

89 1653 162 1707 θε
173 1655 420 1725 ιοτέρᾳ.

696 1786 946 1840 ΚΕΦΑΛ.
988 1788 1170 1842 PMI".
1754 1766 1793 1818 Β

1754 1766 1793 1818 Β
2367 1779 2594 1835 CAPUT
2627 1779 2857 1835 CXLIII.

189 1900 272 1953 ΕΞ
331 1900 495 1969 μόνον
536 1900 866 1971 δυσπραγῶν
915 1899 1276 1969 μνημονεύεις
1325 1897 1421 1950 τοῦ
1477 1898 1682 1969 Κριτοῦ

1903 1894 1957 1949 Si
1991 1902 2199 1946 tantum
2250 1893 2494 1947 adversis
2537 1892 2589 1945 iu
2639 1892 2802 1946 rebus
2844 1890 3148 1946 recorderis
3179 1888 3407 1957 Iudicis,

101 1991 194 2053 ὡς
236 1991 506 2061 φοϐερὸς,
539 1993 632 2044 xui
660 1989 956 2053 ἀδέκαστος
991 1991 1262 2060 ὑπάρχει,
1293 1989 1506 2042 οὐδέπω
1542 2006 1605 2058 με

1905 2001 1991 2040 am
2023 1971 2300 2050 terribilis,
2343 1994 2398 2040 et
2424 1985 2582 2039 donis
2640 1983 2991 2052 incorruptus
3017 1983 3262 2048 exsistat,
3302 1998 3409 2039 non

109 2083 326 2154 θηκας
359 2083 632 2138 δουλεύειν
675 2085 868 2155 Κυρίῳ
910 2085 970 2136 ὲν
1009 2083 1191 2152 φόϐῳ,
1227 2082 1322 2135 καὶ
1367 2079 1613 2149 ἁγαλλιᾶε

1910 2084 2006 2134 huc
2055 2079 2291 2135 didicisti
2326 2079 2529 2135 servire
2579 2076 2812 2132 Domino
2866 2077 2920 2131 in
2979 2076 3206 2143 timore,
3253 2077 3414 2148 eique

110 2176 298 2248 αὐτῷ
333 2180 392 2230 ἐν
417 2177 628 2249 τρόμῳ.
665 2176 805 2230 "Io-0t
831 2177 975 2247 γὰρ,
1015 2177 1097 2228 ὅτι
1142 2175 1244 2228 κὰν
1276 2175 1396 2235 ταῖς
1422 2190 1614 2241 πνευμε

1911 2172 2101 2226 sultare
2132 2173 2186 2226 in
2220 2181 2458 2226 tremore
2480 2171 2546 2226 ⁸³.
2584 2169 2732 2225 Scito
2764 2170 2948 2240 igitur,
2981 2170 3125 2240 quod
3163 2171 3220 2224 in
3250 2170 3415 2240 spiri-

115 2272 272 2333 καῖς
304 2269 568 2331 ἀνέσεσι,
623 2271 719 2322 xui
745 2270 1001 2340 εὐωχίαις
1048 2268 1249 2338 μᾶλλον
1293 2267 1408 2337 μετ’
1439 2265 1619 2318 εὐλαϐι

1913 2266 2063 2319 ιιίὺυε
2095 2265 2545 2328 recreationibus,
2576 2278 2639 2317 ac
2669 2263 2845 2332 epulis
2871 2262 3064 2331 majori
3097 2277 3219 2316 cum
3251 2263 3417 2317 devo-

117 2363 240 2416 καὶ
279 2363 467 2426 αἰδοῦς
494 2363 575 2416 δεῖ
604 2361 889 2434 λατρεύειν
919 2362 1084 2432 αὐτῷ.

1914 2372 1979 2410 ne
2006 2364 2060 2409 et
2088 2356 2390 2410 reverentia
2415 2365 2626 2424 oportet
2661 2355 2837 2423 ipsum
2875 2354 3054 2408 colere
3083 2360 3138 2408 et
3166 2352 3415 2408 adorare.

701 2497 954 2550 ΚΕΦΑΛ.
998 2496 1174 2550 ΡΜΔ¹.

2383 2487 2610 2544 CAPUT
2643 2487 2871 2544 CXLIV.

224 2611 604 2681 Ἐπιγνὼμων
633 2610 773 2680 ἀνὴρ
795 2648 812 2674 ,
857 2612 885 2662 ὀ
931 2610 1008 2681 μὴ
1052 2611 1160 2681 πρὸ
1187 2612 1286 2680 τῆς
1316 2609 1530 2672 τελείας
1568 2626 1728 2678 μετα-

1917 2605 2132 2674 Sapiens
2169 2605 2254 2658 vir
2299 2615 2384 2659 est
2431 2613 2487 2658 et
2530 2603 2928 2668 consideratus,
2988 2602 3080 2672 qui
3125 2611 3250 2657 ante
3295 2617 3421 2672 per-

127 2705 307 2768 νοίας
335 2706 707 2775 ἀνασχόμενος
738 2704 836 2774 τῆς
861 2702 1097 2756 ὲλλύπου
1146 2703 1336 2772 μνείας
1372 2702 1482 2755 τῶν
1513 2705 1627 2757 nixa

1920 2710 2026 2753 tam
2062 2698 2436 2769 paenitentiam
2485 2714 2591 2754 non
2632 2697 2847 2754 desistit
2879 2714 2910 2752 a
2943 2698 3208 2752 memoria
3235 2697 3424 2753 dolore

131 2796 607 2868 ἁμαρτημάτων,
639 2797 730 2848 xui
759 2795 857 2866 τῆς
889 2795 950 2848 ἐν
988 2793 1122 2861 πυρὶ
1156 2793 1360 2864 αἰωνίῳ
1400 2793 1590 2863 δίκης,
1630 2814 1635 2828 ι

1919 2802 2026 2846 acta
2092 2806 2315 2846 suorum
2372 2799 2760 2860 peccatorum,
2833 2799 2888 2845 et
2945 2789 3313 2845 damnationis
3366 2790 3423 2844 in

135 2893 370 2945 τούτων
408 2890 773 2960 εἰσπράξεως.

1833 2894 2040 2939 aeterno
2072 2884 2197 2954 igne
2225 2897 2326 2954 pro
2355 2883 2572 2937 illorum
2614 2882 3036 2953 perpetratione.

710 3009 962 3075 ΚΕΦΑΛ.
1003 3023 1185 3076 PME'.
1418 2979 1426 3003 ³

1418 2979 1426 3003 ³
2398 3013 2630 3072 CAPUT
2653 3014 2860 3071 CXLv.

235 3138 301 3190 Ὀ
329 3139 387 3190 ἐν
412 3136 713 3206 ἁμαρτίαις
753 3135 1074 3204 ἐνεχόμενος
1096 3177 1111 3201 ,
1164 3136 1260 3188 xui
1291 3140 1696 3208 παροργισμοῖς
1715 3178 1731 3202 ,

1919 3127 2014 3195 Qui
2043 3128 2281 3199 peccatis
2324 3127 2599 3184 detinetur
2618 3136 2674 3183 et
2698 3128 3156 3185 concitationibus
3181 3129 3246 3184 ad
3264 3129 3423 3197 iram,

142 3233 252 3286 καί
281 3228 499 3300 τολμῶν
528 3227 759 3290 ἀναιδῶς
781 3226 1119 3280 ἐκτείνεσθαι
1143 3227 1277 3296 πρὸς
1307 3229 1509 3296 γνῶσιν
1537 3229 1646 3282 θειο

1924 3222 2109 3289 Ietque
2148 3220 2488 3291 impudenter
2526 3220 2592 3274 ad
2650 3235 2836 3275 rerum
2881 3220 3208 3276 diviniorum
3241 3222 3428 3293 cogni-

149 3339 272 3393 ρων
303 3320 668 3392 πραγμάτων,
698 3319 731 3389 ἢ
761 3318 855 3372 xui
877 3319 1043 3372 ἀΰλου
1073 3318 1535 3389 κατεπεμϐαίνων
1566 3336 1653 3391 πρ‹

1922 3328 2045 3367 nem
2076 3327 2196 3368 sese
2251 3312 2564 3376 extendere,
2595 3319 2689 3366 aut
2717 3313 2879 3366 etiam
2915 3311 2981 3365 ad
3018 3313 3425 3368 immaterialem

149 3413 351 3483 ευχῆς,
385 3405 541 3473 οὗτος
568 3410 806 3480 δεχέσθω
846 3411 906 3463 τὸ
938 3408 1294 3463 ἀποστολικδν
1322 3410 1620 3478 ἐπιτίμιον,

1924 3404 2134 3458 :endere
2178 3404 2519 3468 orationem,
2586 3402 2850 3472 suscipiat
2917 3402 3009 3456 ille
3071 3404 3428 3473 apostolicam

151 3505 264 3558 οὐκ
293 3505 444 3556 ἔστιν
470 3502 752 3556 ἀκίνδυνον
783 3499 953 3572 αὐτῷ,
974 3500 1035 3553 το
1054 3502 1272 3571 γυμνῇ,
1309 3501 1400 3552 καὶ
1431 3500 1654 3554 ἀκαλύπ

1922 3511 2149 3562 Isuram,
2180 3496 2326 3565 quod
2357 3495 2618 3550 nimirum
2660 3508 2748 3550 res
2781 3509 2886 3549 non
2913 3495 3028 3550 sine
3055 3496 3295 3565 periculo
3322 3504 3426 3563 est,

153 3595 374 3667 κεφαλῇ
434 3592 854 3667 προσεύχεσθαι.
905 3611 923 3645 ι
970 3593 1204 3662 Ὀφείλει
1257 3593 1402 3664 γὰρ,
1455 3593 1640 3663 φησὶν,

1923 3589 2007 3654 do,
2029 3603 2130 3642 nec
2161 3598 2352 3658 operto
2370 3587 2546 3658 capite
2566 3601 2724 3642 orare
2753 3604 2768 3641 :
2800 3604 2818 3637 ι
2843 3586 3010 3641 Debet
3031 3586 3198 3652 enim,
3231 3587 3427 3657 inquit,

153 3689 392 3759 τοιαύτη
447 3687 590 3742 κατά
635 3686 881 3756 κεφαλῆς
931 3685 1184 3752 ἐξουσίαν
1245 3683 1410 3754 ἔχειν,
1464 3684 1552 3738 διὰ
1608 3702 1657 3736 τε

1925 3696 1948 3734 a
1986 3688 2309 3749 potestatem
2346 3680 2547 3736 habere
2588 3694 2752 3750 super
2799 3688 2963 3750 caput
3011 3687 3231 3749 propter
3266 3695 3429 3751 ange‘

157 3780 482 3852 ἐφεστῶτας
527 3778 813 3848 ἀγγέλους,
836 3798 854 3830 ι
891 3776 1046 3842 αἱδὼ,
1093 3778 1189 3830 xui
1235 3776 1661 3848 ταπεινοφροσύν

1945 3772 1992 3806 ⁸⁸
2018 3783 2281 3838 astantes,
2320 3774 2580 3843 pudorem
2609 3782 2771 3843 atque
2803 3772 3162 3827 humilitatem
3191 3773 3431 3830 circum“

161 3873 555 3946 προσήκουσαν
586 3868 1048 3943 περιϐαλλομένη.

989 3887 1048 3940 η.
1840 3866 2028 3922 induta
2060 3867 2493 3922 convenientem.

710 4025 960 4080 ΚΕΦΑΛ.
999 4028 1198 4096 ΡΜςτ.

2290 4018 2452 4089 510
2489 4016 2718 4073 CAPUT
2751 4017 2979 4074 CXLVI.

237 4141 452 4210 Ὠσπερ
492 4140 876 4211 ὀφθαλμιῶντα
931 4142 1032 4196 οὐκ
1082 4143 1266 4213 ὀνήσει
1309 4145 1344 4213 ὴ
1393 4143 1452 4196 ἐν
1494 4141 1739 4213 σταθηρᾷ

1924 4132 2382 4200 Quemadmodum
2435 4133 2777 4203 lippientem,
2818 4134 2933 4189 sive
2969 4133 3144 4190 oculis
3178 4134 3428 4191 laboran-

167 4233 528 4304 μεσημϐρίᾳ,
579 4233 674 4286 xui
722 4234 1056 4305 σφοδροτάτῃ
1098 4234 1422 4305 φρυκτωρία
1461 4234 1668 4288 ἀκατάλ

1922 4241 1950 4278 n
1994 4223 2219 4278 minime
2246 4223 2459 4293 juvabit
2487 4233 2738 4295 aspectus
2770 4225 2921 4290 solis,
2957 4226 3051 4295 qui
3090 4227 3290 4296 percipi
3317 4244 3426 4283 non

165 4342 306 4386 πτος
328 4363 344 4386 ,
373 4325 469 4377 xui
513 4325 880 4394 ἐπιτεταμένη
927 4325 1021 4377 τοῦ
1054 4324 1204 4394 ἡλίου
1236 4325 1368 4389 θέα,
1404 4324 1580 4388 οὕτως
1620 4326 1669 4377 οἰ

1925 4322 2039 4383 Lest,
2073 4325 2127 4370 et
2152 4316 2392 4371 intentus
2428 4325 2532 4382 est,
2576 4331 2702 4371 cum
2746 4317 2802 4370 in
2844 4315 3051 4372 fervida
3082 4319 3332 4385 meridie,
3375 4328 3429 4374 et

165 4416 260 4469 τὸν
314 4413 537 4485 ἐμπαθῆ
563 4455 578 4481 ,
614 4415 709 4467 xui
737 4415 1048 4485 ἀκάθαρτον
1091 4416 1238 4481 νοῦν,
1285 4417 1318 4486 ἡ
1349 4415 1449 4486 τῆς
1481 4417 1539 4469 ἐν
1578 4433 1669 4469 πνε

1925 4408 2321 4464 Tementissima
2356 4407 2750 4462 illuminatione
2786 4408 3114 4477 resplendet,
3136 4410 3211 4464 ita
3253 4425 3429 4481 neque

171 4523 308 4576 ματι
334 4546 349 4570 ,
383 4506 477 4558 xui
521 4505 753 4576 ἀληθείᾳ
797 4507 1063 4575 φοϐερᾶς,
1096 4507 1190 4559 xui
1218 4506 1532 4576 ὑπερφυοῦς
1568 4524 1674 4578 προ

1923 4499 2192 4555 ssionibus
2241 4498 2609 4568 inquinatam,
2666 4499 3043 4570 impuramque
3089 4509 3324 4556 mentem
3364 4503 3427 4555 ti-

169 4600 339 4667 ευχῆς
382 4597 732 4661 ἀνατύπωσις
782 4598 1060 4661 παντελῶς
1119 4599 1402 4669 ὀνήσειεν,
1463 4597 1600 4650 ἀλλὰ
1652 4615 1673 4650 δι

1923 4591 2057 4644 ratio
2075 4590 2367 4644 tremenda
2403 4604 2468 4644 ac
2494 4589 2808 4645 excellentis
2847 4590 3112 4646 orationis
3137 4591 3191 4645 in
3231 4592 3427 4673 spiritu

168 4687 485 4741 τούναντίον
541 4685 676 4757 πρὸς
723 4687 1098 4760 ἀγανάκτησιν
1146 4688 1269 4742 καθ’
1305 4687 1498 4741 ἑαυτοῦ
1543 4689 1672 4757 ἐγείι

1943 4680 2171 4734 veritate
2215 4680 2488 4735 ullatenus
2531 4680 2772 4749 juvabit,
2833 4682 2926 4736 sed
2980 4689 3034 4737 et
3072 4691 3318 4739 econtra
3370 4683 3427 4738 in

173 4779 236 4831 τὸ
275 4779 452 4831 Θεῖον.
1843 4772 2077 4842 seipsam
2115 4773 2295 4842 potius
2345 4772 2590 4826 divinum
2624 4773 2825 4829 excitat
2854 4789 3074 4830 numen.

721 4917 973 4970 ΚΕΦΑΛ.
1015 4917 1191 4969 PMZ'.
1329 4907 1339 4912 ”

2371 4909 2600 4966 CAPUT
2650 4910 2897 4966 CXLVII.

247 5028 312 5080 Ei
343 5027 432 5080 τὸν
465 5024 604 5095 μετὰ
636 5025 807 5095 δώρου
842 5025 1209 5097 προσελθόντα
1245 5025 1337 5077 ἐπὶ
1365 5024 1426 5077 τὸ
1455 5024 1736 5093 θυσιαστή-

1923 5023 1975 5077 Si
2009 5038 2130 5077 eum
2181 5025 2275 5094 qui
2327 5039 2450 5078 cum
2515 5025 2660 5078 dono
2697 5027 2963 5096 processit
3014 5027 3082 5079 ad
3113 5027 3283 5082 altare
3319 5042 3427 5083 non

181 5133 297 5190 ριον
321 5115 419 5169 οὐκ
451 5113 688 5181 ἐδέξατο,
713 5115 742 5166 ὀ
769 5113 1044 5184 ἀνενδεὴς,
1073 5115 1167 5166 xui
1193 5112 1489 5174 ἀδέκαστος
1518 5112 1623 5172 ’έως
1647 5128 1685 5162 τε

1923 5117 2083 5184 scepit
2131 5116 2177 5170 is
2223 5116 2317 5185 qui
2361 5116 2507 5170 nulla
2547 5129 2666 5186 eget
2700 5132 2778 5182 re,
2823 5117 3089 5187 donisque
3128 5129 3214 5174 est
3247 5121 3427 5175 incor-

179 5207 533 5276 διαλλαγῆναι
593 5205 671 5276 τῷ
729 5205 955 5272 πλησίον
1015 5203 1339 5274 λυπουμένῳ
1390 5202 1527 5276 πρὸς
1560 5201 1683 5255 αὐτὶ

1921 5220 2056 5279 ptus,
2104 5209 2277 5265 donec
2307 5211 2687 5264 reconciliatus
2717 5209 2880 5265 fuerit
2913 5210 3065 5266 fratri
3095 5228 3197 5268 suo
3227 5214 3425 5268 adver-

182 5299 372 5353 σκόπει
405 5299 576 5367 πόσης
614 5296 861 5366 φυλακῆς
908 5297 1004 5348 xui
1049 5295 1375 5365 διακρίσεως
1417 5293 1614 5363 χρεία,
1658 5293 1686 5344 ἵ·

1925 5317 1947 5356 s
2006 5301 2184 5370 ipsum
2243 5301 2446 5356 dolenti
2477 5302 2559 5367 ³⁵,
2616 5303 2840 5371 dispice,
2896 5312 3098 5372 quanta
3148 5319 3286 5373 opus
3357 5307 3429 5362 sit

181 5392 572 5463 εὐπρόσδεκτον
610 5391 789 5462 δῶμεν
829 5390 906 5462 τῷ
935 5391 1053 5460 Θεῷ
1082 5389 1337 5461 θυμίαμα
1382 5390 1437 5441 ἐν
1460 5387 1540 5458 τῷ
1569 5403 1685 5456 vom

1927 5392 2199 5446 servantia
2233 5403 2287 5448 et
2323 5393 2671 5458 discretione,
2704 5402 2765 5447 ut
2793 5394 2846 5448 in
2890 5394 3240 5451 intellectuali
3272 5396 3429 5453 altari

183 5485 569 5554 θυσιαστηρίῳ.

1853 5481 2218 5538 sul‘limentum
2262 5486 2370 5541 Deo
2395 5486 2531 5542 bene
2563 5485 2890 5556 acccptabile
2907 5485 3218 5546 oﬂ‘eramus.

254 5666 301 5700 ’³
364 5665 508 5723 Psal.
546 5682 606 5733 II,
639 5665 724 5720 II.
780 5663 848 5751 ’έδ
879 5663 899 5716 I
935 5662 1057 5718 Cor.
1088 5678 1167 5730 η,
1199 5661 1253 5715 7.
1329 5660 1374 5694 "
1405 5660 1598 5718 Matth.
1634 5677 1707 5728 Ix,
1737 5660 1826 5718 25.
