3808 6226
406 285 540 349 “99
916 372 1142 428 CAPUT
1174 371 1448 427 CXLVIII.

464 484 543 540 Ne
592 485 667 540 sis
699 486 1013 555 garrulitate
1065 487 1324 555 gaudens,
1379 499 1512 539 neve
1564 483 1749 553 gloria:
1795 484 1973 537 studio

397 579 674 643 exsultes;
706 578 945 646 alioquin
979 593 1085 631 non
1112 587 1319 631 tantum
1356 576 1412 629 in
1443 575 1607 630 dorso
1653 585 1766 639 tuo,
1798 576 1890 628 sed
1919 584 1974 629 et

398 668 452 721 in
480 667 632 721 vultu
660 679 752 723 tuo
777 668 1117 721 Iabricabunt
1144 676 1455 735 peccatores
1476 666 1544 731 9‘,
1594 666 1811 734 erisque
1842 666 1975 735 ipsis

398 766 641 827 tempore
671 760 936 813 orationis
966 758 1280 823 ludibrium,
1317 766 1602 824 attractus,
1636 766 1690 812 et
1718 757 1975 827 deceptus

398 850 467 905 ab
490 849 621 920 ipsis
654 850 710 904 in
738 851 1163 921 cegitationibus
1196 850 1408 905 alienis.

936 1052 1161 1108 CAPUT
1196 1053 1425 1108 CXLIX.

472 1168 744 1230 Studium,
775 1183 871 1222 seu
895 1167 1442 1221 attcntioorationem
1477 1180 1748 1237 quaerens,
1769 1167 1972 1221 oratio-

400 1276 527 1317 nem
577 1260 846 1325 inveniet;
878 1258 1051 1313 oratio
1100 1258 1320 1329 quippe,
1351 1258 1433 1313 vel
1465 1258 1595 1328 quid
1623 1258 1769 1313 aliud
1798 1258 1975 1314 simile

400 1350 749 1421 subsequitur
776 1349 1154 1414 attentionem,
1186 1350 1273 1403 cui
1301 1348 1475 1403 danda
1506 1362 1694 1419 opera.

908 1458 1065 1529 511
1097 1458 1324 1515 CAPUT
1354 1459 1460 1516 CL.

469 1575 935 1642 Quemadmodum
997 1576 1250 1631 sensibus
1323 1576 1577 1631 omnibus
1643 1577 1835 1631 melior
1892 1585 1976 1631 est

1903 284 1964 345 S.
1990 281 2150 342 NILI

2004 384 2051 436 A

3516 284 3685 350 1M

2620 373 2848 426 ΚΕΦᾹΛ
2859 414 2870 426 .
2913 374 3011 428 ΡΜ
3018 376 3098 427 H'.

2148 484 2238 553 Μὴ
2274 482 2363 535 ἔσο
2392 483 2691 555 λογοχαρὴς
2713 527 2726 549 ,
2768 484 2904 554 μηδὲ
2952 484 3247 556 δοξοχαρὴς
3272 526 3289 551 ,
3324 487 3373 537 εἰ
3404 486 3467 539 δὲ
3493 488 3680 557 μήτε,

2076 576 2178 628 οὐκ
2226 575 2306 627 ἔτι
2352 577 2408 626 ἐν
2448 575 2526 645 τῷ
2565 575 2718 647 νώτῳ
2752 594 2867 635 σου,
2898 576 3009 629 ἀλλ’
3040 581 3098 629 ὲν
3126 577 3203 647 τῷ
3235 578 3527 648 προσώπῳ
3564 597 3681 631 σπου

2074 667 2450 721 τεκταίνουσιν
2489 668 2539 719 οἱ
2584 668 2937 738 ἁμαρτωλοὶ,
2969 669 3062 721 καὶ
3101 668 3200 739 ἔσῃ
3230 670 3527 738 ἐπίχαρμα
3564 671 3685 722 αὑ-

2074 761 2189 822 τοῖς
2222 758 2363 812 κατὰ
2397 758 2488 812 τὸν
2520 760 2711 830 καιρὸν
2760 762 2854 831 τῆς
2899 761 3229 832 προσευχῆς,
3273 761 3676 830 ἐξελκόμενῑς.

2076 851 2172 904 καὶ
2223 848 2607 922 δελεαζόμενος
2671 853 2762 904 ὑπ’
2810 853 2990 905 αὐτῶν
3046 856 3104 905 ἐν
3150 853 3442 923 λογισμοῖς
3502 854 3677 907 ἀλλο-

2076 941 2279 1004 κότοις.

2628 1055 2877 1108 ΚΕΦΑΛ.
2920 1056 3098 1112 ΡΜΘν.

2146 1167 2391 1240 Προσοχὴ
2414 1167 2722 1238 προσευχὴν
2756 1166 2995 1237 ζητοῦσα
3014 1210 3028 1233 ,
3055 1166 3370 1241 προσευχὴν
3400 1171 3674 1241 εὑρήσει·

2077 1262 2353 1333 προσευχὴ
2382 1261 2490 1331 γὰρ
2521 1265 2760 1333 προσοχῇ
2806 1264 2855 1315 εί
2897 1263 2993 1315 καὶ
3031 1261 3157 1316 ἀλλο
3198 1262 3429 1327 ἕπεται,
3464 1265 3553 1332 ἐφ’
3594 1263 3677 1333 ἣν

2079 1352 2460 1407 σπουδαστέον.
3376 1360 3379 1363 ’

2651 1469 2898 1522 ΚΕΦΑΛ.
2940 1470 3066 1524 PN'.

2148 1581 2359 1653 Ὥσπερ
2386 1581 2575 1636 πασῶν
2602 1581 2710 1635 τῶν
2736 1582 3044 1652 αἰσθήσεων
3070 1583 3338 1655 κρείττων
3372 1586 3404 1655 ἡ
3431 1586 3671 1658 ὅρασις,

398 1672 576 1736 visus,
639 1669 714 1725 ita
789 1676 845 1724 et
902 1668 1158 1725 omnibus
1218 1669 1513 1725 virtutibus
1577 1669 1813 1725 divinior
1890 1681 1975 1726 est

2109 1673 2216 1727 ῦτω
2239 1675 2331 1728 καὶ
2357 1675 2544 1729 πασῶν
2572 1674 2685 1729 τῶν
2715 1674 2949 1744 ἀρετῶν,
2977 1676 3252 1747 προσευχὴ
3283 1678 3567 1749 θειοτέρα.

398 1765 590 1819 oratio.
1176 1830 1177 1833 η

992 1878 1219 1934 CAPUT
1251 1880 1382 1935 CLI.

467 1990 744 2048 Orationis
778 1991 897 2045 laus
930 2000 1147 2047 estnon
1195 1992 1512 2063 simpliciter
1549 1994 1844 2063 quantitas,
1880 1997 1975 2051 sed

397 2085 652 2155 qualitas,
709 2092 763 2137 et
814 2088 919 2138 hoc
967 2082 1343 2138 demonstrant
1374 2085 1467 2154 qui
1516 2087 1877 2141 ascenderunt
1918 2088 1973 2141 in

398 2176 657 2246 templum
689 2176 764 2237 ’7;
818 2182 873 2229 et
924 2174 1093 2230 illud:
1128 2192 1147 2227 ι
1185 2174 1315 2243 Vos,
1372 2174 1501 2231 dum
1556 2176 1746 2244 oratis,
1807 2176 1976 2234 nolite

398 2269 628 2323 multum
653 2266 810 2338 loqui
832 2266 899 2318 ⁸⁸.
937 2285 957 2318 ι

971 2379 1198 2434 CAPUT
1234 2380 1384 2435 CLII.

467 2496 719 2563 Quandiu
758 2494 1164 2565 proportionem
1217 2496 1461 2565 corporis
1494 2498 1749 2567 attendis,
1791 2514 1973 2554 mens—

396 2606 503 2661 que
551 2599 639 2644 tua
686 2602 809 2657 quae
835 2597 963 2643 sunt
1008 2588 1359 2641 tabernaculo
1425 2589 1765 2645 delectabilia
1805 2589 1970 2653 fovet,

397 2685 573 2739 locum
614 2681 876 2736 orationis
919 2681 1161 2733 nondum
1210 2680 1414 2746 vidisti,
1447 2682 1542 2739 sed
1587 2683 1751 2737 etiam
1784 2684 1973 2752 procul

397 2792 429 2830 a
452 2784 504 2831 te
530 2776 694 2830 distat
719 2773 866 2829 illius
887 2773 994 2828 vita
1015 2772 1193 2829 beata.

965 2882 1193 2938 CAPUT
1222 2882 1399 2938 CLIII.

468 3000 694 3067 Quando
729 2999 968 3054 orationi
996 2999 1256 3055 assistens
1282 3014 1446 3069 supra
1478 3013 1639 3053 omne
1666 2999 1811 3054 aliud
1837 3015 1971 3070 gau-

398 3092 549 3149 dium
576 3093 907 3158 ascenderis,
935 3100 1063 3146 tunc
1094 3094 1394 3146 orationem
1427 3106 1553 3146 vere
1586 3092 1862 3147 invenisti.

466 3359 515 3391 ⁹⁶
542 3360 685 3414 Psal.
710 3374 932 3425 cxxvm,
961 3361 1014 3414 5.
1092 3360 1135 3390 ⁸⁷
1162 3358 1296 3413 Luc.
1328 3373 1481 3422 xvm,
1505 3357 1573 3412 10
1601 3371 1751 3427 seqq.

2624 1870 2876 1923 ΚΕΦΑΛ.
2917 1870 3092 1926 PNA'.

2147 1979 2463 2052 Προσευχῆς
2491 1982 2733 2047 ἔπαινος,
2764 1983 2861 2054 οὐχ
2892 1984 3080 2049 ἁπλῶς
3107 1988 3143 2057 ἡ
3175 1988 3429 2059 ποσότης,
3464 1991 3590 2044 ἀλλ’
3625 1996 3669 2064 ἡ

2076 2072 2298 2142 ποιότης
2317 2113 2331 2138 ,
2359 2073 2453 2126 καὶ
2485 2072 2646 2127 τοῦτο
2669 2075 2925 2145 δηλοῦσιν
2960 2079 3009 2129 oi
3036 2078 3337 2143 ἀναϐάντες
3366 2085 3449 2145 είς
3475 2083 3541 2136 τὸ
3581 2085 3671 2137 ιε·-

2076 2162 2191 2231 ρὸν,
2234 2165 2330 2217 καὶ
2360 2166 2420 2217 τὸ
2446 2207 2460 2230 ,
2503 2185 2521 2217 ι
2564 2166 2754 2237 Ὑμεῖς
2792 2170 3219 2241 προσευχόμενοι
3242 2213 3257 2237 ,
3297 2174 3373 2244 μὴ
3404 2173 3671 2244 βατταλο-

2074 2255 2281 2327 γήσητε
2306 2272 2318 2285 ’
2361 2276 2378 2308 ›
2417 2258 2512 2313 καὶ
2539 2258 2607 2311 τά
2631 2258 2777 2328 ἑξῆς.

2626 2377 2878 2431 ΚΕΦΑΛ.
2919 2377 3093 2431 PNB'.

2159 2489 2273 2556 Ἐφ’
2306 2490 2431 2542 ὅσον
2481 2492 2550 2561 τῇ
2593 2490 2859 2563 ἀναλογίᾳ
2903 2492 3191 2563 προσέχεις
3220 2490 3313 2545 τοῦ
3352 2491 3618 2563 σώματος
3644 2535 3664 2560 ,

2076 2582 2170 2636 καὶ
2214 2584 2241 2634 ὁ
2292 2583 2416 2645 νοῦς
2464 2600 2560 2636 σου
2605 2585 2674 2636 τά
2712 2585 2811 2653 τῆς
2862 2585 3070 2655 σκηνῆς
3112 2586 3368 2657 περιέπει
3416 2588 3663 2658 τερπνὰ,

2073 2670 2284 2725 οὐδέπω
2330 2672 2429 2741 τῆς
2475 2675 2790 2745 προσευχῆς
2838 2675 3089 2746 ἑώρακας
3122 2676 3318 2729 τόπον*
3367 2677 3509 2729 ἀλλὰ
3545 2692 3661 2746 μα-

2074 2762 2214 2835 κρὰν
2236 2763 2343 2817 ἀπὸ
2373 2763 2468 2817 σοῦ
2494 2768 2526 2835 ἠ
2556 2767 2804 2837 μακαρία
2832 2766 3038 2836 ταύτης
3065 2767 3186 2831 όδὺς
3218 2770 3506 2838 τυγχάνει.

2626 2880 2878 2933 ΚΕΦΑΛ.
2919 2880 3094 2937 PNI".

2148 2992 2317 3045 Ὅταν
2364 2993 2772 3064 παριστάμενος
2817 2996 2897 3059 είς
2949 2994 3261 3065 προσευχὴν
3292 2994 3435 3065 ὑπὲρ
3467 2998 3664 3051 πᾶσαν

1998 3102 2041 3160 C
2075 3084 2243 3154 ἄλλην
2288 3085 2464 3154 χαρὰν
2509 3086 2683 3158 γένῃ,
2739 3087 2859 3140 τότε
2906 3087 3123 3158 ἀληθῶς
3185 3088 3429 3160 εῦρηκας
3480 3106 3661 3162 προσ-

2072 3178 2260 3247 ευχήν.

401 3464 3641 3503 W

1511 3638 2613 3798 TTH'AYTOY_

1787 3894 2136 3951 ΚΕΦΔΛΔΙΑ
2178 3897 2285 3951 KZ"

983 4090 1243 4177 ΠΕΡΙ
1295 4084 1844 4176 ΔΙΑΦΟΡΩΝ
1887 4083 2430 4173 ΠΟΝΗΡΩΝ
2482 4085 3049 4223 ΛΟΓΙΣΜΩΝ

1584 4495 2423 4623 EJUSDEM

1767 4736 2015 4793 CAPITA
2057 4737 2250 4793 XXVII

1231 4918 1327 4981 DE
1361 4920 1705 4983 DIVERSIS
1760 4924 2120 4986 MALIGNIS
2162 4925 2807 4989 COGITATIONIBUS.

940 5104 1099 5176 512
1126 5105 1351 5162 CAPUT
1381 5107 1416 5161 ι.

465 5218 816 5277 Daemonibus
845 5223 1034 5277 activae
1058 5223 1179 5278 vitae
1197 5223 1459 5293 oppositis
1482 5222 1640 5293 primi
1670 5221 1737 5276 ad
1760 5222 1961 5279 bellum

393 5313 701 5383 insurgunt,
732 5314 825 5383 qui
854 5315 991 5385 gulae
1017 5315 1404 5385 voluptatibus,
1438 5315 1551 5371 sive
1579 5314 1966 5384 cupiditatibus

391 5416 652 5472 praesunt,
689 5407 891 5477 quique
936 5407 1095 5462 nobis
1119 5408 1399 5462 avaritiam
1447 5417 1760 5479 suggerunt,
1791 5417 1846 5463 et
1872 5409 1965 5478 qui

391 5512 492 5551 nos
550 5498 617 5551 ad
670 5498 960 5552 humanam
1010 5499 1234 5569 gloriam
1298 5508 1615 5569 provocant.
1664 5500 1735 5554 At
1782 5501 1961 5555 caeteri

392 5602 580 5641 omnes
607 5591 1006 5646 retrocedentes
1032 5600 1155 5659 post
1206 5591 1362 5655 istos,
1412 5606 1549 5660 quos
1586 5592 1663 5645 illi
1705 5592 1962 5647 vulnera-

394 5684 542 5741 runt,
567 5675 859 5744 excipiunt.
887 5677 995 5735 Nec
1024 5679 1167 5736 enim
1202 5679 1316 5735 ﬁeri
1361 5688 1557 5750 potest,
1593 5691 1651 5736 ut
1677 5682 1723 5739 is
1754 5670 1979 5739 incidat

2670 5115 2921 5172 ΚΕΦΑΛ.
2957 5118 3039 5172 A'.

2142 5223 2263 5276 Τῶν
2296 5223 2692 5296 ἀντικειμένων
2709 5225 2984 5297 δαιμόνων
3012 5230 3077 5298 τῇ
3103 5233 3408 5302 πρακτικῇ,
3439 5233 3554 5302 πρᾶ

2070 5316 2213 5369 κατά
2256 5314 2349 5369 τὸν
2384 5315 2621 5386 πόλεμον
2653 5315 3001 5373 συνίστανται
3047 5321 3097 5373 οί
3135 5320 3237 5386 τὰς
3267 5326 3366 5395 τῆς
3408 5341 3643 5395 γαστρι-

2072 5408 2315 5478 μαργίας
2342 5408 2557 5479 ἡδονὰς,
2580 5409 2743 5480 ἤτουν
2767 5411 2977 5481 ὀρέξεις
3010 5416 3460 5487 πεπιστευμένοι,
3480 5419 3572 5471 καὶ
3593 5417 3643 5471 οἱ

2068 5497 2167 5568 τὴν
2193 5498 2557 5571 φιλαργυρίαν
2576 5502 2710 5571 ἡμῖν
2733 5503 3142 5572 ὑποϐάλλοντες,
3172 5506 3271 5559 καὶ
3298 5509 3350 5560 οἱ
3383 5511 3521 5579 πρὸς
3544 5511 3643 5580 τὴν

2067 5590 2177 5644 τῶν
2207 5591 2510 5663 ἀνθρώπων
2535 5591 2695 5658 δόξαν
2720 5596 2869 5666 ἡμᾶς
2892 5596 3306 5670 ἐκκαλούμενοι.
3331 5601 3397 5653 Oi.
3423 5602 3468 5653 δ’
3493 5602 3641 5655 ἄλλοι

2068 5684 2269 5748 πάντες
2302 5683 2533 5740 κατόπιν
2548 5685 2757 5741 τούτων
2782 5686 3109 5759 βαδίζοντες,
3137 5691 3267 5754 τοὺς
3294 5691 3405 5745 ὑπὸ
3431 5694 3637 5748 τούτων
