3808 6226
40 358 171 421 1201

34 482 549 550 τιτρωσκομένους
579 487 934 559 διαδέχονται.
966 495 1081 548 Οὐκ
1108 498 1225 552 ἔστι

34 573 117 632 είς
153 574 369 641 χεῖρας
405 578 510 629 τοῦ
534 580 846 649 πνεύματος
871 587 970 655 τῆς
996 591 1272 660 πορνείας,
1317 596 1391 662 μὴ
1417 598 1523 650 ὑπὸ
1548 600 1649 669 τῆς

34 670 525 736 γαστριμαργίας
554 675 936 731 καταπεσόντα
955 696 968 710 ·
1002 683 1094 734 καὶ
1124 684 1222 736 οὐκ
1252 684 1367 740 ἐστι
1413 690 1648 759 ταράξαι

36 754 248 823 Θυμὸν,
290 760 377 828 μὴ
412 763 564 833 ὑπὲρ
621 764 926 836 βρωμάτων
971 772 1002 842 ἢ
1050 776 1387 845 χρημάτων,
1422 780 1454 851 ἢ
1484 754 1647 853 δόξης

35 848 257 914 ἀλόγων
286 853 622 924 ἐπιθυμιῶν
653 862 961 931 μαχόμενον
979 879 993 893 ⁸
1042 868 1134 919 καὶ
1161 870 1259 921 οὐκ
1288 870 1402 923 ἔστι
1430 848 1522 927 τὸν
1548 848 1645 945 τῆς

37 943 218 1014 λύπης
271 946 530 1016 δαίμονα
576 952 880 1023 διαφυγεῖν,
930 958 1132 1013 τούτων
1182 964 1403 1017 πάντων
1450 985 1645 1039 στερη-

35 1033 198 1088 θέντα
227 1077 243 1095 ,
286 1038 323 1106 ἢ
367 1039 459 1110 μὴ
502 1041 797 1111 δυνηθέντα
842 1052 1053 1117 τυχεῖν’
1107 1053 1229 1106 οὐδὲ
1276 1057 1644 1127 ἀποφεύξεται

35 1127 131 1193 τὴν
169 1129 587 1199 ὑπερηφανίαν
618 1154 700 1194 τις
723 1178 736 1201 ,
781 1140 840 1191 τὸ
887 1142 1101 1211 πρῶτον
1129 1148 1374 1217 γέννημα
1404 1152 1496 1204 τοῦ
1527 1154 1641 1207 δια-

36 1218 192 1271 ὒόλου
219 1259 236 1283 ,
282 1222 369 1290 μὴ
407 1223 518 1293 τὴν
546 1228 655 1279 τῶν
687 1231 872 1284 κακῶν
926 1236 1140 1289 πάντων
1186 1240 1339 1308 ῥίζαν
1391 1245 1642 1315 ἐξορίσας

36 1308 459 1378 φιλαργυρίαν,
489 1315 649 1394 εἴπερ
675 1321 768 1370 καὶ
794 1321 954 1375 πενία
985 1324 1155 1394 ἄνδρα
1181 1336 1468 1397 ταπεινοῖ,
1500 1338 1639 1389 κατὰ

34 1400 122 1450 τὸν
165 1404 344 1467 σοφὸν
391 1406 760 1477 Σολομῶντα·
807 1415 904 1466 καὶ
948 1416 1249 1490 συλλήϐδην
1296 1423 1502 1486 εἰπεῖν,
1539 1429 1637 1481 οὐκ

34 1492 180 1543 ἔστιν
215 1493 533 1565 ἄνθρωπον
581 1507 901 1570 περιπεσεῖν
943 1508 1199 1578 δαίμονι,
1251 1515 1325 1584 μὴ
1370 1518 1635 1589 πρότερον

36 1582 123 1633 ὑπ’
163 1584 414 1640 ἐκείνων
464 1589 571 1641 τῶν
607 1597 1009 1661 πρωτοστατῶν
1058 1605 1511 1673 κατατρωθέντα,
1552 1611 1635 1664 διὸ

38 1676 286 1740 καὶτοὺς
316 1682 486 1748 τρεῖς
534 1681 762 1747 τούτους
802 1686 1097 1759 λογισμοὺς
1142 1694 1171 1745 ὁ
1216 1694 1462 1761 διάϐολος
1511 1700 1630 1754 τότε

35 1768 107 1836 τῷ
157 1770 387 1842 Σωτῆρι
447 1780 789 1848 προσήγαγε.
838 1782 1060 1852 Πρῶτον
1113 1786 1212 1855 μὲν
1259 1791 1385 1852 τοὺς
1424 1790 1625 1859 λίθους,

37 1860 230 1931 ἄρτους
274 1868 553 1932 γενέσθαι
587 1874 955 1941 παρακαλῶν,
989 1876 1179 1932 ἔπειτα
1208 1880 1265 1932 δὲ
1296 1884 1387 1935 τὸν
1421 1886 1625 1956 κόσμον

37 1952 149 2003 ὅλον
198 1956 696 2030 ἐπαγγελλόμενος
748 1966 795 2017 εί
843 1967 1025 2021 πεσὼν
1074 1977 1473 2045 προσκυνήσειο
1532 1980 1628 2032 καὶ⁴

37 2044 209 2110 τρίτον
266 2050 319 2101 εί
369 2051 605 2105 ἀκούσοι
648 2054 1072 2127 δοξασθήσεσθαι
1126 2063 1318 2132 λέγων,
1344 2044 1523 2139 μηδὲν
1562 2073 1626 2123 ἐκ

36 2134 124 2185 τοῦ
172 2138 520 2207 τηλικούτου
550 2145 845 2217 πτώματος
877 2153 1186 2208 πεπονθότα
1209 2196 1224 2219 ,
1258 2150 1333 2210 ὧν
1359 2161 1386 2211 6
1416 2160 1625 2231 Κύριος

38 2226 185 2293 ἡμῶν
238 2233 526 2301 κρείττων
578 2241 786 2305 φανεὶς,
846 2244 926 2300 εἰς
967 2247 1210 2302 τούπίσω
1260 2250 1337 2321 τῷ
1387 2226 1623 2326 διαϐόλῳ

40 2321 228 2383 χωρεῖν
269 2324 643 2392 προσέταττε,
677 2329 765 2382 διὰ
795 2331 1000 2386 τούτων
1024 2337 1118 2389 καὶ
1149 2339 1296 2408 ἡμᾶς
1327 2321 1617 2409 διδάσκων,

38 2407 105 2466 ὡς
137 2409 237 2462 οὐκ
273 2411 434 2468 ἐστιν
461 2416 787 2475 ἀπώσασθαι
809 2424 899 2477 τὸν
929 2426 1194 2497 διάϐολον,
1230 2433 1304 2504 μὴ
1328 2435 1437 2488 τῶν
1454 2438 1624 2507 τριῶν

42 2500 236 2557 τούτων
261 2514 799 2584 καταφρονήσαντας
824 2519 1121 2592 λογισμῶν.

645 2655 900 2711 ΚΕΦΑΛ.
944 2658 1018 2714 B’.

104 2754 316 2822 Πάντες
342 2762 393 2814 oi
426 2761 803 2833 δαιμονιώδεις
825 2769 1092 2842 λογισμοὶ,
1127 2777 1373 2847 νοήματα
1407 2781 1489 2845 είς
1515 2784 1614 2851 τὴν

44 2841 208 2913 ψυχὴν
256 2849 542 2921 αἰσθητῶν
569 2858 911 2925 πραγμάτων
933 2841 1297 2934 εἰσφέρουσιν,
1321 2870 1380 2922 ἐν
1417 2841 1498 2934 οἷς
1522 2841 1619 2926 τύ-

45 2935 135 2985 πού
144 2954 301 3004 μενος
325 2944 355 2994 6
390 2945 519 3008 νοῦς
544 2947 642 3009 τάς
663 2951 877 3020 μορφὰς
892 2954 999 3006 τῶν
1028 2959 1367 3028 πραγμάτων
1396 2963 1616 3021 ἐκείνων

46 3023 96 3073 ‘tv
123 3028 298 3100 ἐαυτῷ
332 3036 649 3107 περιφέρει,
681 3041 774 3093 καὶ
817 3042 910 3095 ἀπ’
943 3023 1106 3099 αὐτού
1145 3023 1241 3101 τοῦ
1291 3052 1616 3123 πράγματος

46 3112 220 3173 λοιπὸν
279 3124 646 3195 ἐπιγινώσκει
700 3132 792 3185 τὸν
858 3139 1299 3207 προσεγγίσαντα
1352 3144 1610 3215 δαίμονα·

1100 379 1197 437 DE
1237 382 1606 447 MALIGNIS
1645 388 2306 462 COGITATIONIBUS.

3185 414 3322 479 1202

1249 501 1358 570 γάρ
1383 502 1590 570 ὲμπεσε

1714 548 1723 567 ,
1750 506 1803 559 in
1828 524 2020 567 manus
2049 516 2272 583 spiritus
2302 519 2698 589 fornicationis,
2738 527 2831 596 qui
2864 541 2970 581 non
3003 527 3258 583 ceciderit
3292 547 3322 584 a
3418 570 3423 575 .

1750 590 1943 657 spiritu
1991 598 2131 664 gula
2180 600 2454 672 devictus;
2498 623 2597 662 nec
2642 590 2899 677 possibile
2944 620 3045 676 est,
3083 621 3141 665 ut
3186 613 3323 666 iram

1747 695 2113 753 commoveat,
2145 692 2239 761 qui
2268 710 2377 749 non
2407 700 2689 755 contendit
2728 709 2781 755 et
2811 702 3021 755 rixatur
3054 716 3155 770 pro
3193 704 3324 756 edu~

1746 772 1853 837 liis,
1882 787 1974 831 aut
2004 784 2270 849 pecuniis,
2321 797 2415 840 aut
2448 790 2632 858 gloria
2671 792 3072 847 irrationalibus
3110 794 3324 862 cupidi-

1745 867 1977 934 tatibus;
2024 888 2123 928 nec
2170 876 2331 930 etiam
2379 879 2491 934 fieri
2536 892 2731 951 potest,
2765 896 2821 937 ιιι
2847 886 3143 939 damonem
3185 885 3319 945 effu-

1743 958 1853 1027 giat
1878 961 2130 1027 tristitia,
2165 969 2256 1035 qui
2281 972 2536 1026 omnibus
2569 975 2717 1029 hisce
2750 976 2909 1029 fuerit
2934 980 3194 1045 privatus,
3218 993 3313 1035 aut

1744 1045 1835 1099 illa
1874 1056 2090 1120 assequi
2123 1058 2453 1125 nequiverit;
2487 1078 2586 1116 nec
2616 1065 2739 1131 quis
2766 1066 2959 1119 evadet
2986 1070 3315 1137 superbiam,

1743 1150 1862 1202 qua
1912 1139 2144 1207 primum
2198 1144 2298 1200 fuit
2346 1163 2565 1216 germen
2616 1153 2836 1219 diaboli,
2885 1156 2991 1209 nisi
3048 1158 3315 1213 malorum

1740 1226 1983 1282 omnium
2022 1232 2253 1288 radicem
2285 1240 2747 1307 exterminaverit,
2780 1244 3085 1299 avaritiam.
3126 1245 3316 1316 Siqui-

1739 1318 1860 1371 dem
1919 1330 1973 1374 et
2000 1334 2292 1392 paupertas
2320 1329 2496 1383 virum
2553 1333 2831 1396 humiliat,
2889 1336 3186 1390 secundum
3228 1353 3316 1392 sa-

1740 1410 1970 1476 pientem
2040 1412 2422 1483 Salomonem;
2497 1430 2660 1491 utque
2733 1427 3044 1478 summatim
3113 1428 3310 1493 dicam,

1739 1502 2047 1558 nullatenus
2085 1506 2246 1561 homo
2296 1520 2471 1577 potest
2515 1513 2566 1566 in
2594 1515 2791 1569 diaboli
2835 1518 3042 1585 prolabi
3080 1528 3314 1586 potesta-

1737 1602 1866 1658 tem,
1912 1596 2016 1650 nisi
2072 1600 2219 1666 prius
2248 1604 2315 1655 ab
2347 1604 2451 1657 illis
2505 1607 2927 1675 primipilaribus
2984 1608 3147 1663 fuerit
3180 1625 3312 1666 sau-

1735 1686 1939 1752 ciatus;
1971 1698 2025 1743 et
2072 1690 2194 1745 ideo
2246 1693 2342 1748 has
2374 1704 2483 1749 tres
2519 1698 2871 1765 cogitationes
2906 1700 3155 1753 diabolus
3183 1708 3311 1755 tunc

1733 1779 1996 1836 Salvatori
2028 1783 2239 1839 induxit
2262 1787 2327 1844 9’.
2360 1787 2600 1843 Primum
2635 1793 2851 1860 quidem
2894 1794 3218 1859 exhortans,
3250 1803 3311 1848 ut

1731 1869 1940 1938 lapides
1968 1871 2212 1930 efficeret
2247 1876 2407 1949 513
2438 1896 2636 1950 panes;
2665 1885 3006 1952 postmodum
3036 1886 3309 1954 spondens

1728 1963 1989 2017 mundum
2007 1966 2340 2035 universum,
2362 1970 2407 2024 si
2429 1972 2628 2027 cadens
2650 1975 2925 2041 adoraret;
2942 1977 3102 2030 tertio
3118 1976 3304 2030 dicens

1728 2054 1903 2123 ipsum
1928 2056 2307 2113 celebrandum
2341 2061 2458 2115 fore
2488 2078 2551 2117 ae
2579 2065 3017 2133 glorificandum,
3053 2068 3099 2121 si
3132 2067 3303 2121 obau-

1726 2145 1915 2213 disset,
1948 2149 2077 2204 dum
2140 2166 2205 2205 ex
2232 2153 2325 2206 illo
2374 2155 2467 2208 tali
2516 2172 2649 2212 casu
2687 2159 2820 2212 nihil
2852 2158 3014 2214 fuerit
3047 2176 3242 2230 passus
3284 2179 3297 2214 :

1725 2237 1925 2305 quibus
1991 2239 2254 2297 Dominus
2317 2253 2501 2299 noster
2560 2249 2809 2317 superior
2878 2266 3182 2320 apparens,
3240 2260 3301 2305 ut

1724 2330 2086 2386 retrocederet
2140 2334 2354 2390 diabolo
2413 2341 2722 2404 mandavit,
2777 2357 2987 2412 nosque
3048 2359 3143 2412 per
3193 2344 3295 2399 ista

1723 2418 1959 2486 edocuit,
1988 2425 2133 2493 quod
2186 2427 2515 2497 impossibile
2561 2442 2643 2488 est
2688 2434 2962 2491 diabolum
3003 2438 3289 2507 repellere,

1723 2511 1830 2566 nisi
1856 2523 1966 2570 tres
1985 2516 2117 2572 istas
2139 2518 2546 2590 despexerimus
2570 2527 2949 2596 cogitationes.

2334 2654 2561 2710 CAPUT
2612 2656 2675 2711 11.

1790 2757 1995 2815 Omnes
2028 2761 2380 2824 damoniales
2411 2771 2770 2840 cogitationes
2810 2774 3053 2831 inferunt
3095 2779 3291 2837 anima

1719 2863 1903 2904 rerum
1954 2854 2298 2911 sensibilium
2352 2861 2626 2928 notiones,
2671 2865 2871 2934 quibus
2912 2883 3064 2924 mens
3112 2870 3291 2926 infor-

1718 2948 1885 3005 mata,
1921 2941 2123 3002 formas
2165 2946 2380 3003 illarum
2423 2967 2605 3006 rerum
2651 2954 2704 3008 in
2738 2956 2914 3027 seipsa
2950 2960 3287 3028 circumfert,

1717 3030 1906 3101 sicque
1954 3032 2293 3104 damonem,
2347 3042 2440 3110 qui
2480 3046 2947 3116 appropinquarit,
2990 3066 3020 3105 e
3066 3068 3125 3107 re
3169 3054 3288 3123 ipsa

1718 3120 2021 3192 dignoscit;
2056 3131 2289 3199 exempli
2330 3134 2526 3202 gratia,
2578 3136 2623 3190 si
2658 3141 2950 3196 accesserit
2990 3120 3287 3201 intellectui

45 3198 163 3267 οἷον,
211 3212 261 3263 εξ
312 3214 413 3267 τοῦ
450 3215 829 3287 ζημιώσαντὸς
864 3242 954 3294 με,
1000 3230 1091 3282 καὶ
1136 3233 1505 3302 άτιμάσαντός
1540 3255 1595 3309 με

1715 3228 1840 3268 meo
1879 3231 2134 3285 persona,
2182 3236 2305 3291 qua
2331 3240 2417 3279 me
2457 3226 2805 3295 detrimemo,
2842 3241 2935 3287 aut
2985 3233 3285 3303 ignominia

47 3291 97 3399 ἓν
128 3300 191 3396 τῇ
224 3300 438 3377 διανοίᾳ
476 3326 578 3376 μου
626 3311 689 3365 τὸ
730 3291 1022 3385 πρόσωπον
1057 3291 1284 3390 γένοιτο,
1327 3291 1608 3399 ἐλέγχεται

46 3382 69 3433 δ
96 3386 187 3455 τῆς
227 3400 603 3465 μνησικακίας
634 3382 966 3474 παρα-ϐαλὼν
997 3382 1283 3485 λογισμός..
1328 3419 1391 3472 ΕΞ

48 3482 359 3575 κρημὰτων,
422 3490 457 3561 ἥ
521 3492 679 3566 δόξης
727 3499 1045 3573 ,ἀνάμνησις
1099 3482 1344 3575 γένοιτο,
1399 3514 1466 3566 ὲκ
1508 3516 1602 3569 τοῦ

49 3569 353 3673 πράγματος
369 3581 533 3652 δῆλον
557 3586 638 3639 ὅτι
654 3588 683 3639 6
706 3569 901 3645 Θλίϐων
919 3569 1064 3663 ήμᾶς
1096 3569 1601 3673 ἐπιγνωσθήσεται·

50 3659 131 3707 καὶ
161 3664 247 3717 ἐπὶ
277 3670 387 3724 τῶν
434 3673 610 3729 ἄλλων
638 3677 694 3731 δὲ
729 3681 1005 3753 λογισμῶν
1043 3688 1325 3757 ὡσαύτως,
1364 3696 1471 3748 ἀπὸ
1506 3699 1601 3752 τοῦ

48 3748 355 3847 ξῖράγματος
401 3764 661 3835 εὑρήσεις
707 3770 797 3822 τὸν
846 3778 1194 3847 παρεστῶτα,
1227 3784 1319 3836 καὶ
1367 3786 1603 3842 ὑποϐάλ-

49 3832 189 3946 λοντα
238 3847 336 3913 τὰς
376 3832 680 3922 φαντασίας
735 3832 985 3934 δαίμονα.
1043 3871 1118 3924 Οὐ
1174 3875 1353 3940 πάσας
1404 3878 1462 3931 δὲ
1505 3880 1602 3946 τὰς

50 3931 247 4001 μ’έήμας
274 3944 381 3998 τῶν
413 3949 673 4006 τοιούτων
704 3931 1050 4028 πραγμάτων
1077 3964 1139 4015 ἐκ
1168 3931 1433 4035 δαιμόνων
1455 3931 1600 4041 λέξῷ

53 4029 347 4093 συμϐαίνειν
368 4059 381 4071 ο
419 4044 610 4116 ἐπειδὴ
646 4050 853 4119 πέφυκε
888 4056 984 4107 καὶ
1012 4058 1171 4121 αὐτὸς
1202 4062 1230 4112 6
1255 4062 1378 4126 νοῦς
1414 4068 1599 4120 κινού-

49 4130 188 4185 μενος
222 4127 325 4182 ὑπὸ
353 4135 450 4188 τοῦ
498 4140 787 4210 ἀνθρώπου
827 4144 934 4199 τῶν
977 4152 1275 4216 γεγονότων
1302 4156 1598 4229 ἀναφέρειν

49 4208 102 4229 -λ
388 4227 397 4229 -

48 4208 147 4319 itii
174 4227 489 4292 φαντασίας,
536 4208 651 4284 ἀλλ’
700 4234 821 4288 ὅσαι
868 4208 999 4290 τῶν.
1028 4208 1261 4310 μνημῶν
1319 4208 1594 4319 θυρίδᾷνή

1028 4293 1041 4309 ι
1122 4293 1153 4310 H
1326 4293 1511 4314 ’⁷⁸⁷⁷⁷⁷⁷
1566 4293 1584 4318 ’¹

48 4293 317 4373 ἑπιῡυμίαν
344 4318 497 4386 παρὰ
526 4319 686 4386 φύσιν
718 4327 1174 4382 συνεπισπῶνται.
1222 4332 1325 4385 Διά
1354 4336 1461 4405 γὰρ
1486 4338 1584 4407 τὴν

47 4397 268 4490 ξπραχὴν
310 4406 417 4459 τῶν
469 4408 563 4461 δύο
606 4411 891 4484 δυνάμεων
934 4419 1175 4489 τούτων,
1208 4423 1236 4474 6
1277 4422 1403 4490 νοῦς
1451 4429 1593 4482 κατὰ

46 4476 259 4545 διάνοιαν
292 4501 556 4571 μοιχεύει,
589 4509 683 4557 καὶ
715 4510 966 4580 μάχεται,
998 4513 1092 4567 τοῦ
1123 4518 1591 4587 νομοθετήσαντος

48 4571 187 4629 αὑτὸν
232 4586 328 4655 τὴν
377 4597 684 4661 φαντασίαν
732 4599 1089 4666 ἀναδέξασθαι
1143 4608 1217 4677 μὴ
1266 4605 1586 4679 δυνάμενος.

50 4661 104 4679 η.
234 4675 245 4679 Α

48 4661 255 4765 Εἷπερή
292 4679 614 4757 λαμπρότης
655 4690 837 4762 ἐκείνη
883 4661 1024 4748 κατὰ
1071 4661 1331 4770 στέρησιν
1369 4661 1588 4757 πάντων

48 4754 137 4805 τῶν
163 4762 217 4814 ἐν
241 4774 347 4835 τοῖς
379 4777 669 4847 πράγμασι
718 4785 1008 4852 νοημάτων
1037 4788 1094 4839 ἐν
1137 4789 1215 4859 τῷ
1265 4794 1443 4864 καιρῷ
1490 4798 1587 4865 τῆς

50 4856 322 4944 ῗροσευχῆς
347 4865 424 4934 τῷ
439 4871 751 4941 ἡγεμονικῷ
771 4877 1195 4944 παραφαίνεται.
1218 4883 1331 4936 Οὐκ
1356 4884 1582 4938 ἂν“άπό-

50 4932 173 5046 00,110
197 4948 286 5012 τὰς
319 4932 586 5026 ὲμπαόεές
625 4932 904 5035 μνήμαςιὸ
929 4932 1232 5040 άνθρωπος,
1395 4978 1580 5030 ἐπιθυ-

56 5027 181 5095 μίας,
226 5045 311 5096 καὶ
340 5048 508 5119 θυμοῦ
554 5027 872 5125 ἐπιμέλειαν
914 5027 1299 5132 ποιησάμενος,
1480 5068 1580 5137 μὲν

52 5129 311 5199 νηστείαις,
341 5140 688 5213 ἀγρυπνίαις,
730 5150 825 5201 καὶ
866 5155 1217 5220 χαμευνείαις
1266 5159 1579 5211 καταναλώ-

58 5222 155 5306 ξτῆις.
179 5219 260 5272 τὸν
303 5229 355 5281 δὲ
401 5236 824 5307 μακροθυμίαις,
863 5244 956 5296 καὶ
985 5246 1431 5317 ἀμνησικακίαις,
1481 5254 1578 5305 καὶ

54 5310 397 5407 "inﬂammat;
431 5327 851 5399 καθημερώσας·
883 5337 945 5387 ἐκ
969 5337 1077 5407 γάρ
1099 5339 1208 5391 τῶν
1247 5341 1341 5394 δύο
1371 5346 1577 5401 τούτων

59 5392 211 5490 ξταθῶν
249 5413 438 5481 πάντες
495 5421 680 5489 σχεδὸν
722 5426 769 5477 οἱ
805 5426 1175 5497 δαιμονιώδεις
1228 5436 1573 5492 συνίστανται

58 5478 266 5639 imiimi
300 5508 344 5560 oi
376 5478 465 5566 τόν
494 5478 618 5569 νοῦν
663 5478 1023 5589 ἐμϐάλλοντες
1066 5529 1145 5590 εὶς
1191 5526 1429 5599 ὄλεθρον,
1480 5533 1573 5584 καὶ

91 5590 160 5631 πω
218 5606 305 5639 tuus

91 5590 307 5651 πωλειαν.

1712 3307 1911 3372 affecit,
1977 3312 2246 3382 arguitur,
2300 3318 2445 3387 quod
2509 3320 2835 3390 injuriarum
2886 3328 3281 3384 recordationis

1709 3402 2162 3473 apprOpinquavit
2219 3410 2499 3478 cogitatio.
2550 3411 2605 3467 Si
2668 3414 2866 3471 iterum
2924 3422 3281 3489 pecuniarum

1707 3504 1804 3547 aut
1848 3495 2035 3564 gloria.
2070 3500 2378 3556 recordatio
2422 3502 2535 3571 fiat,
2576 3504 2923 3565 manifestum
2964 3528 3029 3567 ex
3074 3531 3132 3570 re
3172 3526 3277 3583 est,

1706 3588 1850 3655 quod
1882 3588 1951 3654 is,
1995 3587 2088 3659 qui
2127 3606 2227 3645 nos
2263 3593 2505 3660 tribulat,
2546 3597 2913 3669 dignoscetur.
2950 3604 3091 3671 Quin
3127 3618 3179 3664 et
3221 3611 3273 3665 in

1704 3679 1827 3735 aliis
1849 3682 2270 3753 cOgitationibus
2290 3686 2541 3744 similiter
2568 3706 2600 3746 e
2629 3708 2687 3747 re
2712 3694 2954 3753 invenies
2977 3700 3273 3757 daemonem

1704 3781 1994 3840 astantem,
2013 3784 2067 3829 et
2086 3775 2502 3848 imaginationes
2522 3797 2917 3854 suggerentem.
2942 3789 3057 3845 Non
3082 3808 3275 3850 omnes

1703 3870 1887 3917 autem
1939 3867 2349 3925 recordationes
2389 3871 2774 3942 hujuscemodi
2809 3894 2989 3934 rerum
3017 3898 3047 3937 a
3074 3886 3274 3940 damo-

1702 3952 1865 4008 nibus
1909 3956 2222 4027 contingere
2269 3960 2423 4029 dico;
2485 3965 2927 4035 quandoquidem
2997 3981 3051 4026 et
3119 3989 3273 4030 mens

1701 4043 1818 4113 ipsa
1862 4045 1929 4100 ab
1985 4046 2204 4105 homine
2246 4064 2556 4120 commota,
2594 4056 3007 4127 imaginationes
3064 4079 3269 4131 rerum,

1700 4154 1823 4209 qua
1851 4142 2148 4208 evenerint,
2196 4146 2461 4214 proferre,
2503 4166 2601 4205 seu
2645 4154 2889 4210 emittere
2945 4162 3269 4228 consuevit;

1699 4230 1795 4283 sed
1824 4240 2090 4301 quotquot
2134 4238 2541 4295 recordationes
2587 4241 2747 4308 iram,
2782 4245 2863 4299 vel
2915 4248 3275 4316 cupiditatem

1698 4332 1894 4391 prater
1931 4332 2183 4381 naturam
2232 4328 2513 4397 alliciunt,
2554 4332 2933 4407 (subintellige)
2964 4355 3058 4396 eas
3087 4342 3211 4397 dico
3235 4358 3267 4397 a

1697 4412 2038 4471 daemonibus
2078 4421 2406 4488 procedere;
2458 4439 2583 4478 nam
2623 4427 2693 4481 ub
2723 4429 3088 4487 turbationem
3128 4435 3266 4489 dua-

1695 4519 1816 4559 r.uin
1851 4507 2080 4564 istarum
2106 4514 2471 4582 potentiarum
2499 4518 2728 4585 (scilicet
2758 4521 2871 4588 ira,
2906 4532 2960 4577 et
2991 4525 3264 4595 cupidita-

1694 4596 1786 4670 tis)
1826 4614 1978 4656 mens
2002 4602 2441 4663 intellectualiter
2458 4609 2747 4679 adulterat,
2778 4623 2831 4669 et
2859 4624 3077 4685 pugnat,
3103 4617 3265 4689 514

1690 4704 1815 4742 cum
1870 4689 1986 4756 Dei,
2033 4696 2126 4763 qui
2187 4696 2354 4768 legem
2416 4700 2517 4769 ipsi
2575 4702 2858 4772 imposuit.
2916 4706 3032 4761 Non
3087 4711 3263 4763 valeat

1689 4781 2135 4850 imaginationem
2181 4790 2494 4860 suscipere;
2554 4795 2822 4865 siquidem
2874 4798 3096 4855 claritas
3146 4802 3257 4867 illa,

1686 4876 1860 4942 posita
1889 4876 2191 4943 privatione
2214 4884 2458 4937 omnium
2483 4888 2764 4942 notionum
2791 4890 2856 4944 de
2884 4891 3067 4955 rebus,
3090 4894 3258 4949 animi

1686 4967 2015 5037 principatui
2040 4984 2344 5040 opportune
2367 4979 2633 5032 orationis
2660 4990 2899 5049 tempore
2927 4986 3081 5053 quasi
3114 5002 3256 5055 pra-

1686 5058 1951 5112 tereundo
1980 5072 2225 5129 apparet.
2263 5064 2437 5119 Homo
2465 5084 2571 5122 non
2602 5070 2834 5139 deponet
2868 5089 3104 5143 unquam
3140 5093 3255 5131 me-

1687 5148 1892 5201 morias
1945 5152 2294 5217 passionibus
2343 5158 2597 5225 percitas,
2632 5160 2675 5213 si
2710 5165 3163 5233 concupiscentia
3200 5179 3255 5223 et

1684 5239 1984 5295 iracundia
2016 5256 2206 5296 curam
2252 5260 2361 5299 non
2404 5249 2660 5316 gesserit;
2692 5250 2841 5306 illam
2873 5255 3091 5323 quidem
3118 5257 3255 5328 jeju-

1682 5332 1790 5386 niis
1817 5342 1870 5386 et
1895 5333 2116 5403 vigiliis,
2154 5344 2208 5389 et
2239 5337 2393 5392 humi
2428 5342 2678 5397 cubando
2722 5359 3075 5415 consumens,
3107 5350 3252 5408 hanc

1679 5442 1811 5482 vero
1854 5428 2283 5498 longanimitatis
2317 5432 2549 5499 actibus,
2590 5443 2643 5490 et
2683 5438 2972 5495 oblivionis
3013 5442 3248 5513 injuria,

1680 5534 1743 5575 ac
1772 5520 2134 5592 eleemosynis
2163 5524 2594 5580 mansuefaciens
2630 5546 2644 5582 :
2674 5545 2741 5583 ex
2773 5530 2858 5585 his
2885 5533 3084 5604 quippe
3110 5536 3248 5591 dua—

1678 5613 1782 5668 bus
1828 5614 2177 5683 passionibus
2208 5631 2398 5673 omnes
2442 5618 2554 5674 fere
2598 5621 2946 5680 damoniales
2994 5636 3249 5684 constant

1678 5704 2053 5775 cogitationes,
2083 5724 2205 5780 qua
2228 5720 2465 5767 mentem
2486 5714 2538 5768 in
2557 5713 2781 5770 exitium
2802 5731 2865 5772 ac
2888 5719 3254 5788 perditionem.

1683 5799 1966 5853 inducunt.
