3808 6226
480 282 621 345 1203

1087 396 1316 454 CAPUT
1354 398 1443 455 Ill.

545 509 693 566 Fieri
748 522 933 568 autem
982 527 1095 569 non
1149 522 1347 585 potest,
1396 523 1458 570 ut
1501 516 1628 586 quis
1669 515 2050 589 hujuscemodi

473 602 825 674 passionibus
855 606 1107 677 superior
1132 608 1344 674 evadat,
1380 607 1487 663 nisi
1516 607 1739 664 omnino
1771 623 1947 675 escas,
1994 620 2051 666 et

474 695 755 766 pecunias,
784 705 837 752 et
862 698 1088 770 gloriam
1112 699 1399 769 despiciat,
1424 701 1602 758 adhuc
1630 703 1817 767 etiam,
1844 712 1903 760 et
1924 718 2050 773 pro-

472 788 657 858 prium
703 804 927 860 corpus,
973 800 1195 863 propter
1240 808 1356 859 eos,
1407 793 1511 865 qui
1552 804 1821 850 conantur
1868 796 2048 866 ipsum

473 888 623 942 velut
658 887 903 957 colaphis
949 898 1235 958 percutere
1270 905 1285 941 :
1320 904 1608 945 necessum
1653 892 1818 961 igitur
1865 892 2045 961 plane,

474 981 679 1038 imitari
723 980 1093 1051 periclitantes
1134 981 1188 1035 in
1234 983 1394 1043 mari,
1425 984 1541 1051 qui,
1582 992 1805 1053 propter
1841 984 2049 1039 violen-

471 1074 603 1131 tiam
643 1083 951 1139 ventorum,
1002 1073 1384 1144 undarumque
1428 1076 1849 1146 insurgentium,
1892 1090 2050 1131 vaso-

472 1180 597 1220 rum
639 1166 802 1221 etiam
831 1173 1057 1220 utuntur
1085 1165 1373 1236 ejectione.
1408 1165 1604 1221 Verum
1647 1167 1735 1222 hic
1763 1167 2050 1238 diligenter

472 1257 859 1313 attendendum
883 1296 899 1322 ,
932 1273 999 1312 ne
1028 1257 1169 1312 forte
1191 1300 1207 1322 ,
1242 1258 1372 1312 dum
1409 1271 1669 1312 vasorum
1702 1258 1906 1312 utimur
1934 1259 2048 1330 eje-

470 1349 675 1415 ctione,
732 1348 786 1405 id
829 1349 1115 1415 faciamus,
1158 1358 1217 1405 ut
1259 1351 1328 1404 ab
1378 1349 1695 1405 hominibus
1737 1350 2044 1418 videamur,

469 1440 919 1512 quandoquidem
992 1449 1237 1498 nostram
1300 1449 1646 1512 reportamus
1714 1442 2043 1509 mercedem,

470 1532 731 1606 aliudque
758 1547 861 1590 nos
886 1543 1254 1605 consequetur
1280 1532 1653 1605 naufragium,
1683 1533 1861 1603 primo
1885 1533 2046 1602 longe

469 1625 774 1692 molestius,
794 1640 919 1681 cum
946 1639 1141 1696 nempe
1165 1624 1377 1681 daemon
1397 1639 1429 1680 e
1451 1634 1650 1680 contra
1670 1624 1828 1680 nobis
1847 1639 2044 1679 vanam

1982 292 2043 354 S.
2067 293 2231 363 ΝΜ

2077 411 2127 472 Δ

3604 297 3727 360 12M

2752 411 3006 465 ΚΕΦΑΛ.
3048 409 3120 464 1";

2160 550 2165 555 ο
2237 518 2522 573 Ἀδύνατον
2559 519 2616 573 δέ
2662 536 2782 573 τινα
2813 521 2922 574 τῶν
2957 520 3146 575 παθῶν
3191 520 3402 577 τούτων
3450 524 3721 593 περιγενέ-

2154 606 2300 675 σθαι,
2332 608 2409 681 μὴ
2457 607 2737 673 παντελῶς
2770 608 3099 680 βρωμάτων,
3141 611 3240 665 καί⁸
3275 613 3607 683 χρημάτων,
3641 618 3721 667 καὶ

2150 697 2310 768 δόξης
2338 698 2682 769 ὑπεριδόντα,
2712 698 2874 753 ἔτιδὲ
2902 699 3003 754 καὶ
3046 701 3139 754 τοῦ
3174 702 3306 756 ίδίου
3348 704 3609 774 σώματος
3646 706 3722 759 διὰ

2149 790 2276 853 τοὺς
2309 790 2561 860 ῥαπίζειν
2608 792 2742 844 αὐτὸ
2785 792 3045 857 πολλάκις
3083 794 3539 866 ἐπιχειροῦνταςο
3586 801 3722 850 πᾶσα

2149 882 2243 937 οὕν
2286 884 2499 955 ἀνάγκη
2535 885 2820 955 μιμεῖσθαι
2859 887 2987 950 τοὺς
3038 888 3479 954 κινδυνεύοντας,
3532 891 3590 943 ἐν
3639 890 3723 943 θα-

2148 972 2352 1047 λάττῃ,
2400 974 2493 1028 καὶ
2543 974 2653 1034 τῶν
2698 976 2908 1030 σκευῶν
2955 976 3185 1047 ἐκβολὴν
3231 980 3603 1049 ποιουμένους
3644 981 3725 1033 διὰ

2147 1065 2248 1136 τὴν
2275 1064 2398 1136 βίαν
2422 1064 2533 1121 τῶν
2561 1066 2775 1137 ἀνέμων
2810 1068 2906 1121 καὶ
2934 1069 3040 1121 τῶν
3069 1069 3526 1141 ἐπανισταμένων
3553 1072 3721 1141 κυμά-

2146 1175 2280 1212 των.
2350 1157 2493 1213 Ἀλλ’
2548 1159 2782 1213 ἐνταῦθα
2822 1161 3153 1233 προσεκτέον
3202 1164 3475 1235 ἀκριϐῶς,
3540 1167 3723 1238 μήπως

2148 1250 2377 1323 ἐκϐολὴν
2402 1250 2719 1323 ποιούμενοι
2761 1252 2869 1309 τῶν
2905 1254 3135 1319 σκευῶν,
3173 1256 3307 1337 πρὸς
3340 1257 3403 1309 τὸ
3453 1257 3727 1311 θεαθείναι

2145 1344 2261 1407 τοῖς
2290 1342 2604 1415 ἀνθρώποις
2635 1346 2954 1416 ποιήσωμεν
2978 1364 2992 1377 ο
3037 1349 3159 1401 ἐπεὶ
3190 1348 3478 1421 ἀπέχομεν
3507 1351 3605 1406 τὸν
3641 1369 3723 1422 μι-

2150 1432 2277 1493 σθὸν
2326 1434 2506 1505 ἡμῶν,
2554 1435 2651 1495 καὶ
2699 1434 2829 1493 ἄλλο
2876 1435 2972 1489 τοῦ
3020 1438 3289 1508 προτέρου
3344 1438 3724 1512 χαλεπιὶιτερςν

2145 1525 2449 1591 διαδέξεται
2480 1527 2627 1598 ἡμᾶς
2658 1526 2938 1596 ναυάγιον,
2967 1529 3063 1583 τοῦ
3104 1529 3205 1598 τῆς
3251 1531 3571 1596 κενοδοξίας
3602 1535 3727 1604 ἡμῖν

2145 1614 2605 1679 ἀντιπνεύσαντος
2636 1615 2911 1687 δαίμονος.
2953 1618 3044 1677 Διὸ
3072 1620 3167 1673 καὶ
3188 1621 3216 1672 6
3241 1621 3450 1692 Κύριος
3476 1624 3641 1693 ἡμῶν
3674 1626 3727 1677 ἒν

471 1714 699 1785 gloriam
773 1716 1079 1771 insufilarit.
1157 1715 1364 1772 Idcirco
1419 1713 1683 1770 Dominus
1744 1725 1933 1770 noster
1985 1714 2041 1768 in

2155 1708 2264 1770 τοῖς
2313 1707 2687 1776 Εὑαγγελίοις,
2735 1710 2828 1768 τὸν
2884 1711 3224 1783 κυϐερνήτην
3257 1714 3386 1767 νοῦν
3428 1715 3725 1780 παιδεύων,

471 1800 781 1874 Evangeliis
829 1805 1250 1859 moderatricem
1302 1805 1581 1861 instruens
1613 1812 1876 1870 mentem,
1916 1805 1995 1860 ait
2027 1822 2041 1859 :

475 1910 498 1946 ε
536 1892 833 1960 Attendite,
865 1910 934 1950 ne
980 1894 1196 1950 faciatis
1234 1895 1640 1966 eleemosynam
1665 1903 1903 1950 vestram
1948 1910 2046 1952 co-

468 1997 589 2039 ram
621 1984 954 2050 hominibus,
986 1997 1048 2041 ut
1078 1985 1148 2041 ab
1178 1986 1309 2056 ipsis
1336 1984 1771 2056 conspiciamini,
1803 1986 2045 2058 alioquin

468 2076 779 2132 mercedem
807 2075 972 2147 515
1001 2092 1109 2131 non
1153 2076 1420 2132 habebitis
1450 2091 1483 2131 a
1515 2074 1676 2131 Patre
1701 2083 1905 2142 vestro,
1950 2079 2047 2148 qui

466 2177 551 2223 est
574 2167 627 2222 in
648 2167 803 2224 ccelis
829 2168 847 2200 ³
887 2187 905 2220 ι
938 2178 993 2223 et
1020 2184 1212 2224 rursus
1240 2186 1253 2223 :
1290 2187 1308 2221 ι
1345 2166 1581 2235 Quando
1600 2154 1771 2224 oratis
1802 2167 2044 2241 (inquit),

466 2275 578 2315 non
608 2259 765 2316 eritis
789 2259 933 2316 sicut
960 2260 1280 2331 hypocrita,
1307 2260 1405 2333 qui
1424 2268 1610 2316 amant
1638 2258 1694 2314 in
1727 2261 2043 2332 synagogis,

464 2359 520 2406 et
546 2352 601 2407 in
644 2352 860 2422 angulis
888 2353 1192 2423 platearum
1222 2362 1431 2410 stantes
1457 2367 1637 2416 orare,
1669 2361 1730 2407 ut
1759 2352 2048 2410 videantur

466 2444 537 2499 ab
574 2444 889 2500 hominibus
912 2462 938 2512 ;-
966 2460 1125 2501 amen
1164 2446 1289 2501 dice
1320 2446 1502 2512 vobis,
1534 2446 1682 2517 quod
1724 2456 2051 2516 receperunt

464 2536 774 2592 mercedem
805 2552 961 2593 suam
983 2539 1025 2594 ³.
1055 2557 1075 2591 ι
1095 2537 1163 2594 Et
1185 2539 1383 2600 iterum
1420 2539 1553 2596 dicit
1572 2546 1631 2596 ε’(
1652 2539 1884 2609 Quando
1904 2538 2049 2610 jeju-

465 2625 631 2688 natis,
656 2640 726 2681 ne
752 2624 877 2683 sitis
914 2626 1060 2683 sicut
1088 2627 1389 2701 hypocrita:
1418 2630 1645 2705 tristes,
1676 2629 2049 2693 exterminant

465 2718 612 2773 enim
640 2718 810 2777 facies
834 2735 965 2776 suas
986 2760 1014 2787 ,_
1042 2731 1101 2776 ut
1138 2722 1427 2779 videantur
1448 2723 1769 2786 hominibus
1793 2724 2047 2801 jejunan-

464 2820 584 2880 tes;
605 2827 765 2868 amen
780 2813 903 2869 dico
920 2814 1103 2880 vobis,
1115 2826 1439 2887 receperunt
1459 2819 1763 2876 mercedem
1778 2835 1933 2875 suam
1952 2818 1994 2872 ³.
2020 2836 2040 2870 ι

467 2908 672 2967 Verum
712 2912 803 2969 hic
845 2912 1231 2967 attendendum
1279 2914 1493 2969 medico
1540 2917 1886 2985 animarum,
1908 2929 2046 2985 quo-

466 3006 633 3061 modo
668 3022 764 3077 per
790 3005 1189 3075 eleemosynam
1215 3014 1372 3059 curat
1401 3005 1764 3074 iracundiam,
1792 3020 1888 3077 per
1913 3021 2040 3060 ora-

465 3098 674 3154 tionem
704 3106 886 3160 au.tem
918 3104 1183 3173 expurgat
1212 3109 1468 3163 mentem,
1502 3107 1559 3153 et
1578 3098 1759 3154 denuo
1790 3114 1884 3169 per
1905 3097 2045 3173 jeju-

467 3189 621 3245 nium
669 3188 949 3245 tabescere
1006 3186 1135 3243 facit
1177 3188 1703 3262 concupiscentiam,
1754 3204 1786 3245 e
1841 3189 2043 3259 quibus

465 3289 684 3339 constat
719 3295 895 3337 novus
919 3278 1107 3344 homo,
1138 3288 1432 3337 renovatus
1466 3279 1534 3333 ad
1574 3278 1865 3349 imaginem
1897 3280 2040 3351 ejus,

466 3374 561 3445 qui
592 3373 772 3443 ipsum
803 3369 1030 3435 creavit,
1073 3368 1130 3423 in
1167 3383 1299 3439 quo,
1327 3368 1403 3429 ob
1432 3378 1680 3424 sanctam
1719 3369 2042 3440 passionum

464 3466 817 3531 vacuitatem.
866 3479 976 3518 non
1022 3471 1109 3518 est
1138 3477 1289 3528 mas,
1326 3470 1381 3519 et
1428 3460 1653 3526 femina,
1702 3470 1775 3526 et,
1825 3471 2044 3532 propter

467 3572 633 3613 unam
663 3557 843 3618 fidem,
874 3561 930 3610 et
959 3552 1299 3617 charitatem,
1332 3566 1441 3609 non
1472 3561 1557 3608 est
1583 3551 1822 3623 gentilis,
1848 3538 1917 3607 (et
1945 3550 2043 3606 Ju-

465 3649 640 3708 daeus.
670 3645 1038 3711 circumcisio,
1055 3652 1110 3700 et
1132 3645 1484 3716 praeputium,
1498 3643 1794 3709 Barbarus,
1815 3643 2040 3715 Scytha,

465 3750 739 3801 servuset
773 3738 931 3805 liber,
968 3737 1060 3792 sed
1105 3736 1291 3828 omnia
1320 3736 1377 3797 in
1422 3737 1682 3798 omnibus
1716 3736 1969 3792 Christus
1998 3737 2046 3800 '.

1066 3931 1299 3990 CAP-UT
1350 3932 1441 3992 IV.

538 4047 930 4119 lnquirendum
952 4061 1106 4114 vero,
1139 4048 1419 4117 quomodo
1448 4047 1500 4102 in
1539 4048 2048 4119 imaginationibus,

466 4154 591 4209 quae
617 4152 714 4207 per
737 4152 994 4195 somnum
1020 4138 1363 4208 contingunt,
1388 4137 1660 4193 daemones
1683 4141 1853 4194 nostri
1873 4139 2049 4201 animi

464 4230 828 4303 principatum
845 4229 1002 4299 impri
1010 4230 1204 4285 mendo
1217 4230 1527 4296 ell‘ormeut;
1547 4230 1759 4289 videtur
1774 4231 1920 4287 enim
1938 4234 2042 4287 hoc

2157 1816 2178 1852 ‹
2242 1798 2579 1870 Προσέχετε,
2632 1803 2817 1871 φησὶν,
2868 1801 2970 1873 τὴν
3016 1802 3393 1875 ἐλεημοσύνην
3445 1806 3609 1877 ήμῶν
3656 1809 3729 1879 μὴ

2149 1893 2322 1944 ποιεῖν
2362 1890 2673 1962 ἔμπροσθεν
2701 1891 2817 1947 τῶν
2853 1892 3159 1964 ἀνθρώπων
3189 1896 3329 1965 πρὸς
3354 1896 3419 1948 τὸ
3453 1897 3731 1953 θεαθείναι

2147 1982 2352 2048 αὐτοῖς,
2386 1985 2435 2036 εί
2456 1983 2513 2041 δὲ
2548 1984 2689 2055 μήγε
2714 1984 2904 2054 μισθὸν
2930 1985 3030 2037 οὐκ
3062 1985 3213 2056 ἔχετε
3253 1986 3410 2057 παρὰ
3434 1986 3522 2058 τῷ
3560 1991 3735 2059 Πατρῑ

2148 2075 2302 2146 ὑμῶν
2347 2075 2424 2145 τῷ
2462 2077 2520 2128 ὲν
2558 2079 2669 2139 τοῖς
2712 2077 2982 2147 οὐρανοῖς.
3036 2095 3062 2129 »τ
3107 2077 3221 2135 Καὶ
3251 2078 3453 2131 πάλιν·
3510 2098 3531 2130 ε
3566 2080 3730 2132 Ὅταν

2147 2166 2548 2237 προσεύχησθε,
2579 2169 2767 2239 φησὶν,
2801 2170 2901 2222 οὐκ
2942 2168 3130 2229 ἔσεσθε
3168 2169 3360 2240 ῶσπερ
3399 2172 3452 2222 οἱ
3495 2170 3731 2243 ὐποκριη

2145 2261 2259 2324 ταὶ,
2292 2261 2374 2313 ὃτι
2422 2259 2669 2329 φιλοῦσιν
2719 2263 2776 2314 ὲν
2822 2263 2943 2323 ταῖς
2981 2263 3343 2329 συναγωγαῖς,
3380 2262 3477 2314 καὶ
3508 2263 3583 2313 ἐν
3615 2265 3732 2325 ταῖς

2148 2353 2375 2422 γωνίαις
2412 2352 2529 2412 τῶν⁴
2554 2352 2827 2405 πλατειῶν
2855 2352 3092 2416 ἑστῶτες
3123 2353 3554 2424 προσεύχεσθαι,
3586 2356 3732 2418 ὅπως

2149 2445 2361 2517 φανῶσι
2405 2447 2519 2508 τοῖς
2561 2443 2897 2516 ἀνθρὼποις’
2935 2444 3082 2514 ἀμὴν
3116 2445 3261 2513 λέγω
3293 2445 3447 2515 ὑμῖν,
3492 2447 3580 2499 ὅτι
3626 2447 3731 2499 ὰπη

2147 2540 2329 2610 έχουσι
2351 2538 2443 2592 τὸν
2475 2538 2665 2610 μισθὸν
2698 2538 2898 2594 αὐτῶν.
2925 2557 2944 2590 ι
2980 2540 3091 2593 Καὶ
3121 2539 3281 2594 πάλιν
3304 2540 3482 2610 λέγει’
3512 2559 3533 2592 ι
3566 2542 3734 2594 Ὅταν

2149 2632 2475 2705 νηστεύητε,
2523 2632 2598 2702 μὴ
2648 2632 2889 2699 γίνεσθε,
2934 2630 3122 2702 ὥσπερ
3166 2634 3215 2686 οἱ
3255 2633 3560 2703 ὑποκριταὶ
3607 2650 3733 2686 axu-

2148 2723 2377 2795 θρωποίο
2412 2722 2736 2792 ἀφανίζουσι
2783 2724 2892 2795 γὰρ
2926 2723 2994 2778 τὰ
3022 2725 3293 2795 πρόσωπα
3337 2726 3545 2789 αὐτῶν,
3581 2726 3734 2789 ὅπως

2147 2812 2359 2882 φανῶσι
2407 2817 2521 2879 τοῖς
2589 2814 2899 2885 ἀνθρώποις
2959 2815 3341 2886 νηστεύοντεςο
3387 2816 3539 2888 ἀμὴν
3585 2816 3735 2885 λέγω

2147 2904 2296 2975 ὑμῖν,
2336 2905 2631 2974 ἀπέχουσιν
2674 2906 2768 2958 τὸν
2806 2905 2997 2977 μισθὸν
3038 2906 3240 2961 αὐτῶν.
3287 2924 3306 2958 ι
3359 2906 3524 2961 ’Δλλὰ
3561 2924 3735 2978 προσ-

2149 3001 2337 3055 εκτέον
2368 3000 2603 3056 ὲνταῦθα
2632 2999 2711 3072 τῷ
2748 3000 2917 3073 ἰατρῷ
2958 3000 3067 3054 τῶν
3090 3000 3298 3071 ψυχῶν,
3345 3001 3467 3066 πῶς
3498 3001 3588 3055 διὰ
3633 3002 3744 3072 μὲν⁴

2144 3095 2243 3164 τῆς
2284 3093 2658 3166 ἐλεημοσύνης
2689 3093 2782 3147 τὸν
2820 3092 2991 3164 θυμὸν
3025 3091 3344 3164 θεραπεύει,
3386 3093 3483 3147 διὰ
3527 3094 3586 3148 δὲ
3633 3094 3732 3163 τῆς

2144 3186 2455 3257 προσευχῆς
2499 3186 2592 3239 τὸν
2622 3184 2749 3240 νοῦν
2796 3185 3106 3257 καθαρίζει,
3153 3188 3246 3239 καὶ
3285 3185 3453 3240 πάλιν
3504 3186 3595 3240 διὰ
3632 3190 3731 3257 τῆς

2144 3277 2399 3347 νηστείας
2426 3277 2527 3349 τὴν
2577 3277 2873 3350 ἐπιθυμίαν
2900 3278 3325 3349 καταμαραίνει,
3372 3279 3435 3344 ἐξ
3478 3272 3558 3332 ὧν
3603 3296 3731 3330 συν⁹

2147 3368 2364 3423 ίσταται
2396 3371 2429 3423 ὀ
2452 3368 2573 3434 νέος
2620 3370 2926 3441 ἄνθρωπος,
2955 3372 2985 3425 6
3006 3371 3467 3442 ἀνακαινούμενος
3498 3370 3624 3424 κατ’
3656 3373 3735 3424 εξ-

2143 3462 2277 3517 κὸνα
2314 3462 2408 3516 τοῦ
2451 3463 2739 3527 κτίσαντος
2762 3463 2946 3528 αὐτὸν,
2990 3464 3048 3517 ἐν
3091 3456 3136 3532 ᾧ
3182 3464 3285 3516 ούκ
3324 3462 3441 3515 ἔστι
3487 3462 3580 3516 διὰ
3633 3461 3735 3533 τὴν

2144 3553 2307 3622 ἁγίαν
2334 3554 2606 3609 ἀπάθειαν
2643 3556 2831 3627 ἄρσεν,
2859 3556 2953 3609 καὶ
2980 3555 3150 3628 θῆλυ,
3192 3554 3315 3609 οὐδὲ
3344 3554 3435 3607 διὰ
3463 3552 3567 3625 τὴν
3599 3554 3734 3622 μίαν

2142 3647 2346 3713 πίστιν,
2368 3647 2463 3701 καὶ
2486 3648 2730 3718 ἀγάπην,
2761 3648 2983 3719 Ἕλλην,
3011 3649 3104 3701 καὶ
3136 3648 3409 3712 Ἰουδαῖος,
3426 3664 3495 3699 πε
3507 3646 3731 3717 ριτομὴ,

2142 3741 2239 3794 καὶ
2299 3740 2654 3811 ἀκροϐυστία,
2713 3740 3018 3812 Βάρῦαρος,
3068 3740 3303 3810 Σκύθης,
3357 3738 3574 3804 δοῦλος,
3637 3740 3734 3793 καὶ

2142 3833 2452 3905 ἐλεύθερος,
2478 3834 2616 3888 ἀλλὰ
2638 3834 2708 3889 τὰ
2741 3835 2921 3895 πάντα
2956 3837 3014 3887 ὲν
3058 3837 3197 3887 πᾶσι
3219 3834 3480 3905 Χριστός.

2786 3946 3038 3998 ΚΕΦΑΛ.
3078 3947 3152 3999 Δ’.

2215 4060 2485 4132 Ζητητέον
2509 4060 2566 4119 δὲ
2604 4059 2721 4122 πῶς
2750 4061 2807 4112 ὲν
2847 4063 2979 4127 ταῖς
3022 4060 3143 4116 καθ’
3176 4060 3343 4113 ὕπνον
3393 4060 3735 4127 φαντασίαις

2140 4152 2405 4207 τυποῦσιν
2435 4151 2592 4223 ἡμῶν
2624 4152 2686 4205 τὸ
2715 4152 3042 4222 ἡγεμονικὸν
3073 4153 3167 4205 καὶ
3200 4151 3649 4223 σχηματίζουσιν
3685 4154 3743 4204 οἱ

2141 4244 2395 4315 δαίμονες
2417 4258 2433 4273 °
2466 4244 2528 4303 τὸ
2554 4243 2665 4314 γὰρ
2692 4241 2936 4297 τοιοῦτον
2968 4242 3115 4296 ἔοικε
3155 4241 3479 4313 συμβαίνειν
3518 4241 3599 4312 τῷ
3633 4241 3734 4311 νῷ,

464 4323 579 4378 tale
600 4322 733 4393 quid
750 4322 917 4378 menti
934 4321 1199 4388 accidere,
1222 4332 1316 4377 aut
1332 4336 1431 4392 per
1451 4322 1640 4378 oculos
1658 4323 1910 4390 intuenti,
1944 4334 2040 4379 aut

2155 4339 2179 4409 ἢ
2231 4338 2298 4390 δι’
2333 4335 2636 4407 ὀφθαλμῶν
2678 4336 2898 4407 ὁρῶντι,
2946 4335 2981 4407 ἢ
3030 4335 3099 4388 δι’
3143 4334 3315 4405 ἀκοῆς
3366 4333 3654 4398 ἀκούοντι,
3698 4333 3732 4402 ἦ

464 4428 562 4483 per
586 4427 748 4469 aures
768 4411 1033 4485 audienti,
1053 4420 1149 4467 aut
1169 4427 1363 4467 rursus
1384 4427 1479 4482 per
1493 4428 1714 4467 sensum
1740 4424 1893 4473 certa
1906 4431 2045 4486 qua-.

465 4506 593 4562 dam
610 4506 872 4577 qualitate
896 4505 1200 4577 praeditum,
1216 4515 1311 4562 aut
1327 4521 1393 4560 ex
1414 4507 1837 4577 memoria,quze
1857 4509 2045 4581 impri-

465 4598 565 4655 mit
589 4598 1131 4670 animi.principatui,
1153 4615 1262 4654 non
1286 4614 1383 4671 per
1398 4615 1616 4670 corpus,
1644 4610 2039 4674 verumtamen,

464 4702 588 4757 quas
606 4703 702 4757 per
718 4688 1145 4757 corpusbabuit,
1168 4688 1262 4749 illa
1280 4689 1790 4760 commovet;.igitur
1810 4692 1941 4747 mihi
1959 4695 2042 4749 vi-

464 4779 663 4835 dentur
690 4779 987 4845 daemones,
1041 4781 1360 4840 memoriam
1403 4781 1697 4847 movendo,
1728 4782 2040 4853 imprimere

463 4871 631 4929 animi
648 4871 1002 4942 principatui;
1017 4872 1439 4929 instrumentum
1459 4872 1657 4943 quippe
1668 4888 1861 4933 sensus
1877 4876 2048 4951 513

465 4978 498 5019 a
519 4977 716 5023 somno
740 4964 1014 5020 detinetur
1026 4964 1287 5020 otiosum.
1316 4963 1529 5020 Rursus
1550 4980 1701 5035 ergo,
1736 4981 1845 5036 quo
1880 4980 2038 5037 pacto

466 5056 785 5113 memoriam
816 5067 1215 5123 commoveant,
1250 5055 1657 5128 inquirendum.
1676 5057 1759 5112 An
1787 5058 2039 5120 fortassis

466 5163 560 5218 per
584 5149 905 5219 passiones?
945 5150 1131 5205 ethoc
1162 5148 1512 5205 manifestum
1553 5149 1715 5217 inde,
1755 5153 1905 5222 quia,
1943 5156 2039 5225 qui

462 5243 585 5310 puri
604 5249 751 5307 sunt,
763 5242 1091 5312 minimeque
1106 5243 1324 5297 obnoxii
1341 5241 1706 5312 passionibus,
1723 5246 2036 5315 neutiquam

465 5332 680 5401 aliquid
716 5332 1029 5403 huiusmodi
1070 5335 1372 5404 patiuntur.
1410 5332 1508 5392 Est
1551 5344 1733 5388 autem
1762 5346 1817 5391 et
1858 5349 2038 5395 motus

463 5423 697 5492 quidam
734 5429 1011 5484 memoriae
1063 5428 1314 5498 simplex,
1366 5429 1461 5499 qui
1503 5441 1534 5480 a
1577 5428 1736 5485 nobis
1765 5429 1858 5497 fit,
1893 5442 2035 5487 auta

465 5517 671 5572 sanctis
719 5520 1111 5587 potestatibus,
1158 5536 1253 5591 per
1273 5538 1435 5593 quem
1481 5539 1869 5583 conversamur
1911 5542 2034 5581 cum

2147 4429 2307 4482 πάλιν
2332 4428 2400 4481 δι’
2431 4427 2739 4499 αἰσθήσεως
2772 4428 2953 4491 ποιᾶς,
2990 4427 3023 4498 ἢ
3056 4426 3166 4479 ἀπὸ
3197 4427 3297 4497 τῆς
3347 4425 3577 4496 μνήμης
3608 4426 3733 4493 ἥτις

2144 4521 2304 4572 τυποῖ
2329 4517 2427 4588 μὲν
2454 4517 2515 4570 τὸ
2534 4517 2888 4588 ⁴ἡγεμονικὸν,
2925 4517 2986 4571 ού
3016 4516 3103 4580 διὰ
3126 4516 3222 4571 τοῦ
3254 4516 3536 4587 σώματος,
3586 4516 3728 4584 πλὴν

2142 4612 2284 4682 ειπερ
2330 4610 2426 4675 6th
2450 4609 2544 4665 τοῦ
2580 4610 2829 4679 σώματος
2872 4609 3019 4682 ἔσχε,
3071 4609 3247 4663 ταῦτα
3297 4610 3462 4662 κινεῖ.
3521 4611 3587 4661 υἱ
3634 4604 3728 4660 οὖν

2139 4705 2392 4775 δαίμονες
2419 4702 2633 4757 ἐοίκασί
2665 4719 2756 4773 μοι
2780 4702 2879 4774 τὴν
2910 4702 3135 4774 μνήμην
3177 4699 3497 4765 κινοῦντες,
3523 4699 3727 4753 ωποῦν

2141 4797 2203 4849 τὸ
2231 4793 2558 4866 ἡγεμονικόν
2578 4810 2592 4826 ’
2625 4794 2687 4847 τὸ
2711 4792 2819 4865 γὰρ
2849 4793 3084 4865 δργανον
3112 4792 3219 4845 ὑπὸ
3243 4791 3340 4844 τοῦ
3379 4791 3557 4844 ὕπνου
3598 4807 3730 4844 κατ-

2144 4887 2333 4957 ιιεχεταιὲ
2372 4884 2758 4957 ἀνενέργητον.
2816 4884 2941 4947 Πῶς
2985 4880 3078 4938 οὖν
3130 4884 3293 4937 πάλιν
3338 4885 3441 4955 τὴν
3501 4885 3726 4955 μνήμην

2144 4974 2352 5028 κινοῦσι
2380 4974 2660 5046 ζητητέον,
2689 4975 2722 5046 ἢ
2747 4976 2886 5047 τάχα
2915 4975 3003 5029 διὰ
3031 4975 3140 5029 τῶν
3172 4975 3399 5042 παθῶν;
3433 4976 3537 5037 καὶ
3570 4975 3729 5027 τοῦτο

2143 5066 2299 5138 δῆλον
2348 5067 2415 5121 ὲκ
2451 5066 2547 5119 τοῦ
2598 5069 2795 5137 μηκέτι
2836 5067 2963 5131 τοὺς
3007 5067 3303 5138 καθαροὺς,
3348 5067 3447 5121 καὶ
3492 5067 3729 5127 ἀπαθεῖς

2145 5161 2371 5230 πάσχειν
2399 5177 2452 5213 τι
2480 5159 2739 5214 τοιοῦτον.
2771 5161 2928 5223 Ἐστι
2974 5160 3031 5213 δὲ
3062 5162 3156 5214 καὶ
3185 5159 3403 5232 κίνησίς
3446 5176 3539 5222 τις
3579 5158 3739 5225 ἁπλῆν

2141 5251 2231 5322 ὕφ’
2284 5251 2444 5324 ἡμῶν
2495 5254 2777 5326 γινομένη,
2807 5253 2849 5325 ἦ
2876 5254 2981 5308 ὑπὸ
3016 5255 3190 5324 ἁγίων
3235 5254 3552 5323 δυνάμεων,
3603 5253 3731 5306 καθ’

2138 5343 2207 5415 ἢν
2233 5344 2409 5412 ἁγίοις
2432 5361 2493 5397 τε
2522 5348 2960 5418 συντυγχάνομεν
2997 5347 3058 5399 ἐν
3098 5350 3215 5413 τοῖς
3252 5346 3446 5410 ὕπνοις
3473 5347 3732 5415 καλάμι-

2139 5435 2360 5507 λοῦμεν,
2408 5436 2503 5499 καὶ
2554 5438 2979 5511 συνεστιῶμεθα.
3032 5439 3181 5512 Πλὴν
3230 5439 3597 5511 προσεκτέον,
3645 5440 3739 5497 ὅτι

2139 5526 2287 5600 ἅπερ
2319 5529 2457 5600 μετὰ
2487 5532 2581 5586 τοῦ
2614 5532 2863 5605 σώματος
2908 5535 2942 5606 ἡ
2974 5532 3122 5605 ψυχὴ
3162 5533 3470 5604 εἰσδέχεται
3501 5533 3739 5598 είδωλαλ

547 5696 562 5727 ¹
594 5694 783 5752 Matth.
813 5713 887 5766 vr,
920 5699 971 5753 ι.
1049 5701 1067 5732 ²
1098 5702 1230 5758 ibid.
1392 5705 1411 5735 ³
1450 5705 1585 5764 ibid.
1628 5707 1713 5766 16.
1791 5714 1814 5743 ⁵
1841 5710 2013 5768 Galat.
2049 5727 2131 5779 tu,
2166 5711 2252 5769 28.
