3808 6226
123 264 267 327 ηοξ)

1124 277 1221 337 DE
1268 278 1636 341 MALIGNlS
1675 284 2328 351 COGITATIONIBUS.

3238 292 3373 359 1206

119 374 301 425 ταῦτα
365 373 494 428 ἄνευ
537 376 627 430 τοῦ
678 379 988 453 σώματοςὴ
1025 386 1213 456 μνήμη
1259 392 1401 441 κινεῖ
1427 390 1703 445 καὶτοῦτο

1811 396 2011 451 sanctis
2045 397 2097 450 in
2126 400 2355 465 somnis,
2390 408 2444 455 et
2474 402 2855 474 colloquimur,
2889 411 2943 460 et
2974 405 3369 460 convaseimur.

122 465 300 533 σαφὲς
332 468 401 519 ἐκ
434 468 527 521 τοῦ
567 470 842 535 πολλάκις,
876 476 968 528 καὶ
996 477 1055 529 ἐν
1082 481 1191 541 τοῖς
1241 478 1428 544 ὕπνοις
1468 482 1699 552 πάσχειν

122 560 272 625 ἡμᾶς
320 559 485 613 τοῦτο
516 563 851 632 ἠρεμοῦντος
880 566 973 619 τοῦ
1024 568 1290 639 σώματος.
1325 572 1536 642 Ὥσπερ
1584 575 1697 628 ἔστι

122 649 232 716 γάρ
267 653 648 721 μνημονεῦσαι
681 654 892 720 ὕδατος,
925 660 1017 711 καὶ
1060 662 1195 729 μετὰ
1240 662 1419 732 δίψης,
1451 665 1545 718 καὶ
1573 666 1699 718 ἄνευ

121 741 285 811 δίψης
308 762 322 775 ·
357 744 529 807 οὕτως
558 745 672 800 ἔστι
704 750 1071 820 μνημονεῦσαι
1098 754 1319 823 χρυσίου
1351 756 1488 824 μετὰ
1515 756 1702 809 πλεον-

123 831 312 905 εξίας,
376 837 468 888 καὶ
526 836 657 889 ἄνευ
718 839 1051 905 πλεονεξίας,
1094 844 1187 896 καὶ
1239 847 1331 897 ἐπὶ
1376 847 1483 901 τῶν
1528 848 1701 902 ἄλλων

71 941 79 1004 :‘
124 922 479 991 πραγμάτων
509 925 792 990 ὡσαύτως.
844 929 917 981 Τὸ
967 930 1022 983 δὲ
1071 933 1342 1004 τοιάσδεῆ
1374 935 1585 989 τοιάσδε
1613 938 1703 990 εύ-

71 996 79 1007 “
128 1013 349 1082 ρίσκειν
403 1020 716 1085 φαντασιῶν
743 1020 1003 1093 διαφορὰς
1050 1023 1140 1075 τὸν
1176 996 1453 1096 νοῦνίτῆς
1481 1026 1703 1080 ἐκείνων

128 1108 497 1177 κακοτεχνίας
551 1110 667 1162 ἐστὶ
718 1112 1021 1184 γνώρισμα.
1090 1116 1240 1187 ’Ἅμα
1293 1117 1349 1171 δὲ
1405 1121 1495 1172 καὶ
1549 1120 1705 1175 τοῦτο

132 1198 333 1263 ἰστέον,
359 1201 442 1253 ὅτι
471 1202 694 1266 καὶτοῖς
713 1203 910 1268 ἔξωθεν
932 1207 1220 1278 πράγμασι
1250 1212 1539 1281 κέχρηνται
1572 1214 1706 1283 πρὸς

128 1289 229 1353 τὰς
264 1294 568 1359 φαντασίας
595 1297 644 1348 οἱ
672 1296 943 1366 δαίμονες,
974 1299 1049 1363 ὡς
1082 1302 1175 1353 ἐπὶ
1203 1302 1311 1356 τῶν
1336 1304 1602 1359 πλεόντων
1630 1307 1707 1377 τῷ

130 1380 250 1450 ἧχῳ
276 1382 389 1435 τῶν
419 1386 700 1452 κυμάτων.
736 1387 947 1457 Σφόδρα
975 1390 1053 1459 τῷ
1085 1391 1273 1462 σκοπῷ
1301 1393 1407 1446 τῶν
1436 1395 1706 1466 δαιμόνων

132 1476 160 1524 ὁ
189 1473 364 1543 θυμὸς
391 1475 550 1546 ἡμῶν
580 1478 947 1548 συμϐάλλεται
983 1483 1135 1553 παρὰ
1166 1485 1327 1551 φύσιν
1368 1489 1706 1558 κινούμενος,

1800 482 2183 541 Verumtamen
2224 491 2629 560 attendendum,
2663 495 2831 563 quod,
2857 510 2977 564 quae
3001 510 3123 550 cum
3148 510 3374 565 corpore

1800 574 1982 627 anima
2016 577 2245 647 suscipit
2275 581 2589 648 simulacra,
2618 599 2680 639 ea
2704 585 2908 655 absque
2932 599 3163 656 corpore
3193 596 3374 640 movet

1803 668 2082 733 memoria;
2124 671 2306 727 ethoc
2339 674 2577 730 dilucide
2623 687 2771 746 patet
2803 695 2867 732 ex
2897 694 2962 732 eo
2993 679 3138 747 quod
3176 682 3374 748 saepius

1801 759 1855 812 in
1886 762 2091 816 somnis
2126 764 2288 818 etiam
2330 783 2429 822 nos
2452 769 2597 823 istud
2646 771 2883 840 patimur
2908 814 2923 838 ,
2968 788 3194 842 corpore
3222 776 3374 844 quie-

1803 864 2007 909 scente.
2057 856 2526 921 Quemadmodum
2584 867 2730 918 enim
2781 866 3041 934 possibile
3090 876 3173 921 est
3226 882 3377 937 aqua:

1805 947 2138 1014 meminisse,
2172 961 2225 1003 et
2250 966 2373 1006 eum
2402 955 2514 1017 siti,
2537 963 2592 1010 et
2613 957 2817 1026 absque
2839 958 2949 1024 siti,
2982 958 3061 1013 sic
3082 975 3376 1029 possumus

1806 1039 2077 1093 recordari
2107 1043 2223 1095 auri
2248 1057 2371 1098 cum
2403 1048 2699 1116 cupiditate
2732 1048 2959 1103 habendi
2992 1051 3148 1115 illud,
3185 1063 3240 1105 et
3260 1053 3379 1107 sine

1807 1130 2133 1198 cupiditate;
2184 1144 2347 1203 atque
2382 1137 2633 1192 similiter
2676 1138 2797 1193 aliis
2844 1124 2910 1193 de
2960 1141 3143 1195 rebus.
3177 1140 3374 1197 Verum

1807 1222 1949 1287 quod
1984 1240 2134 1281 mens
2187 1227 2322 1283 tales
2359 1237 2455 1282 aut
2489 1229 2619 1283 tales
2653 1230 2892 1287 inveniat
2928 1232 3376 1301 imaginationum

1807 1312 2155 1382 differentias,
2182 1320 2395 1374 illarum
2423 1323 2683 1379 indicium
2704 1338 2791 1382 est
2806 1329 3074 1391 maleficii,
3104 1343 3199 1382 seu
3219 1328 3374 1391 artis,

1810 1418 1929 1472 qua:
1948 1408 2015 1461 ad
2040 1419 2282 1465 nostram
2308 1416 2649 1470 convertitur
2681 1420 2998 1487 perniciem.
3030 1419 3201 1474 Simul
3226 1434 3379 1479 vero,

1810 1505 1865 1554 et
1910 1500 2014 1553 hoc
2062 1502 2368 1567 sciendum,
2414 1508 2559 1575 quod
2606 1510 2879 1567 daemones
2920 1512 3169 1567 externis
3216 1516 3379 1565 etlam

134 1562 231 1614 καὶ
273 1565 412 1635 πρὸς
444 1568 622 1621 πᾶσαν
664 1570 847 1623 αὐτῶν
884 1575 1299 1645 κακομηχανίαν
1328 1576 1535 1644 γίνεται
1571 1598 1703 1652 χρη-

1813 1592 1976 1647 rebus
2005 1600 2235 1646 utuntur
2271 1594 2336 1647 ad
2382 1596 2797 1667 imaginationes
2829 1602 3170 1667 excitandas,
3214 1608 3294 1665 ut,
3328 1601 3378 1651 in

136 1653 468 1723 σιμώτατος,
492 1658 614 1711 ὅθεν
642 1658 877 1732 νύκτωρ,
900 1664 993 1716 καὶ
1019 1664 1137 1733 μεθ’
1166 1667 1383 1737 ἡμέραν
1410 1669 1708 1740 ταράσσειν

1812 1679 2211 1748 navigantibus,
2259 1684 2439 1737 sonitu
2483 1686 2767 1744 ﬂuctuum.
2804 1688 3168 1746 Vehementer
3199 1699 3380 1743 autem

133 1744 322 1800 τοῦτον
372 1749 551 1813 οὐδεὶς
595 1752 776 1805 αὐτῶν
806 1758 1175 1826 παραιτεῖται,
1208 1758 1323 1811 ἀλλ’
1351 1760 1479 1814 ὅταν
1522 1762 1703 1815 ἴδωσιν

1810 1770 2114 1826 daemonum
2139 1770 2406 1830 intentum
2427 1779 2685 1850 juvatjra
2709 1793 2890 1838 nostra
2913 1794 3108 1854 praeter
3128 1792 3379 1838 naturam

132 1837 299 1890 αὐτὸν
342 1840 566 1895 δεθέντα
598 1844 885 1915 πραότητι,
920 1846 981 1899 τὸ
1017 1848 1318 1917 τηνικαῦτα
1351 1851 1443 1904 ἐπὶ
1471 1852 1707 1917 δικαίαις

134 1933 473 2002 προφάσεσιν
518 1935 680 1998 εὐθὺς
730 1937 892 1991 αὐτὸν
940 1939 1296 2006 ἀπολύουσιν,
1333 1942 1419 1997 ἵνα
1455 1942 1707 2015 ὀξύτερος

132 2022 395 2091 γεγονὼς,
427 2027 519 2079 καὶ
547 2026 683 2097 πρὸς
718 2028 845 2092 τοὺς
878 2028 1163 2101 θηριώδεις
1197 2032 1489 2104 λογισμοὺς
1528 2037 1705 2089 αὐτῶν

134 2115 466 2186 χρησιμεύῃ,
497 2116 685 2190 διόπερ
714 2119 947 2190 ἀνάγκη,
983 2122 1118 2190 μήτε
1148 2123 1397 2190 δικαίοις,
1433 2127 1571 2197 μήτε
1618 2127 1704 2180 ἐπ’

131 2202 341 2269 ἀδίκοις
362 2206 684 2277 πράγμασιν
713 2211 843 2264 αὐτὸ
872 2212 1153 2279 ἐρεθίζειν,
1184 2217 1322 2285 μήτε
1353 2217 1522 2271 κακὸν
1554 2217 1703 2287 ξίφος

132 2293 328 2351 διδόναι
356 2301 470 2363 τοῖς
514 2301 924 2358 ὑποϐάλλουσιν.
968 2305 1145 2378 Ὅπερ
1189 2308 1449 2373 πολλάκις
1478 2310 1702 2376 πολλοὺς

132 2390 422 2456 ποιοῦντας
451 2393 771 2467 ἐπίσταμαι,
809 2398 904 2451 καὶ
935 2397 1095 2452 πλέον
1126 2399 1160 2470 ἢ
1192 2400 1318 2472 χρὴ,
1349 2402 1441 2455 ἐπὶ
1481 2406 1701 2475 μικραῖς

131 2478 544 2554 ἁναπτομένους
573 2488 930 2558 προφάσεσιν.

1812 1875 2102 1926 commota,
2155 1872 2209 1917 et
2241 1870 2307 1923 ad
2342 1886 2556 1926 omnem
2605 1873 2847 1943 ipsorum
2902 1877 3099 1953 malam
3155 1874 3383 1929 fraudu-

1810 1953 2030 2012 lentiam
2076 1963 2254 2018 evadit
2303 1964 2604 2033 aptissima,
2651 1968 2792 2021 unde
2836 1977 3025 2034 noctu,
3063 1977 3118 2023 et
3147 1968 3379 2024 interdiu

1810 2045 1981 2115 ipsam
2016 2053 2236 2109 turbare
2285 2056 2467 2110 nullus
2521 2072 2709 2112 eorum
2747 2068 2983 2125 recusat,
3019 2060 3115 2115 sed
3164 2061 3381 2131 quando

1810 2136 2042 2194 viderint
2076 2158 2194 2198 eam
2240 2149 2660 2203 mansuetudine
2701 2149 2982 2220 illigatam,
3027 2160 3158 2206 tunc
3201 2150 3381 2220 justos

1808 2228 1879 2283 ob
1908 2242 2203 2299 praetextus
2245 2238 2533 2294 confestim
2581 2240 2726 2296 illam
2767 2244 3076 2309 exsolvunt,
3106 2254 3165 2298 ut
3190 2242 3379 2298 effecta

1808 2322 1980 2390 magis
2012 2335 2191 2391 acuta,
2224 2330 2291 2383 ad
2320 2328 2524 2386 ferinas
2553 2334 2720 2386 etiam
2749 2334 2989 2403 ipsorum
3020 2336 3380 2406 cogitationes

1806 2418 2267 2486 accommodetur;
2293 2421 2453 2492 517
2487 2424 2610 2477 ideo
2637 2439 2922 2481 necessum
2948 2435 3051 2493 est,
3085 2442 3186 2483 nec
3213 2428 3380 2497 justis

1807 2516 1907 2557 nec
1937 2504 2155 2575 injustis
2183 2511 2250 2568 de
2290 2514 2455 2569 rebus
2484 2528 2603 2569 eam
2658 2517 2893 2582 irritare,
2940 2534 3114 2590 neque
3154 2520 3380 2576 noxium

130 2588 317 2633 ensem
350 2580 592 2650 praebere
624 2586 1078 2655 suggerentibus;
1140 2588 1285 2660 quod
1336 2605 1575 2660 persaepe
1613 2590 1817 2649 multos
1856 2596 2047 2658 fecisse
2089 2606 2236 2673 novi,
2277 2616 2331 2662 et
2361 2608 2484 2678 plus
2525 2626 2689 2678 quam
2749 2580 3043 2682 oporteret;
3084 2628 3281 2684 parvos
3310 2613 3382 2669 ob

131 2678 446 2738 praetextus,
477 2686 793 2730 succenses.

727 2795 974 2852 ΚΕΦΑΛ.
1036 2799 1112 2853 E'.

213 2881 389 2956 Ὑπὲρ
404 2884 550 2948 τίνος
574 2886 838 2959 γὰρ,είπέ
870 2906 983 2959 μοι,
1000 2890 1094 2943 καὶ
1114 2891 1475 2959 προσπίπτεις
1502 2892 1709 2962 ταχέως

2419 2816 2649 2874 CAPUT
2689 2816 2753 2874 ν.

1866 2893 2076 2952 Etenim
2114 2900 2202 2957 die
2225 2902 2387 2957 etiam
2427 2905 2581 2971 mihi,
2625 2921 2795 2977 quare
2853 2906 3103 2963 celeriter
3136 2909 3378 2980 procidis

134 2976 212 3041 είς
241 2978 448 3048 μάχην,
479 2980 635 3049 εἴπερ
665 2979 990 3051 βρωμάτων,
1022 2983 1115 3035 καὶ
1145 2982 1322 3054 δόξης,
1355 2985 1449 3037 καὶ
1485 2986 1703 3055 χρημά-

1810 2985 1861 3039 in
1894 3003 2092 3059 pugna,
2136 2993 2402 3063 siquidem
2442 3011 2623 3064 escas,
2656 3006 2711 3053 et
2739 2998 2991 3070 gloriam,
3029 3008 3084 3055 et
3120 2976 3381 3070 pecunias

135 3089 240 3126 των
269 3074 799 3146 καταπεφρόνηκας;
830 3078 884 3129 τί
921 3077 979 3131 δὲ
1018 3078 1240 3147 τρέφεις
1278 3078 1369 3131 τὸν
1407 3079 1566 3141 κύνα,
1600 3097 1706 3150 μη-

134 3160 220 3216 δὲν
248 3164 396 3235 ἔχειν
424 3165 889 3236 ἐπαγγελλόμενος
914 3185 929 3234 ;
964 3168 1026 3221 El
1056 3168 1114 3221 δὲ
1142 3162 1292 3231 οὗτος
1323 3168 1564 3234 ὑλακτεῖ,
1611 3171 1704 3224 καὶ

136 3257 246 3320 τοῖς
273 3257 586 3329 ἀνθρώποις
616 3260 928 3330 ἐπέρχεται,
954 3260 1219 3332 πρόδηλος
1249 3256 1302 3314 εἴ
1327 3261 1473 3315 ἔνδον
1502 3280 1702 3333 κεκτη-

141 3345 294 3413 μένος
322 3349 469 3415 τινὰ,
505 3350 599 3403 καὶ
638 3350 810 3404 ταῦτα.
844 3350 1139 3419 φυλάσσειν
1168 3351 1507 3424 βουλόμενος.
1561 3354 1703 3406 Ἀλλ’

140 3436 245 3504 ἐγὼ
286 3440 381 3493 τὸν
417 3442 657 3495 τοιοῦτον
705 3443 924 3513 μακρὰν
963 3443 1209 3513 καθαρᾶς
1251 3446 1556 3518 προσευχῆς
1585 3448 1704 3500 πεί-

139 3525 299 3599 θομαι
343 3528 483 3588 εἶναι
514 3535 769 3605 λυμεῶνα
812 3536 901 3591 τὸν
934 3537 1105 3608 θυμὸν
1149 3539 1251 3610 τῆς
1291 3540 1551 3612 τοιαύτης
1581 3544 1702 3596 ἐπι-

144 3619 427 3690 στάμενος.
480 3623 624 3695 Πρὸς
656 3624 713 3678 δὲ
745 3625 954 3688 τούτοις
1003 3626 1287 3699 θαυμάζω,
1334 3630 1410 3694 ὡς
1458 3631 1552 3685 καὶ
1593 3631 1704 3687 τῶν

143 3711 308 3779 ἁγίων
338 3715 797 3788 ὲπιλελησμένων,
818 3718 909 3772 τοῦ
928 3719 1026 3791 μὲν
1043 3720 1206 3775 Δαϐὶδ
1234 3720 1484 3791 βοῶντος,
1512 3741 1530 3774 ι
1555 3722 1701 3777 Παῦ-

146 3820 230 3858 σαι
257 3807 367 3861 ἀπὺ
394 3808 590 3879 ὀργῆς,
622 3810 717 3863 καὶ
751 3810 1082 3879 ἐγκατάλιπε
1113 3810 1301 3883 θυμόν·
1335 3833 1355 3867 ι
1388 3814 1483 3867 τοῦ
1510 3814 1568 3867 δὲ
1583 3816 1704 3870 Ἐκ-

145 3894 467 3965 κλησιαστοῦ
521 3901 1010 3970 παραγγέλλοντος,
1071 3921 1089 3955 ι
1151 3904 1482 3976 Ἀπόστησον
1534 3906 1703 3977 θυμὸν

142 3983 246 4039 ἀπὺ
272 3989 500 4058 καρδίας
531 4006 645 4055 σου,
686 3992 781 4045 καὶ
808 3993 1024 4063 πάραγε
1053 3996 1316 4065 πονηρίαν
1347 3997 1454 4051 ἀπὸ
1504 4000 1704 4068 σαρκός

146 4091 267 4131 σου·
305 4100 326 4132 ι
361 4081 454 4134 τοῦ
492 4081 551 4135 δὲ
602 4084 924 4138 Ἀποστόλου
970 4087 1427 4155 προστάσσοντος,
1467 4106 1485 4139 ι
1518 4090 1703 4158 Χωρὶς

143 4168 340 4243 ὀργῆς,
391 4174 486 4226 καὶ
530 4174 894 4246 διαλογισμῶν
941 4179 1000 4228 ἐν
1048 4178 1211 4231 παντὶ
1264 4180 1412 4249 τόπῳ
1456 4180 1703 4250 ἐπαίρειν

143 4260 287 4327 ὁσίας
316 4268 506 4335 χεῖρας
534 4266 669 4337 πρὸς
698 4268 1034 4335 Κύριον.ιΤί
1063 4269 1119 4322 δὲ
1140 4270 1201 4322 ού
1228 4270 1572 4341 μανθάνομεν
1596 4273 1703 4326 ἀπὸ

143 4352 237 4423 τῆς
260 4358 372 4410 τῶν
394 4357 696 4428 ἀνθρώπων
721 4360 1007 4430 μυστικῆς,
1040 4362 1138 4414 καί
1162 4363 1394 4425 παλαιᾶς
1420 4365 1706 4434 συνηθείας

144 4444 436 4521 διωκούσης
465 4453 529 4505 ὲκ
554 4452 662 4507 τῶν
677 4454 840 4507 οἴκων
868 4456 991 4517 τοὺς
1016 4454 1185 4519 κύνας
1212 4456 1270 4508 ὲν
1297 4455 1375 4526 τῷ
1402 4457 1577 4527 καιρῷ
1604 4458 1704 4528 τῆς

146 4545 464 4614 προσευχῆς,
495 4546 591 4597 καὶ
626 4545 787 4598 τοῦτο
835 4547 1234 4617 αὶνιττομένης,
1266 4550 1340 4611 ὡς
1369 4549 1429 4601 οὐ
1458 4549 1540 4602 δεῖ
1570 4567 1705 4619 συμ-

148 4634 379 4704 παρῆναι
425 4639 539 4699 τοῖς
596 4637 1051 4706 προσευχομένοις
1098 4638 1299 4708 θυμὸνς
1344 4640 1456 4693 Καὶ
1506 4639 1700 4693 πάλιν·

152 4736 170 4769 ι
222 4722 402 4794 Θυμδς
446 4726 752 4796 δρακόντων
798 4729 827 4780 ὁ
867 4722 1009 4791 οἶνος
1056 4728 1254 4783 αὐτῶν.
1295 4749 1313 4781 ι
1350 4731 1507 4784 Οἷνου
1558 4731 1613 4784 δὲ
1655 4734 1703 4785 οἱ

147 4810 428 4887 Ναζιραῖοι
475 4818 785 4888 ἀπείχοντο.
831 4820 1008 4891 Χολὴν
1055 4820 1112 4872 δὲ
1156 4824 1249 4875 καὶ
1275 4822 1444 4891 ὀσφὺν
1483 4826 1703 4896 ἄϐρωτα

148 4907 249 4967 τοῖς
295 4906 436 4971 Θεοῖς
462 4926 547 4971 τις
590 4909 703 4962 τῶν
743 4909 941 4977 ἔξωθεν
978 4912 1156 4980 σοφῶν
1192 4914 1508 4985 ἀπεφήνατο
1540 4914 1702 4981 εἶναι,

149 4994 241 5048 οὐκ
267 4998 442 5065 εἰδὼς,
482 4997 655 5072 οἴμαι,
699 5002 727 5055 ὃ
756 5002 960 5071 ἔλεγεν,
992 4997 1069 5057 ὧν
1107 5005 1170 5057 τὸ
1203 5007 1302 5077 μὲν
1331 5010 1518 5080 ὀργῆς,
1548 5010 1609 5063 τὸ
1647 5011 1703 5063 δὲ

150 5084 335 5156 ἀλόγου
384 5092 681 5162 ἐπιθυμίας
733 5094 907 5164 ἔγωγε
964 5097 1230 5167 σύμϐολον
1276 5095 1415 5153 εἶναι
1474 5102 1698 5170 νομίζω.

152 5175 277 5249 Περὶ
304 5182 361 5236 δὲ
398 5183 493 5237 τοῦ
525 5185 600 5256 μὴ
627 5186 738 5239 δεῖν
768 5190 1040 5259 μεριμνᾷν
1085 5190 1397 5259 ἐνδυμάτων
1430 5193 1635 5260 ἕνεκεν,
1667 5196 1699 5264 ἢ

155 5266 467 5344 βρωμάτων,
511 5279 762 5348 περιττὸν
804 5277 955 5350 οἶμαι
1002 5282 1062 5334 τὸ
1112 5283 1364 5353 γράφειν,
1395 5286 1561 5338 αὐτοῦ
1609 5288 1702 5340 τοῦ

156 5359 390 5437 Σωτῆρος
416 5371 448 5443 ἠ
459 5370 576 5438 μῶν
603 5372 661 5424 ὲν
690 5374 803 5433 τοῖς
831 5372 1182 5441 Εὑαγγελίοις
1210 5377 1703 5447 ἀπαγορεύσαντος,

165 5468 183 5503 ι
211 5455 296 5528 Μὴ
328 5464 699 5533 μεριμνήσητε
727 5464 857 5534 γὰρ,
891 5468 1039 5534 φησι,
1074 5469 1136 5536 τῇ
1166 5466 1310 5538 ψυχῇ
1342 5469 1494 5537 ὑμῶν
1523 5471 1574 5521 τί
1605 5471 1704 5538 φά-

158 5556 298 5616 γητε,
327 5552 358 5621 ἤ
392 5553 442 5604 τί
473 5553 632 5624 πίητε
665 5556 696 5625 ἢ
728 5556 780 5609 τί
807 5557 1204 5627 περιϐαλείσθε.
1247 5580 1265 5611 ι
1316 5560 1571 5615 Ἐθνικῶν
1600 5564 1707 5633 γὰρ

1737 4334 1784 4389 ι)

1809 3080 2142 3149 despexisti?
2171 3088 2362 3157 ecquid
2392 3097 2574 3145 autem
2616 3093 2794 3146 nutris
2823 3106 3039 3160 canem,
3089 3108 3212 3148 cum
3245 3093 3381 3147 nihil

1809 3174 2089 3241 possidere
2137 3178 2483 3246 profitearis?
2512 3181 2570 3236 Si
2613 3196 2744 3237 vero
2769 3182 2817 3238 is
2841 3183 3083 3246 allatret,
3116 3194 3171 3239 et
3204 3185 3256 3238 in
3277 3185 3379 3239 ho-

1810 3266 1983 3322 mines
2007 3267 2229 3334 insiliat,
2259 3270 2611 3327 manifestum
2640 3282 2745 3338 est,
2781 3275 2925 3344 quod
2952 3275 3101 3331 intus
3135 3275 3380 3345 possides

1811 3358 2015 3428 aliqua,
2036 3375 2208 3432 eaque
2252 3364 2387 3419 velis
2419 3365 2713 3422 custodire.
2744 3364 2857 3437 Ego
2883 3382 3010 3422 vero
3039 3368 3185 3423 hunc
3219 3368 3381 3424 talem

1809 3452 2000 3520 procul
2051 3468 2083 3508 a
2148 3469 2285 3525 pura
2325 3457 2569 3513 oratione
2619 3458 2811 3514 abesse
2850 3458 2983 3513 mihi
3042 3461 3377 3529 persuadeo,

1810 3558 1933 3598 cum
1977 3546 2144 3615 probe
2174 3548 2369 3614 sciam,
2393 3548 2540 3619 quod
2567 3549 2851 3606 iracundia
2883 3552 3151 3607 orationis
3189 3552 3382 3621 hujus—

1811 3638 2022 3691 cemodi
2060 3639 2128 3694 sit
2167 3640 2302 3693 lues.
2349 3639 2574 3711 Insuper
2616 3643 2881 3707 admiror,
2935 3644 3080 3714 quod
3121 3653 3174 3698 et
3205 3645 3378 3699 sancti

1810 3727 2067 3783 oblivioni
2095 3728 2299 3788 fuerint
2329 3733 2590 3799 mandati,
2629 3744 2743 3789 tum
2776 3734 2967 3799 David,
3006 3736 3098 3804 qui
3144 3736 3378 3790 clamat:

1816 3819 2041 3875 «Desine
2061 3821 2130 3876 ab
2155 3822 2257 3886 ira,
2281 3833 2335 3878 et
2353 3824 2671 3896 derelinque
2688 3825 2923 3881 furorem
2945 3827 2986 3891 ⁶;
3003 3846 3019 3878 ι
3058 3837 3168 3881 tum
3197 3826 3381 3880 Eccle-

1811 3907 2007 3961 siastes
2056 3908 2148 3978 qui
2192 3910 2454 3981 praecipit:
2494 3931 2511 3963 ε
2535 3912 2705 3967 Aufer
2748 3913 2888 3968 iram
2921 3930 2950 3967 a
2977 3915 3141 3967 corde
3180 3922 3293 3978 tuo,
3327 3924 3381 3968 et

1810 4014 1999 4054 amove
2039 3999 2299 4056 malitiam
2331 4018 2362 4057 a
2412 4018 2576 4059 carne
2610 4018 2699 4060 tua
2737 4006 2786 4072 ⁶;
2819 4026 2838 4059 ι
2900 4014 3012 4060 tum
3064 4006 3377 4076 Apostolus,

1809 4094 1902 4165 qui
1954 4094 2194 4151 mandat:
2250 4115 2269 4149 ι
2301 4097 2521 4167 Absque
2573 4099 2881 4164 iracundia,
2923 4106 2977 4153 et
3029 4098 3380 4169 disceptatio-

1809 4189 1970 4244 nibus
2000 4190 2053 4245 in
2084 4191 2230 4244 omni
2262 4191 2383 4245 loco
2410 4192 2671 4248 extollere
2706 4202 2925 4247 sanctas
2958 4191 3245 4247 manusad
3275 4191 3383 4246 Do-
3404 4264 3421 4271 ἡ

1810 4283 2018 4337 minum
2037 4283 2077 4337 ⁷.
2102 4303 2120 4335 ι
2152 4284 2357 4355 Ecquid
2385 4299 2517 4340 vero
2548 4300 2655 4339 non
2679 4285 2970 4340 ediscimus
3004 4287 3071 4340 ab
3100 4284 3380 4339 hominum

1812 4376 2061 4445 mystica,
2105 4384 2160 4431 et
2199 4386 2410 4431 vetusta
2453 4378 2843 4432 consuetudine
2887 4378 3185 4447 depellendi
3217 4393 3382 4433 canes

1810 4485 1873 4522 ex
1900 4471 2108 4525 :edibus
2132 4480 2372 4541 tempore
2394 4471 2691 4536 orationis;
2728 4485 2850 4540 quze
2878 4470 3215 4525 consuetudo
3250 4469 3380 4524 illud

1811 4563 2147 4616 subobscure
2180 4562 2474 4627 indicabat,
2506 4562 2652 4631 quod
2692 4561 2949 4615 nimirum
2973 4574 3080 4613 non
3111 4568 3380 4629 eporteat,

1810 4655 1974 4709 simul
2008 4655 2199 4711 adesse
2227 4656 2515 4711 orantibus
2537 4654 2896 4710 iracundiam:
2926 4662 2979 4707 et
3002 4668 3214 4708 rursus:
3258 4671 3275 4703 ι
3297 4651 3379 4707 lra

1809 4748 2108 4802 draconum
2156 4747 2343 4801 vinum
2396 4747 2630 4802 eorum“.
2676 4765 2695 4798 ι
2723 4742 2865 4800 Vino
2917 4754 3098 4799 autem
3138 4744 3379 4799 abstine-

1811 4836 1943 4891 bant
1962 4837 2202 4892 Nazarazi
2225 4856 2237 4892 :
2257 4838 2353 4892 sed
2375 4845 2427 4892 et
2450 4838 2669 4907 quidam
2693 4851 2756 4891 ex
2773 4834 3047 4906 profanis,
3076 4848 3173 4890 seu
3201 4835 3379 4891 ethni-

1810 4930 1889 4985 cis
1930 4930 2265 4999 sapientibus
2305 4929 2609 4995 allirmavit,
2657 4929 2751 4995 fel,
2780 4939 2943 5000 atque
2989 4931 3080 4986 ilia
3130 4926 3236 4981 diis
3271 4944 3378 4983 non

1809 5032 1930 5071 esse
1964 5016 2345 5083 eomestibilia,
2386 5017 2636 5071 nesciens
2668 5015 2852 5087 518,
2898 5029 3029 5086 puto
3060 5020 3205 5089 quod
3233 5018 3380 5073 dice-

1810 5104 1920 5168 bat;
1964 5118 2196 5173 quorum
2237 5103 2367 5157 illud
2412 5102 2628 5172 quidem
2687 5105 3002 5173 iracundiae,
3056 5108 3159 5161 ista
3200 5116 3378 5160 autem

1810 5191 2062 5246 belluina:
2078 5191 2389 5260 cupiditatis
2412 5199 2567 5245 notas
2590 5203 2710 5245 esse
2732 5192 2987 5248 arbitror.
3020 5195 3174 5260 Quod
3198 5204 3377 5249 autem

1811 5300 1918 5340 non
1967 5294 2215 5355 oporteat
2259 5284 2547 5339 sollicitum
2616 5299 2737 5341 esse
2779 5286 2845 5341 de
2886 5287 3250 5353 indumentis,
3284 5298 3378 5342 aut

1810 5378 2029 5443 eduliis,
2066 5392 2527 5445 supervacaneum
2561 5379 2754 5448 opinor
2792 5378 3065 5445 scribere;
3098 5395 3221 5434 cum
3262 5380 3377 5451 ipse

1814 5472 2060 5526 Salvator
2102 5480 2285 5525 noster
2322 5471 2376 5524 in
2418 5469 2722 5543 Evangeliis
2762 5472 3159 5542 prohibuisset;
3200 5474 3378 5544 inquit

1812 5566 1955 5619 enim
1991 5583 2003 5618 :
2045 5581 2064 5613 ι
2101 5562 2278 5617 Nolite
2320 5562 2536 5619 solliciti
2568 5578 2685 5621 esse
2732 5565 2928 5621 animae
2981 5575 3192 5634 vestrm,
3247 5567 3379 5636 quid

224 5711 243 5744 ⁸
275 5710 415 5769 Psal.
457 5731 645 5782 χχχιι,
676 5720 727 5772 8.
807 5718 823 5745 ‘
870 5716 1047 5775 Eccle.
1092 5736 1166 5786 ιιι,
1206 5718 1286 5772 lO.
1364 5722 1381 5752 ⁷
1418 5719 1435 5773 Ι
1468 5721 1609 5777 Tim.
1648 5740 1703 5789 ll,

1862 5726 1881 5755 ⁸
1914 5722 2074 5780 Deut.
2105 5737 2276 5792 χχχιι,
2308 5721 2399 5778 55.
