3808 6226
398 266 531 331 1207

1937 276 2004 337 S.
2021 276 2188 337 NILI

3537 269 3683 345 120?

392 378 754 446 manducetis,
780 388 876 435 aut
892 380 1110 447 bibatis,
1137 392 1232 439 aut
1263 382 1601 452 induamini;
1632 402 1652 436 ι
1678 385 1783 440 hoc
1822 386 1969 441 enim

2097 388 2336 458 ἱντικρυς
2379 385 2561 453 τοῦτο,
2605 386 2703 439 καὶ
2732 386 2981 439 ἀπίστων
3009 385 3348 439 ἀθετούντων
3379 382 3488 454 τὴν
3537 383 3679 453 πρέ-

390 473 570 544 palam
602 483 686 530 est
716 476 981 544 gentium,
1025 491 1091 530 ac
1121 476 1443 543 inﬁdelium,
1487 478 1578 545 qui
1601 480 1887 551 abrogant,
1918 491 1975 537 et

391 571 747 617 contemnunt
812 561 1210 619 Providentiam
1274 563 1573 634 mundique
1624 563 1973 622 Conditorem

393 653 723 719 inficiantur;
757 662 814 708 at
854 654 997 709 istud
1032 670 1062 708 a
1102 654 1428 711 Christianis
1466 656 1694 711 omnino
1728 667 1811 712 est
1842 658 1974 713 alie-

393 760 547 811 num,
593 745 686 814 qui
733 746 901 799 semel
948 745 1317 808 crediderunt,
1349 749 1493 817 quod
1517 760 1571 802 et
1603 749 1715 802 duo
1746 765 1965 819 passer-

393 838 526 900 culi,
566 837 657 906 qui
695 847 946 892 veneunt
978 838 1257 907 dipondio,
1296 849 1423 893 sunt
1476 840 1577 896 sub
1617 841 1973 897 administra-

394 931 543 986 tione
593 940 906 986 sanctorum
964 933 1309 1004 augelorum.
1358 934 1745 992 Verumtamen
1796 948 1880 993 est
1918 948 1974 994 et

395 1018 508 1073 haec
550 1019 857 1074 daemonum
902 1021 1261 1086 consuetudo,
1313 1024 1669 1089 ut!nimirum
1708 1035 1830 1095 post
1872 1028 1974 1081 im-

393 1122 556 1178 puras
579 1108 954 1178 cogitationes,
996 1120 1290 1180 suggerant
1336 1112 1496 1166 etiam
1534 1128 1648 1176 eas,
1677 1129 1799 1183 qua:
1844 1123 1973 1170 sunt

394 1195 776 1252 sollicitudinis
796 1240 811 1262 ,
840 1204 899 1250 ut
915 1195 1095 1265 Jesus,
1116 1208 1382 1268 praesente
1404 1200 1794 1270 cogitationum
1813 1202 1971 1257 turba

391 1288 446 1342 in
479 1288 599 1342 loco
629 1288 997 1354 intellectuali,
1030 1291 1204 1360 capite
1226 1292 1495 1346 declinato
1514 1292 1755 1362 effugiat,
1782 1294 1973 1364 sicque

399 1380 767 1436 infructuosus
828 1381 1023 1437 evadat
1070 1398 1253 1438 sermo
1294 1399 1326 1438 a
1374 1385 1548 1454 spinis
1588 1386 1972 1443 sollicitudinis

396 1474 709 1530 suffocatus.

990 1586 1219 1642 CAPUT
1280 1585 1366 1642 VI.

2076 496 2225 534 νοιαν
2255 478 2349 531 τοῦ
2394 478 2687 543 Δεσπότου,
2726 479 2942 531 καὶτὸν
2994 476 3345 548 Δημιουργὸν
3392 477 3678 549 ἀρνουμέ-

2074 588 2201 627 νων·
2228 571 2573 641 Χριστιανῶν
2604 572 2660 623 δὲ
2685 571 2747 624 τὸ
2772 571 3012 624 τοιοῦτον
3041 570 3322 635 παντελῶς
3350 568 3689 639 ἀλλότριον,

2075 662 2223 727 ἀπαξ
2273 662 2741 729 πεπιστευκότων,
2791 664 2870 717 ὅτι
2922 663 3013 715 καὶ
3058 662 3127 715 τά
3172 663 3556 733 πρασσόμενα
3588 659 3687 711 δύο

2076 756 2334 828 στρουθία
2352 755 2446 809 τοῦ
2467 755 2731 825 ἀσσαρίου
2755 755 2860 808 ὑπὸ
2883 754 2982 826 τὴν
3004 756 3319 824 οἰκονομίαν
3346 754 3463 806 τῶν
3498 753 3683 819 ἁγίων

2072 846 2323 916 ἀγγέλων
2367 846 2505 901 ὲστί.
2567 847 2715 917 Πλήν
2750 848 2866 899 ὲστι
2920 848 3016 899 καὶ
3048 845 3191 916 αὕτη
3242 846 3519 916 συνήθεια
3566 846 3683 897 τῶν

2073 937 2368 1008 δαιμόνων,
2405 939 2545 1009 μετὰ
2569 939 2694 1001 τοὺς
2724 939 3074 1010 ἀκαθάρτους
3103 940 3403 1009 λογισμοὺς
3456 939 3677 1009 ἐμϐαλ-

2073 1031 2185 1083 λειν
2214 1031 2459 1094 καὶτοὺς
2498 1031 2598 1100 τῆς
2638 1032 2927 1102 μερίμνης,
2962 1032 3049 1084 ἵνα
3096 1030 3329 1101 ὲκνεύσῃ
3378 1033 3407 1084 ὁ
3458 1029 3676 1100 Ἰησοῦς

2071 1122 2230 1192 ὄχλου
2254 1122 2407 1185 ὄντος
2420 1123 2709 1193 νοημάτων
2736 1125 2792 1175 ἐν
2820 1123 2897 1192 τῷ
2922 1124 3062 1178 κατᾶ
3091 1124 3335 1176 διάνοιαν
3363 1124 3545 1191 τόπῳ,
3574 1126 3674 1175 καὶ

2072 1214 2321 1287 ἄκαρπος
2352 1213 2577 1285 γένηται
2620 1217 2649 1267 ὁ
2679 1214 2835 1283 λόγος
2866 1214 2973 1267 ὑπὸ
3003 1215 3103 1285 τῆς
3150 1215 3428 1285 μερίμνης
3476 1214 3675 1283 πνιγό-

2076 1323 2237 1377 μενος
2264 1305 2371 1360 τῶν
2401 1305 2675 1360 ἀκανθῶν.

2668 1593 2921 1647 κιῖψλλ.
2967 1595 3057 1660 ς’.

468 1698 635 1769 Igitur
684 1702 1043 1771 cogitationes
1096 1703 1294 1769 etiam,
1348 1718 1470 1773 quae
1526 1719 1557 1756 e
1605 1704 1972 1761 sollicitudine

2145 1706 2356 1761 Οὐκοῦν
2388 1706 2512 1771 τοὺς
2547 1706 2612 1758 ἐκ
2658 1704 2925 1776 μερίμνης
2954 1704 3285 1777 ἀποθέμενοι
3334 1706 3669 1776 λογισμοὺς,

394 1797 714 1866 procedunt,
747 1797 1103 1866 deponentes,
1149 1809 1392 1853 nostram
1431 1799 1485 1852 in
1546 1800 1833 1853 Dominum
1865 1801 1974 1856 sol-

394 1888 737 1967 licitudinem
782 1889 1089 1959 jactemus,
1150 1892 1509 1961 praesentibus
1575 1893 1855 1958 contenti,
1922 1903 1977 1949 et

396 1996 634 2051 paupere
682 1982 811 2046 vita,
855 1997 919 2036 ac
963 1994 1112 2037 veste
1162 1992 1396 2045 utentes,
1442 1982 1750 2048 eli‘ectores,
1785 1996 1838 2039 et
1880 2000 1979 2039 au-

396 2082 577 2128 ctores
604 2089 752 2128 vanae
774 2074 960 2144 gloriae
987 2084 1108 2142 post
1131 2076 1272 2129 diem
1297 2092 1583 2131 exuamus.
1613 2075 1668 2130 Si
1700 2093 1827 2131 vero
1852 2078 1977 2149 quis

394 2173 552 2234 putat
590 2167 645 2220 in
692 2177 841 2221 veste
883 2169 1235 2237 paupercula,
1287 2169 1705 2239 incompositam
1754 2185 1818 2225 ac
1879 2171 1976 2227 de-

395 2258 628 2313 formem
659 2260 893 2328 speciem
924 2262 1202 2326 exhibere,
1257 2261 1513 2332 respiciat
1550 2272 1802 2317 sanetum
1832 2264 1977 2318 Pau-

397 2346 544 2412 lum,
588 2349 683 2419 qui
712 2349 764 2403 in
809 2349 1010 2419 frigore
1052 2366 1117 2406 ac
1165 2352 1412 2407 nuditate
1456 2367 1713 2408 coronam
1751 2353 1978 2423 iustitiae

396 2442 793 2511 exspectabat’.
836 2442 942 2498 Sed
992 2446 1250 2512 quoniam
1306 2447 1600 2513 theatrum,
1643 2456 1696 2501 et
1740 2449 1976 2505 stadium

397 2536 694 2604 Apostolus
759 2537 922 2591 istum
976 2540 1279 2593 nominavit
1333 2544 1618 2610 mundum,
1670 2546 1976 2608 videamus,

397 2638 467 2677 an
497 2625 758 2693 possibile
789 2625 882 2689 sit,
913 2626 1084 2696 quod,
1107 2629 1200 2697 qui
1246 2631 1672 2700 cogitationibus
1709 2634 1977 2689 sollicitu-

397 2710 541 2765 dinis
565 2712 787 2767 indutus
810 2722 913 2776 est,
944 2724 1133 2768 currat
1170 2716 1234 2769 ad
1264 2716 1509 2772 bravinm
1538 2734 1788 2790 superna:
1816 2720 1980 2791 519

395 2807 776 2875 vocationis",
823 2818 916 2863 aut
944 2810 1177 2865 luctetur
1222 2811 1487 2868 adversus
1527 2814 1886 2884 principatus,
1926 2827 1980 2873 et

397 2908 715 2969 potestates,
772 2902 1035 2958 adversus
1092 2905 1280 2959 mundi
1336 2916 1579 2962 rectores
1630 2910 1976 2964 tenebrarum

399 2992 563 3062 hujus
590 2994 774 3049 saeculi
800 2995 866 3050 “.
914 2996 1028 3065 Ego
1063 2998 1284 3067 quidem
1331 3000 1537 3066 nescio,
1574 3015 1699 3056 cum
1754 3003 1821 3057 ab
1860 3004 1977 3072 ipsa

2078 1800 2460 1871 ὲπιρρίψωμεν
2508 1798 2603 1851 ἐπὶ
2638 1799 2841 1868 Κύριον
2873 1799 2972 1869 τὴν
3023 1799 3292 1869 μέριμναν
3343 1799 3506 1869 ἡμῶν
3551 1802 3669 1861 τοῖς

2078 1890 2345 1961 παροῦσιν
2372 1889 2725 1960 ἀρκούμενοι,
2760 1890 2856 1943 καὶ
2886 1891 3121 1960 πενιχρᾷ.
3152 1890 3264 1960 ζωῇ
3293 1892 3668 1962 χρησάμενοι,

2078 1986 2172 2037 καὶ
2202 1983 2363 2054 στολῇ
2400 1984 2524 2046 τοὺς
2555 1982 2799 2053 πατέρας
2830 1982 2928 2052 τῆς
2959 1982 3262 2047 κενοδοξίας
3301 1983 3425 2052 μεθ’
3452 1984 3671 2054 ἡμέραν

2078 2074 2497 2146 ἀποδυσώμεθα.
2536 2076 2599 2128 Εἰ
2622 2075 2677 2128 δέ
2706 2092 2791 2137 τις
2820 2076 3150 2145 ἀσχημονεῖν
3182 2076 3275 2128 ἐπὶ
3305 2077 3547 2145 πενιχρᾷ
3579 2093 3671 2127 νο-

2082 2169 2230 2239 μίζει
2278 2168 2460 2239 στολῇ,
2498 2167 2742 2237 βλεπέτω
2792 2167 2884 2220 τὸν
2932 2168 3086 2235 ἀγιον
3129 2167 3342 2219 Παῦλον
3387 2170 3448 2220 ἐν
3483 2167 3670 2236 ψύχει,

2079 2261 2174 2314 καὶ
2214 2259 2534 2330 γυμνότητι,
2562 2259 2653 2311 τὸν
2695 2259 2793 2328 τῆς
2828 2258 3175 2331 δικαιοσύνης
3210 2259 3673 2330 προσδοκήσαντα

2081 2354 2368 2422 στέφανον.
2434 2352 2575 2406 Ἀλλ’
2632 2350 2822 2421 ἔπειδὴ
2891 2350 3121 2421 θέατρον
3148 2389 3166 2414 ,
3215 2348 3309 2403 καὶ⁵
3366 2350 3590 2403 στάδιον
3643 2350 3674 2401 ὀ

2092 2444 2415 2507 ’Λπόστολος
2446 2444 2536 2496 τὸν
2568 2443 2773 2512 κόσμον
2804 2441 2993 2495 τοῦτον
3024 2441 3323 2511 ὠνόμασεν,
3359 2441 3595 2508 ἴδωμεν,
3624 2440 3673 2493 εἱ

2081 2533 2197 2585 ἐστι
2255 2532 2514 2597 δυνατὸν,
2577 2531 2849 2603 μερίμνης
2910 2529 3275 2599 ὲνδυσάμενον
3343 2530 3675 2601 λογισμοὺς,

2080 2624 2312 2695 δραμεῖν
2344 2623 2436 2676 ἐπὶ
2485 2622 2546 2675 τὸ
2583 2620 2834 2692 βραϐεῖον
2865 2619 2967 2687 τῆς
3012 2619 3126 2672 ἀνω
3157 2618 3428 2689 κλήσεως,
3478 2618 3515 2689 ἦ
3568 2636 3677 2671 πα-

2081 2713 2261 2767 λαῖσαι
2295 2714 2428 2784 πρὸς
2471 2713 2569 2775 τὰς
2598 2714 2773 2782 ἀρχὰς
2804 2712 2899 2765 καὶ
2936 2710 3035 2773 τὰς
3082 2710 3351 2776 ἐξουσίας,
3400 2711 3499 2762 καὶ
3536 2711 3676 2781 πρὸς

2078 2807 2205 2869 τοὺς
2231 2805 2684 2875 κοσμοκράτορας
2706 2803 2801 2857 τοῦ
2832 2804 3061 2865 σκότους
3090 2802 3185 2854 τοῦ
3214 2800 3413 2863 αἰῶνος
3436 2801 3636 2853 τούτου
3655 2817 3672 2829 ·

2080 2895 2192 2967 ὲγὼ
2216 2897 2325 2967 ’μὲν
2354 2897 2453 2949 οὐκ
2485 2892 2622 2957 οἶδα,
2659 2898 2753 2948 καὶ
2777 2897 2870 2947 ἀπ’
2902 2893 3079 2963 αὐτῆς
3110 2894 3207 2960 τῆς
3234 2892 3510 2963 αίσθητῆς
3543 2910 3674 2945 παι-

2082 2987 2372 3055 δευόμενος
2406 2986 2669 3055 ἱστορίας.
2728 2982 3221 3053 Ἐμποδισθήσεται
3260 2979 3372 3050 γὰρ
3400 2980 3614 3042 ἐκεῖνος
3648 2981 3678 3032 ό

397 3099 616 3154 quoque
676 3086 918 3141 sensibili
974 3089 1198 3144 historia
1241 3092 1485 3157 erudiar;
1542 3094 1673 3163 quia
1720 3070 1975 3150 videlicet

2097 3079 2259 3132 ἰιθλῶν
2288 3077 2394 3131 ὑπὸ
2428 3076 2525 3130 τοῦ
2558 3074 2785 3147 χιτῶνος
2812 3073 3078 3143 δηλονότι,
3113 3074 3206 3125 καὶ
3242 3070 3488 3132 εὐκόλως
3516 3087 3672 3141 περι-

398 3175 510 3241 ille,
544 3177 637 3246 qui
680 3187 871 3245 certat,
906 3179 1235 3250 impedietur
1268 3198 1298 3236 a
1333 3185 1540 3251 tunica,
1583 3185 1849 3257 facileque
1876 3188 1987 3243 cir-

396 3269 795 3337 cumtrahetur,
847 3274 1308 3342 quemadmodum
1340 3285 1393 3330 et
1440 3293 1597 3332 mens
1629 3293 1657 3332 a
1703 3282 1990 3351 cogitatio-

396 3355 561 3413 nibus
591 3358 997 3428 sollicitudinis;
1025 3361 1072 3417 si
1108 3378 1274 3418 verax
1305 3365 1524 3433 quidem
1556 3368 1626 3420 sit
1663 3383 1866 3434 sermo,
1894 3370 1988 3439 qui

397 3444 550 3509 dicit,
599 3456 833 3501 mentem
870 3450 1093 3519 proprio
1135 3451 1399 3507 thesauro
1444 3454 1723 3509 assiduam
1766 3458 1985 3511 incum-

399 3531 547 3598 bere;
589 3551 607 3585 ι
640 3532 743 3589 Ubi
767 3550 1003 3607 namque
1042 3538 1334 3596 thesaurus
1378 3550 1505 3597 tuus
1535 3552 1641 3609 est,
1673 3544 1747 3599 ibi
1803 3546 1909 3600 erit
1936 3551 1991 3601 et

400 3633 494 3674 cor
522 3626 677 3677 tuum
700 3624 764 3678 “.
802 3642 819 3676 ι

990 3734 1221 3791 CAPUT
1261 3737 1375 3792 Vll'

470 3845 516 3900 E
549 3844 998 3914 cogitationibus,
1030 3847 1112 3901 ba:
1154 3848 1378 3917 quidem
1411 3860 1617 3916 secant,
1654 3851 1775 3907 alia:
1803 3861 1986 3908 autem

402 3948 684 4005 secantur;
720 3948 775 3995 et
823 3949 1014 3996 secant
1049 3940 1271 4010 quidem
1313 3943 1468 3997 malae
1506 3944 1698 4009 bonas,
1737 3959 1769 4000 e
1796 3956 1987 4001 contra

404 4048 533 4088 vero
556 4032 713 4087 mala:
737 4042 992 4088 secantur
1018 4049 1049 4087 a
1075 4033 1233 4089 bonis
1257 4051 1273 4100 ;
1314 4051 1437 4089 nam
1487 4036 1722 4107 Spiritus
1761 4049 1987 4095 sanctus

405 4122 636 4176 attendit
681 4121 999 4191 cogitationi
1031 4122 1085 4175 in
1122 4123 1315 4191 primis
1348 4124 1558 4193 posita},
1600 4134 1654 4179 et
1684 4128 1985 4181 secundum

407 4214 557 4268 illam
610 4213 824 4284 judicat
872 4229 995 4278 nos,
1041 4221 1137 4268 aut
1184 4214 1397 4284 recipit.
1447 4214 1603 4280 Quod
1626 4226 1805 4273 autem
1840 4218 1983 4284 dico,

406 4305 785 4374 hujuscemodi
834 4313 937 4360 est.
992 4304 1180 4360 llabeo
1241 4307 1536 4377 quamdam
1601 4310 1985 4379 cogitationem

406 4397 818 4467 hospitalitatis,
846 4412 1076 4466 eamque
1094 4398 1269 4453 habeo
1294 4408 1513 4468 propter
1544 4398 1855 4465 Dominum,
1891 4403 1986 4459 sed

408 4491 512 4547 ista
558 4491 828 4545 scinditur
872 4492 1200 4546 adventante
1245 4493 1348 4545 alia
1397 4502 1657 4558 tentante,
1698 4506 1753 4549 et
1790 4513 1988 4567 sugge-

408 4592 583 4649 rente,
629 4596 689 4637 ut
731 4584 914 4653 gloria:
954 4599 1121 4638 causa
1171 4584 1405 4652 hospitio
1465 4587 1753 4655 excipiam.
1789 4589 1831 4642 E
1862 4604 1994 4643 con-

406 4689 524 4733 tra:
565 4677 736 4731 habeo
767 4678 1150 4748 cogitationem
1196 4677 1599 4745 hOSpitalitatis,
1634 4689 1693 4731 ut
1719 4680 1787 4734 ab
1818 4679 1993 4735 homi-

407 4770 572 4825 nibus
632 4770 850 4833 videar,
917 4769 1009 4824 sed
1066 4777 1121 4823 et
1182 4770 1283 4823 ista
1341 4770 1668 4835 dissecatur,
1722 4773 1994 4828 subeunte

408 4862 634 4917 meliore
707 4861 1079 4930 cogitatione,
1162 4859 1372 4929 quaaad
1457 4860 1741 4916 Dominum
1810 4864 1992 4933 potius

407 4956 666 5008 virtutem
718 4961 961 5007 nostram
1014 4951 1237 5022 dirigit,
1290 4968 1500 5023 nosque
1555 4963 1729 5024 urget,
1770 4964 1829 5010 ut
1876 4971 1986 5011 non

410 5055 633 5116 pr0pter
669 5046 917 5100 homines
957 5046 1062 5099 ista
1105 5045 1391 5101 faciamus.
1433 5046 1490 5099 Si
1528 5062 1658 5117 ergo
1702 5063 1796 5117 per
1821 5064 1984 5117 Opera

412 5139 627 5193 tandem
660 5138 714 5191 in
765 5138 956 5208 primis
1002 5152 1355 5203 maneamus,
1402 5139 1503 5192 etsi
1539 5138 1802 5194 fuerimus
1829 5156 1860 5194 a
1898 5156 1985 5195 se-

412 5229 606 5284 cundis
651 5230 861 5293 tentati,
909 5238 1089 5283 tamen
1129 5244 1226 5297 pro
1256 5229 1387 5284 solis
1433 5230 1626 5299 primis
1675 5233 1866 5301 positis
1891 5249 1985 5286 co-

414 5321 770 5392 gitationibus
817 5320 1094 5376 mercedes
1145 5321 1499 5376 habebimus:
1547 5324 1989 5393 quandoquidem

414 5431 539 5468 cum
564 5414 812 5467 homines
842 5411 1038 5480 simus,
1074 5427 1307 5482 cumque
1336 5412 1671 5468 dasinonibus
1698 5414 1987 5479 luctemur,

418 5506 642 5561 minime
667 5507 933 5571 valemus,
967 5514 1169 5560 rectam
1205 5505 1592 5577 cogitationem
1619 5507 1988 5578 incorruptam

2088 3169 2504 3240 ελκυσθήσεται,
2531 3167 2786 3236 καθάπερ
2814 3167 2908 3219 καὶ
2927 3168 2954 3219 ό
2974 3164 3099 3227 νοῦς
3125 3164 3230 3216 ὑπὸ
3262 3162 3371 3215 τῶν
3394 3161 3675 3231 λογισμῶν

2086 3262 2189 3329 τῆς
2229 3261 2521 3332 μερίμνης,
2558 3260 2713 3330 εἴπερ
2745 3258 2996 3329 ἀληθινὸς
3042 3258 3072 3309 ὀ
3110 3256 3284 3322 λέγων
3318 3254 3399 3325 τῷ
3432 3254 3549 3325 ἰδίῳ
3582 3254 3673 3306 τὸν

2087 3354 2213 3408 νοῦν
2240 3355 2671 3426 προσκαρτερεῖν
2709 3350 2988 3423 θησαυρῷ,
3033 3370 3051 3402 t
3091 3351 3267 3403 Ὅπου
3308 3350 3420 3417 γάρ
3448 3348 3599 3399 ἐστιν
3643 3345 3674 3396 ό

2088 3446 2358 3518 θησαυρός
2385 3446 2707 3516 σου,φησ“ιν,
2738 3446 2856 3497 ἐκεῖ
2880 3444 3052 3506 ἔσται,
3084 3443 3181 3496 καὶ
3213 3444 3247 3512 ἡ
3281 3441 3483 3512 καρδία
3516 3456 3664 3493 σου..

2685 3750 2937 3804 ΚΕΦΑΛ.
2978 3748 3053 3804 Ζ’.

2157 3865 2279 3917 Τῶν
2311 3863 2585 3935 λογισμῶν
2636 3864 2686 3917 οἱ
2718 3864 2816 3934 μὲν
2838 3864 3152 3933 τέμνουσιν,
3187 3865 3238 3917 οἱ
3266 3864 3325 3918 δὲ
3351 3858 3673 3934 τέμνονται*

2086 3953 2180 4007 καὶ
2210 3953 2467 4024 τέμνουσι
2497 3953 2596 4025 μὲν
2617 3954 2670 4006 οἱ
2690 3955 2916 4023 πονηροὶ
2936 3954 3064 4016 τοὺς
3094 3952 3359 4021 ἀγαθοὺς,
3379 3954 3671 4023 τέμνονται

2085 4044 2144 4097 δὲ
2191 4044 2353 4099 πάλιν
2403 4044 2507 4097 ὑπὸ
2558 4044 2669 4097 τῶν
2716 4044 2944 4113 ἀγαθῶν
2990 4044 3039 4097 οἱ
3092 4044 3320 4114 πονηροὶ⁵
3374 4043 3440 4097 τὸ
3488 4042 3670 4097 τοίνυν

2086 4134 2314 4206 Πνεῦμα
2367 4135 2429 4189 τὸ
2475 4137 2630 4205 ἆγιον
2666 4135 2899 4206 πρώτως
2946 4135 3159 4189 τεθέντι
3211 4135 3474 4207 προσέχει
3519 4135 3667 4202 λογι-

2089 4224 2233 4296 σμῷ,
2275 4226 2371 4280 καὶ
2416 4226 2553 4296 πρὸς
2598 4227 2804 4280 ἐκεῖνον
2833 4226 3008 4296 κρίνει
3036 4228 3207 4297 ἡμᾶς,
3246 4227 3280 4296 ἦ
3316 4225 3666 4294 ἀποδέχεται.

2094 4319 2161 4370 Ὃ
2205 4317 2261 4370 δὲ
2304 4318 2448 4386 λέγω
2497 4317 2734 4371 τοιοῦτόν
2768 4318 2937 4374 ἐστιν.
2996 4320 3144 4389 Ἐχω
3192 4318 3314 4371 τινὰ
3361 4317 3666 4386 φιλοξενίας

2089 4411 2369 4481 λογισμὸν,
2397 4411 2493 4465 καὶ
2519 4410 2709 4464 τοῦτον
2737 4411 2846 4481 ἔχω
2871 4412 2958 4465 διὰ
2984 4412 3076 4465 τὸν
3104 4412 3332 4481 Κύριον,
3364 4411 3481 4464 ἀλλ’
3515 4406 3666 4471 οὗτος

2096 4502 2415 4567 ἐπελθόντος
2453 4502 2547 4557 τοῦ
2582 4504 2934 4573 πειράζοντος
2963 4506 3219 4575 τέμνεται
3256 4506 3349 4558 καὶ
3379 4506 3539 4575 δόξης
3568 4505 3664 4573 χά-

2100 4613 2183 4667 ριν
2214 4594 2510 4664 φιλοξενεῖν
2546 4598 2961 4661 ύποϐἀλλοντος.
2995 4599 3194 4652 Πάλιν·
3222 4598 3332 4669 ἔχω
3370 4599 3663 4667 φιλοξενίας

2094 4690 2351 4760 λογισμὸν
2386 4690 2524 4761 πρὸς
2571 4691 2630 4743 τὸ
2652 4694 2762 4754 τοῖς
2788 4692 3097 4761 ἀνθρώποις
3121 4692 3379 4761 φανῆναι,
3413 4693 3550 4745 ἀλλά
3577 4694 3665 4745 καὶ

2093 4776 2250 4846 οὗτος
2294 4783 2613 4847 ἐπελθόντος
2669 4785 2977 4855 κρείττονος
3014 4784 3275 4855 λογισμοῦ
3302 4784 3662 4854 διατέμνεται,

2093 4874 2186 4927 τοῦ
2220 4874 2357 4944 πρὸς
2391 4874 2481 4927 τὸν
2502 4875 2709 4945 Κύριον
2736 4875 2937 4945 μᾶλλον
2967 4875 3123 4947 ὴμῶν
3154 4876 3254 4947 τὴν
3287 4877 3492 4947 ἀρετὴν
3506 4880 3662 4931 ἀτευ-

2098 4964 2369 5029 θύνοντος,
2398 4966 2491 5018 καὶ¹
2526 4965 2602 5036 μὴ
2630 4966 2697 5019 δι’
2719 4966 3039 5036 ἀνθρώπους
3055 4967 3231 5022 ταῦτα
3249 4969 3513 5039 πράττειν
3529 4971 3663 5039 ἡμᾶς

2093 5056 2515 5125 ἀναγκάζοντος.
2532 5058 2629 5110 Ἂν
2653 5057 2745 5111 οὖν
2770 5058 2858 5111 διὰ
2871 5058 2980 5113 τῶν
3005 5058 3182 5130 ἔργων
3198 5058 3386 5111 λοιπὸν
3404 5061 3517 5121 τοῖς
3536 5076 3663 5127 προ-

2091 5151 2270 5219 τέροις
2329 5150 2677 5221 ἐμμείνωμεν
2709 5149 2816 5205 ὑπὸ
2841 5151 2950 5205 τῶν
2969 5151 3235 5219 δευτέρων
3253 5152 3657 5221 πειραζόμενοι,

2096 5245 2272 5311 μόνων
2284 5242 2394 5295 τῶν
2420 5244 2701 5312 προτέρων
2727 5243 2990 5297 τεθέντων
3019 5244 3296 5313 λογισμῶν
3330 5244 3522 5315 ἕξομεν
3543 5244 3659 5307 τοὺς

2095 5332 2475 5401 μισθοὺς,διότι
2488 5332 2585 5387 ἄνθ
2593 5350 2761 5404 ρωποι
2772 5333 2944 5398 ὄντες,
2960 5336 3054 5387 καὶ
3066 5336 3390 5399 παλαίοντες
3405 5335 3657 5405 δαίμοσιν,

2090 5425 2178 5478 ἀεὶ
2193 5426 2444 5497 κατέχειν
2481 5426 2572 5479 τὸν
2599 5426 2756 5495 ὀρθὸν
2787 5425 3043 5497 λογισμὸν
3068 5428 3347 5499 ἄφθαρτον
3366 5429 3469 5480 οὐκ
3493 5427 3657 5495 ἰσχύο-

2096 5532 2216 5584 μεν,
2231 5516 2352 5571 οὐδὲ
2366 5516 2529 5572 πάλιν
2540 5517 2630 5571 τὸν
2645 5517 2879 5589 πονηρὸν
2890 5518 3149 5590 λογισμὸν
3162 5517 3659 5591 έχεινάπείραστον,

494 5708 514 5739 ⁹
545 5704 736 5760 Matth.
772 5723 846 5769 Vl,
875 5707 966 5762 ΞΒ.
1043 5710 1083 5743 ⁸·
1118 5707 1159 5760 ll
1192 5709 1317 5765 Cor.
1348 5728 1425 5779 XI,
1469 5713 1559 5767 27.
1639 5714 1680 5745 ¹⁰
1712 5712 1945 5784 Philipp.

2152 5714 2240 5782 13,
2270 5713 2358 5769 14.
2438 5716 2477 5748 ¹¹
2506 5713 2703 5786 Ephes.
2729 5729 2805 5781 Vl,
2838 5711 2924 5767 12.
