3808 6226
168 305 323 370 1209

1211 308 1311 368 DE
1340 307 1715 369 MALIGNIS
1756 306 2426 373 COGITATIONIBUS.

3313 312 3459 380 1210

162 422 395 495 ἀρετῶν
426 420 716 494 σπέρματα
744 424 1093 496 κεκτημένοι.
1141 426 1289 498 Πλὴν
1320 428 1415 481 ἐάν
1435 444 1514 488 τις
1536 427 1762 498 χρονίσῃ
1789 454 1800 485 Α

1894 444 2079 499 emper
2123 431 2385 495 retinere;
2416 430 2560 486 sicut
2597 445 2626 484 e
2663 440 2877 497 contra,
2915 429 3076 501 520
3118 445 3240 485 cum
3274 431 3453 487 virtu-

165 515 291 570 τῶν
307 515 615 585 τεμνόντων
636 516 911 586 λογισμῶν
931 520 988 571 ἐν
1003 522 1070 589 τῇ
1094 517 1247 591 χώρᾳ
1264 521 1358 573 τοῦ
1374 521 1767 591 πειραζομένου

169 608 533 669 καθίσταται,
568 609 664 663 καὶ⁸
715 612 837 663 κατ’
866 614 1072 665 ἐκεῖνον
1102 612 1287 667 λοιπὸν
1317 614 1407 667 τὸν
1453 614 1714 685 λογισμὸν
1741 618 1769 669 6

168 699 472 770 ἄνθρωπος
524 700 842 771 κινούμενος
912 706 1218 775 ἐνεργήσει.
1278 705 1397 758 Τῶν
1463 706 1770 775 ἀγγελικῶν

170 790 484 861 λογισμῶν,
513 795 608 846 καὶ
636 793 741 845 τῶν
762 794 1122 866 ἀνθρωπίνων
1147 797 1241 851 καὶ
1270 796 1379 850 τῶν
1404 801 1468 851 ὲκ
1496 799 1769 869 δαιμόνων

169 884 391 953 ταύτην
434 886 533 955 τὴν
578 886 841 957 διαφοράν
890 890 1029 963 μετὰ
1060 888 1261 959 πολλῆς
1303 890 1403 960 τῆς
1449 893 1772 961 παρατηρή-

175 991 328 1038 σεως
358 976 680 1046 ἐγνώκαμεν
710 973 868 1043 εἶναι,
915 979 996 1031 ὅτι
1030 980 1246 1051 πρῶτον
1278 980 1375 1050 μὲν
1404 983 1452 1033 οἱ
1490 981 1773 1049 ὁιγγελικοὶ⁹

172 1068 287 1131 τὰς
338 1068 528 1137 φύσεις
579 1069 686 1122 τῶν
744 1074 1088 1141 πραγμάτιον
1144 1074 1632 1144 περιεργάζονται,
1680 1075 1774 1128 καὶ

175 1159 321 1222 τοὺς
368 1162 775 1230 πνευματικοὺς
826 1164 1006 1216 αὐτῶν
1047 1163 1412 1234 ὲξιχνιάζουσι
1456 1166 1771 1236 λογισμούς.

177 1246 340 1314 Οἷον,
396 1252 543 1315 τίνος
591 1253 754 1324 χάριν
805 1255 1095 1326 γεγένηται
1127 1258 1154 1309 6
1208 1259 1432 1328 χρυσὸς,
1465 1260 1559 1312 καὶ
1603 1258 1690 1313 διὰ
1720 1259 1775 1313 τί

181 1342 529 1415 ψαμμώδης,
572 1346 667 1400 καὶ
696 1347 847 1400 κάτω
880 1366 981 1401 που
1012 1352 1125 1413 τοῖς
1159 1351 1367 1421 μορίοις
1413 1351 1513 1422 τῆς
1538 1353 1642 1422 γῆς
1683 1354 1776 1420 ἐγ-

186 1436 597 1507 κατέσπαρται,
635 1440 727 1493 καὶ
770 1441 907 1510 μετὰ
937 1442 1134 1495 πολλοῦ
1184 1444 1458 1512 καμάτου,
1490 1445 1583 1498 καὶ
1612 1445 1773 1497 πόνου

186 1526 544 1597 εὖρίσκεται;
575 1532 724 1594 ὅπως
772 1549 828 1585 τε
868 1533 1112 1603 εὑρεθεὶς
1156 1533 1309 1588 ὕδατι
1351 1535 1629 1601 πλύνεται,
1682 1538 1776 1589 καὶ

184 1620 335 1689 πυρὶ
357 1621 728 1690 παραδίδοται,
753 1624 848 1677 καὶ
872 1623 1041 1688 οὕτως
1065 1627 1145 1689 εἰς
1170 1627 1427 1697 τεχνιτῶν
1453 1628 1776 1698 ἐμϐάλλεται

183 1713 407 1781 χεῖρας,
442 1712 552 1765 τῶν
582 1715 880 1768 ποιούντων
909 1718 1007 1787 τῆς
1049 1719 1254 1789 σκηνῆς
1283 1719 1377 1788 τὴν
1407 1720 1650 1790 λυχνίαν,
1684 1722 1778 1775 καὶ

183 1803 253 1856 τὸ
288 1804 679 1878 θυμιατήριον,
712 1809 808 1863 καὶ
839 1808 939 1873 τὰς
992 1787 1243 1876 θυΐσκαις,
1290 1787 1383 1866 καὶ
1556 1814 1775 1883 φιάλας,
1808 1787 1851 1841 Β

187 1897 251 1949 ὲν
289 1895 380 1960 αἷς
408 1899 596 1953 οὐκέτι
627 1900 722 1953 νῦν
766 1902 911 1956 πίνει
962 1903 1051 1956 διὰ
1078 1903 1176 1975 τὴν
1215 1905 1375 1975 χάριν
1402 1905 1496 1959 τοῦ
1527 1907 1778 1977 Σωτῆρος

186 1990 358 2060 ήμῶν
386 1992 415 2043 6
442 1993 781 2058 Βαϐυλώνιος
813 1996 1089 2065 βασιλεύς,
1122 1997 1342 2052 Κλεόπα
1370 1998 1428 2051 δὲ
1458 2000 1612 2069 φέρει
1643 2018 1778 2070 καρ-

187 2079 316 2135 δίαν
344 2084 641 2154 καιομένην
672 2085 774 2138 ὑπὸ
803 2086 1009 2140 τούτων
1042 2087 1378 2158 μυστηρίων.
1421 2089 1478 2141 '0
1510 2090 1565 2142 δὲ
1594 2091 1782 2159 δαιμο-

190 2172 397 2243 νιώδης
422 2174 705 2245 λογισμὸς,
735 2176 907 2229 ταῦτα
939 2178 1039 2248 μὲν
1066 2178 1187 2232 οὔτε
1215 2176 1372 2242 οἶδεν,
1406 2181 1529 2234 οὔτε
1560 2183 1782 2235 ἐπίστα-

189 2282 327 2319 ται·
384 2266 552 2336 μόνην
600 2268 656 2320 δὲ
702 2269 803 2338 τὴν
859 2270 1052 2341 κτῆσιν
1104 2270 1197 2323 τοῦ
1246 2272 1508 2343 αἰσθητοῦ
1558 2275 1781 2344 χρυσίου

192 2358 517 2424 ὑποϐάλλει,
568 2362 663 2414 καὶ
696 2361 794 2432 τὴν
823 2364 889 2415 ὲκ
929 2363 1122 2416 τούτου
1155 2367 1367 2437 τρυφήν
1405 2383 1464 2419 τε
1506 2369 1599 2421 καὶ
1627 2368 1783 2432 δόξαν

191 2450 468 2519 ἐσομένην
507 2450 761 2521 προλέγει
786 2468 799 2481 °
831 2453 861 2504 6
889 2452 945 2506 δὲ
973 2453 1313 2524 ἀνθρώπινος
1344 2456 1620 2527 λογισμὸς,
1664 2460 1784 2512 οὐδὲ

190 2543 299 2615 τὴν
318 2544 507 2615 κτῆσιν
524 2546 915 2617 ἐπιζητεῖ,οῦτε
928 2550 1072 2612 τίνος
1090 2568 1242 2619 περιε
1250 2551 1506 2621 ργάζεται
1520 2555 1582 2606 σύ
1591 2554 1784 2625 μὸολον

192 2637 225 2689 ὁ
252 2637 474 2707 χρυσὸς,
507 2638 643 2692 ἀλλὰ
671 2640 831 2709 μόνον
856 2642 936 2704 εἰς
956 2640 1052 2710 τὴν
1076 2643 1316 2697 διάνοιαν
1340 2645 1434 2697 τοῦ
1459 2646 1658 2716 χρυσοῦ
1686 2649 1787 2719 τὴν

196 2729 426 2801 μορφὴν
479 2732 723 2804 εἰσφέρει
752 2731 937 2805 ψιλὴν,
970 2735 1175 2800 πάθους
1208 2737 1519 2802 πλεονεξίας
1559 2757 1788 2811 κεχωρι-

196 2825 447 2895 σμένην·
504 2825 534 2876 6
578 2825 634 2879 δὲ
698 2826 859 2890 αὐτὸς
916 2828 1107 2896 λόγος,
1154 2831 1248 2883 καὶ
1312 2831 1405 2884 ἐπὶ
1448 2833 1557 2886 τῶν
1611 2834 1787 2887 ἄλλων

196 2916 548 2986 πραγμάτων
594 2918 920 2990 ῥηθήσεται,
976 2924 1121 2976 κατὰ
1171 2923 1262 2976 τὸν
1314 2925 1519 2979 κακόνοι
1599 2928 1788 2983 τοῦτον

199 3008 487 3079 μυστικῶς
527 3026 596 3078 γυ
605 3009 957 3082 μναζόμενος.

1871 530 1987 576 tum
2045 523 2420 591 possideamus
2494 522 2737 588 semina,
2795 521 2994 575 malam
3064 523 3449 591 cogitationem

1873 613 2071 667 habere
2106 629 2214 667 non
2258 628 2553 682 possumus
2596 612 2952 667 intentatam:
2987 621 3362 667 verumtamen
3403 614 3449 667 si

1873 723 1992 777 qua:
2022 708 2411 775 cegitationum
2453 707 2755 760 secantium
2781 704 2986 760 diutius
3020 705 3303 762 immorata
3336 705 3451 760 fue-

1877 803 1966 860 rit.
2012 800 2271 853 tentantis
2318 800 2525 853 obtinet
2558 808 2765 869 partes,
2809 807 2859 853 et
2913 809 3097 867 postea
3148 800 3448 853 secundum

1874 892 2019 946 illam
2076 892 2459 961 cegitationem
2512 891 2677 944 homo
2737 900 3049 945 commotus
3108 892 3447 960 operabitur.

1873 982 2009 1037 Cum
2068 983 2235 1036 multa
2278 982 2661 1036 observatione
2698 980 3077 1050 cognovimus,
3125 982 3269 1049 quod
3311 982 3453 1034 inter

1875 1074 2228 1144 cogitationes
2290 1074 2585 1143 angelieas,
2615 1080 2670 1127 et
2704 1072 2992 1134 humanas,
3042 1087 3104 1125 ac
3138 1087 3231 1125 eas
3264 1088 3385 1141 qua:
3420 1088 3452 1127 a

1874 1168 2211 1222 daemonibus
2264 1169 2611 1236 proveniunt,
2646 1167 2761 1221 haec
2804 1168 2874 1222 sit
2913 1164 3241 1231 differentia,
3288 1166 3453 1219 nimi-

1876 1276 2017 1325 rum,
2041 1260 2183 1329 quod
2215 1259 2453 1328 primum
2476 1260 2694 1329 quidem
2724 1260 2983 1329 angelicae
3014 1268 3240 1313 naturas
3269 1271 3455 1310 rerum

1875 1352 2094 1407 curiose
2143 1365 2207 1405 ac
2238 1349 2524 1419 diligenter
2556 1350 2859 1417 inquirunt,
2892 1363 3166 1416 sensuque
3194 1346 3457 1415 spiritua-

1876 1445 1968 1509 lia,
2000 1459 2095 1498 seu
2124 1442 2481 1511 cogitationes
2524 1440 2764 1508 ipsarum
2810 1439 3159 1505 investigent.
3212 1436 3455 1506 Exempli

1877 1540 2078 1610 gratia,
2109 1551 2279 1605 quare
2335 1534 2537 1589 factum
2594 1532 2761 1585 fuerit
2802 1546 3021 1595 aurum,
3068 1544 3343 1599 quamque
3386 1529 3456 1582 ob

1878 1646 2097 1685 causam
2153 1642 2441 1681 arenosum
2490 1626 2599 1689 sit,
2656 1624 2821 1693 inque
2896 1620 3249 1675 inferioribus
3301 1628 3460 1674 terrae

1883 1726 2124 1790 partibus
2174 1722 2338 1785 fuerit
2386 1720 2837 1782 disseminatum,
2883 1732 3119 1784 cumque
3152 1731 3349 1785 magno
3381 1715 3461 1769 la-

1884 1817 2013 1869 bore
2047 1828 2111 1868 ac
2144 1826 2308 1880 Opere
2333 1809 2681 1863 inveniatur?
2703 1814 2777 1873 et,
2810 1822 2934 1860 cum
2969 1808 3245 1859 inventum
3275 1804 3459 1869 fuerit,

1883 1921 1992 1975 quo
2024 1913 2183 1975 pacto
2228 1918 2368 1971 aqua
2411 1901 2698 1970 perluitur,
2727 1909 2781 1953 et
2824 1900 2932 1968 igni
2978 1898 3230 1961 traditur,
3276 1897 3463 1966 sicque

1882 1999 1935 2053 in
1969 1998 2241 2052 artificum
2275 1994 2518 2064 injicitur
2554 2007 2769 2058 manus,
2813 1992 2906 2061 qui
2951 1992 3161 2046 faciunt
3203 1990 3463 2044 taberna.

1886 2092 1994 2147 culi
2016 2090 2429 2150 candelabrum,
2459 2095 2513 2141 et
2547 2085 2909 2150 thuribulum,
2936 2094 2987 2137 ct
3007 2083 3319 2136 mortariola
3348 2081 3465 2135 sive

1884 2184 2189 2246 acetabula,
2221 2191 2274 2234 et
2311 2181 2594 2248 phialas",
2629 2181 2681 2231 in
2713 2180 2915 2246 quibus
2942 2193 3034 2245 per
3066 2176 3295 2246 gratiam
3345 2174 3465 2228 Sal-

1884 2277 2087 2332 vatoris
2134 2274 2305 2329 nostri
2346 2289 2455 2325 non
2503 2270 2735 2339 amplius
2780 2284 2923 2322 nunc
2966 2268 3100 2320 bibit
3136 2265 3465 2336 Babylonius

1885 2384 2016 2434 rex;
2068 2366 2163 2420 sed
2216 2365 2285 2417 ab
2316 2364 2433 2416 istis
2474 2360 2832 2415 sacramentis
2874 2358 3072 2425 Cleopa
3123 2356 3223 2410 fert
3246 2372 3343 2410 cor
3374 2371 3466 2409 ar—

1886 2458 2093 2515 dens”.
2131 2455 2328 2511 Verum
2364 2452 2697 2508 daemoniaca
2726 2449 2988 2519 cogitatio
3030 2464 3131 2502 nec
3158 2447 3310 2501 novit
3338 2446 3466 2512 ista,

1890 2569 1989 2608 nec
2037 2548 2295 2616 scit;sed
2344 2547 2513 2601 solam
2563 2544 2684 2599 auri
2738 2542 3013 2598 sensibilis
3062 2542 3465 2611 possessionem

1889 2645 2235 2716 impudenter
2269 2639 2531 2711 suggerit,
2575 2647 2628 2691 et
2659 2635 2903 2699 delicias,
2950 2650 3072 2703 quae
3104 2634 3228 2687 inde
3272 2647 3470 2701 prove-

1891 2741 2067 2803 niunt,
2122 2746 2284 2806 atque
2326 2735 2566 2788 futuram
2618 2730 2849 2800 gloriam
2902 2728 3178 2798 przedicit;
3229 2726 3469 2779 humana

1891 2850 2020 2891 vero
2066 2832 2323 2901 cogitatio
2414 2844 2514 2883 nec
2566 2826 2967 2896 possessionem
3027 2820 3242 2891 quaerit,
3297 2833 3470 2887 neque

1893 2929 2054 2997 cujus
2083 2926 2159 2979 rei
2194 2937 2390 2978 aurum
2424 2921 2497 2975 sit
2529 2918 2859 2990 symbolum,
2885 2930 2981 2970 seu
3012 2915 3227 2982 signum
3256 2911 3472 2966 curiose

1893 3021 2173 3091 disquirit,
2206 3017 2299 3073 sed
2321 3011 2663 3070 solummodo
2689 3010 2743 3064 in
2770 3017 3007 3062 mentem
3038 3003 3334 3058 introducit
3354 3002 3473 3057 auri

198 3100 439 3156 formam
486 3112 789 3173 separatam
821 3106 891 3160 ab
932 3107 1175 3163 avaritiae
1214 3111 1509 3179 passione:
1558 3114 1743 3187 itaque
1793 3118 1936 3174 idem
2002 3126 2204 3178 sermo,
2232 3119 2287 3164 et
2346 3109 2413 3162 de
2474 3103 2685 3159 caeteris
2710 3100 2833 3155 aliis
2863 3099 3145 3163 dicendus,
3176 3094 3473 3151 secundum

199 3196 353 3249 hanc
376 3196 617 3263 regulam
651 3200 878 3269 mystice
909 3201 1261 3259 exercitatus.

810 3318 1059 3372 ΚΕΦΑΛ.
1100 3321 1183 3372 H'.

282 3427 440 3481 Ἐστι
472 3428 701 3500 δαίμων,
736 3432 937 3496 πλάνος
966 3433 1281 3505 λεγόμενος,
1315 3440 1410 3492 καὶ
1442 3439 1549 3493 ὑπὸ
1580 3440 1679 3511 τὴν
1718 3441 1795 3495 ἕω

204 3519 451 3591 μάλιστα
491 3524 607 3585 τοῖς
650 3524 902 3592 ἀδελφοῖς
932 3526 1287 3597 παρίσταται,
1336 3532 1488 3594 ὅστις
1537 3532 1795 3603 περιάγει

200 3611 306 3667 τοῦ
334 3614 692 3685 ἅναχωρητοῦ
722 3616 814 3671 τὸν
843 3618 967 3672 νοῦν
998 3620 1106 3673 ἀπὸ
1135 3622 1346 3685 πόλεως
1373 3625 1453 3686 είς
1492 3625 1667 3689 πόλιν,
1701 3626 1797 3679 καὶ

202 3704 320 3759 ἀπὸ
368 3707 550 3771 οἰκίας
583 3710 663 3769 είς
695 3709 896 3777 οἰκίαν,
950 3712 1047 3764 καὶ
1078 3713 1186 3766 άπὸ
1229 3713 1424 3785 κώμης
1456 3716 1536 3779 εἰς
1576 3716 1793 3786 κώμην,

203 3796 374 3866 ψιλὰς
402 3798 566 3869 δῆθεν
599 3800 817 3870 πρῶτον
856 3802 958 3866 τὰς
987 3806 1277 3875 συντυχίας
1321 3808 1664 3878 ποιούμενον,
1702 3809 1798 3862 καὶ

203 3894 514 3964 γνωρίμοις
532 3892 645 3945 τισὶ
670 3893 1027 3961 τυγχάνοντα,
1052 3896 1147 3947 καὶ
1170 3895 1430 3950 λαλοῦντα
1460 3898 1795 3970 μακρότερα,

207 3987 312 4043 καὶ
337 3987 437 4057 τὴν
468 3985 679 4039 οἰκείαν
712 3986 849 4057 πρὸς
875 3989 1002 4049 τοὺς
1052 3988 1414 4053 ἀπαντῶντας
1465 3990 1799 4044 κατάστασιν

207 4078 618 4148 διαφθείροντα,
649 4080 744 4131 καὶ
773 4078 990 4149 μακρὰν
1016 4079 1321 4149 γινόμενον,
1347 4080 1468 4133 κατ’
1499 4082 1678 4151 ὀλίγον
1701 4083 1800 4153 τῆς

207 4153 471 4243 γνώσεως
499 4171 597 4225 τοῦ
621 4171 780 4237 Θεοῦ,
826 4173 922 4224 καὶ
951 4172 1052 4241 τῆς
1084 4173 1309 4244 ἀρετῆς,
1357 4176 1453 4228 καὶ
1482 4174 1576 4228 τοῦ
1624 4177 1797 4242 ὲπαγ-

209 4266 490 4336 τέλματος
515 4264 684 4334 λήθην
713 4264 1084 4333 λαμϐάνοντα.
1112 4268 1204 4317 Δεῖ
1225 4262 1317 4319 οὖν
1341 4265 1433 4319 τὸν
1450 4245 1803 4337 ’ἀναχωροῦν-

212 4375 308 4423 τα,
340 4355 531 4410 τοῦτον
562 4357 773 4426 τηρεῖν,
805 4355 968 4409 πόθεν
993 4373 1051 4409 τε
1079 4357 1333 4427 ἄρχεται,
1378 4359 1474 4411 καὶ
1498 4359 1601 4411 ποῦ
1632 4376 1802 4413 κατα-

212 4453 396 4522 λήγει·
441 4448 502 4502 οὑ
537 4446 647 4516 γὰρ
680 4448 825 4516 εἰκῆ.
858 4448 979 4500 οὐδὲ
1008 4448 1084 4513 ὡς
1119 4449 1279 4520 ἔτυχε
1330 4451 1542 4522 μακρὸν
1593 4453 1801 4505 ἐκεῖνον

214 4528 421 4601 κύκλον
466 4547 776 4618 ἐργάζεται,
827 4544 962 4598 ἀλλὰ
1003 4545 1104 4615 τὴν
1154 4544 1485 4597 κατάστασιν
1531 4542 1625 4596 τοῦ
1673 4545 1802 4597 ἀνα-

2385 3312 2541 3383 521
2585 3305 2814 3363 CAPUT
2854 3302 2992 3357 vm.

1969 3432 2257 3504 Reperitur
2291 3428 2525 3487 daemon,
2559 3421 2653 3491 qui
2684 3418 2884 3473 dicitur
2912 3416 3189 3484 deceptor,
3245 3420 3299 3467 et
3340 3426 3480 3479 prae-

1898 3529 2082 3584 sertim
2116 3526 2218 3580 sub
2250 3535 2501 3578 auroram
2545 3515 2810 3571 fratribus
2845 3521 3004 3576 astat,
3035 3510 3129 3579 qui
3171 3507 3476 3563 secedentis

1898 3622 2243 3676 anachoreta:
2274 3622 2508 3667 mentem
2537 3605 2862 3674 circumagit
2894 3619 2924 3657 e
2953 3604 3172 3657 civitate
3202 3601 3256 3653 in
3286 3601 3479 3654 civita-

1898 3724 2031 3777 tem,
2067 3720 2122 3767 et
2158 3726 2188 3764 e
2222 3710 2384 3763 domo
2417 3707 2470 3758 in
2500 3704 2745 3764 domum,
2781 3707 2835 3753 et
2864 3713 2894 3751 e
2929 3697 3047 3750 vico
3081 3695 3136 3748 in
3185 3694 3388 3757 vicum,
3424 3696 3476 3745 in

1898 3803 2097 3875 primis
2128 3798 2381 3853 videlicet
2412 3791 2683 3862 simplicia
2734 3790 3023 3843 habentem
3070 3785 3377 3853 colloquia,
3424 3791 3479 3836 et

1902 3911 2029 3951 cum
2062 3890 2390 3963 quibusdam
2422 3884 2656 3955 cognitis
2688 3882 3129 3941 coi‘iversantetn,
3162 3888 3323 3946 atque
3353 3892 3478 3946 pro-

1902 3987 2073 4042 lixius
2101 3984 2523 4051 colloquentem,
2549 3975 2941 4046 propriumque
2972 3981 3173 4026 statum
3197 3971 3260 4023 ad
3287 3969 3479 4023 obvios

1900 4097 2010 4135 non
2036 4086 2369 4138 servantem,
2405 4081 2459 4126 et
2490 4068 2749 4140 paulatim
2793 4081 2916 4120 sese
2953 4065 3139 4134 procul
3182 4077 3212 4116 a
3245 4060 3339 4115 Dei
3384 4076 3481 4115 co-

1902 4173 2140 4243 gnitione
2172 4166 2535 4235 elong‘antem,
2572 4163 2939 4228 virtutemque
2972 4172 3035 4211 ac
3077 4154 3473 4225 professionem

1901 4263 2164 4320 oblivioni
2196 4261 2568 4315 mandantem.
2605 4256 2828 4325 Oportet
2871 4254 3090 4320 itaque,
3138 4250 3282 4320 quod
3328 4264 3480 4304 sece-

1901 4360 2035 4413 dens
2074 4355 2402 4410 anachoreta
2446 4359 2604 4405 caute
2654 4348 2903 4402 observet
2939 4346 3241 4399 dtemonem
3289 4344 3477 4406 istum,

1905 4449 2049 4503 unde
2084 4446 2329 4515 incipiat,
2361 4452 2415 4497 et
2452 4458 2560 4510 quo
2592 4439 2836 4503 desinat;
2870 4437 3070 4491 etenim
3108 4450 3214 4489 non
3255 4444 3479 4497 temere,

1904 4556 2084 4612 neque
2106 4555 2236 4595 casu
2269 4538 2488 4607 longum
2532 4535 2682 4588 illum
2733 4530 2999 4585 circulum
3048 4544 3274 4599 operose
3305 4526 3481 4592 ducit;

214 4638 471 4710 χωρητοῦ
510 4638 843 4709 διαφθείρειν
891 4637 1236 4707 βουλόμενος,
1276 4634 1449 4689 ταῦτα
1498 4638 1665 4699 ποιεῖ,
1714 4636 1800 4690 ἵνα

1906 4650 2099 4690 verum
2130 4632 2236 4686 ista
2275 4628 2425 4693 facit,
2460 4643 2526 4681 eo
2555 4624 2699 4695 quod
2744 4623 2872 4675 velit
2899 4621 3243 4675 anachoreta:
3278 4626 3481 4672 statum

216 4730 510 4791 ὲκκαυθεὶς
538 4733 601 4783 ὲκ
627 4730 830 4783 τούτων
849 4732 877 4784 6
898 4728 1045 4796 νοῦς,
1072 4730 1165 4782 καὶ
1192 4731 1256 4781 ἐκ
1287 4728 1395 4781 τῶν
1428 4728 1639 4781 πολλῶν
1676 4746 1803 4782 συν-

216 4822 421 4894 τυχιῶν
458 4822 747 4892 μεθυσθεὶς
790 4820 991 4883 εὐθέως
1033 4820 1112 4889 τῷ
1155 4821 1254 4889 τῆς
1300 4821 1578 4889 πορνείας,
1618 4821 1650 4891 ἦ
1702 4822 1801 4891 τῆς

217 4914 481 4986 ὁρτῆςνῆ
531 4914 608 4983 τῷ
663 4914 763 4983 τῆς
795 4912 971 4983 λύπης
1016 4912 1227 4983 δαίμονι
1279 4914 1573 4985 περιπέσῃ,
1607 4914 1800 4978 οἵτινες

225 5007 464 5077 μάλιστα
503 5006 855 5078 λυμαίνονται
904 5008 1006 5075 τῆς
1050 5006 1441 5068 καταστάσεως
1484 5006 1650 5059 αὑτοῦ
1698 5007 1798 5077 τὴν

221 5101 605 5171 λαμπρότητα,
659 5098 800 5152 Ἀλλ’
830 5101 1013 5169 ἡμεῖς,
1044 5098 1202 5168 εἴπερ
1242 5097 1438 5169 ἔχομεν
1470 5099 1672 5152 σκοπὸν
1705 5098 1798 5151 τοῦ

223 5193 429 5262 γνῶναι
474 5191 661 5260 σαφῶς
690 5192 791 5261 τὴν
821 5174 1012 5244 τούτου
1056 5192 1415 5260 πανουργίαν,
1471 5190 1545 5261 μὴ
1591 5191 1802 5261 ταχέως

229 5286 592 5357 φθεγξώμεθα
629 5286 764 5355 πρὸς
796 5284 979 5347 αὐτὸν,
1030 5283 1161 5354 μηδὲ
1188 5283 1524 5353 δεικνύωμεν
1555 5283 1625 5336 τά
1656 5284 1805 5351 γινό-

234 5396 393 5449 μενα,
443 5378 560 5441 πῶς
604 5377 745 5432 κατά
773 5377 870 5448 τὴν
902 5377 1139 5432 διάνοιαν
1182 5377 1283 5439 τὰς
1313 5376 1604 5447 συντυχίας
1634 5378 1802 5447 ὲργά-

230 5471 404 5536 ζεται,
451 5471 546 5522 καὶ
588 5470 709 5522 τίνα
751 5471 951 5539 τρόπον
995 5466 1115 5523 κατ’
1147 5468 1325 5536 ὀλίγον
1370 5467 1679 5521 συνελαύνει
1711 5468 1803 5522 τὸν

227 5559 353 5615 νοῦν
401 5563 537 5633 πρὸς
583 5562 675 5617 τὸν
725 5562 972 5629 θάνατον,
1024 5561 1145 5614 ἐπεὶ
1175 5561 1431 5629 φεύξεται
1477 5560 1572 5629 ἀφ’
1620 5561 1799 5632 ἡμῶνο

307 5742 373 5776 ⁸³⁸
402 5741 590 5800 Matth.
639 5760 710 5807 vr.
738 5744 826 5798 2f.

909 5745 949 5776 “
982 5744 1153 5803 Exod.
1184 5761 1309 5809 xxv,
1334 5743 1447 5809 29;
1496 5741 1514 5797 l
1551 5741 1725 5799 Maeli.
1759 5758 1795 5807 ι,
1830 5742 1900 5798 ‘23
1925 5760 1941 5810 ;
1971 5740 2171 5798 Jcrem.
2205 5756 2303 5807 Lit,
2352 5738 2439 5807 18,
2500 5738 2591 5793 19.

1907 4727 2241 4796 disperdere,
2268 4739 2332 4777 ac
2359 4733 2729 4789 corrumpere,
2755 4725 2814 4770 nt
2847 4730 3002 4769 mens
3024 4728 3088 4767 ex
3119 4712 3237 4766 istis
3264 4710 3482 4764 inﬂam—

1910 4831 2074 4881 mata,
2128 4826 2178 4869 et
2228 4831 2258 4870 e
2312 4814 2499 4867 multis
2539 4809 2828 4878 colloquiis
2860 4806 3160 4869 inebriala,
3193 4803 3480 4857 confestim

1910 4910 2117 4965 i-ncidat
2152 4908 2205 4960 in
2236 4905 2537 4959 daemonem
2578 4898 2979 4959 fornicationis,
3036 4895 3115 4947 vel
3165 4892 3480 4953 iracundiae,

1906 5001 1990 5054 vel
2020 4998 2274 5062 tristitiae,
2302 4996 2395 5064 qui
2430 4994 2670 5047 maxime
2701 4991 2893 5043 vitiant
2940 5003 3004 5042 ac
3052 4987 3255 5039 laedunt
3304 4991 3482 5037 status

1908 5094 2029 5162 ejus
2060 5092 2385 5145 claritatem.
2420 5085 2532 5140 Nos
2567 5099 2716 5149 vero,
2756 5085 2803 5138 si
2834 5081 3188 5136 intentionem
3222 5077 3485 5131 habemus

1907 5186 2211 5241 luculenter
2257 5178 2606 5251 dignoscendi
2668 5176 2828 5246 hujus
2884 5174 3219 5237 versutiam,
3268 5187 3337 5225 ne
3375 5169 3487 5224 cito

1906 5278 2035 5348 quid
2059 5276 2160 5345 ipsi
2188 5272 2551 5345 proferamus,
2579 5287 2712 5325 neve
2742 5266 3155 5338 patefaciamus,
3182 5279 3304 5333 quae
3326 5263 3482 5326 fiunt,

1908 5372 2183 5443 quomodo
2234 5369 2490 5421 nimirum
2546 5363 2931 5418 intellectualia
2982 5359 3277 5413 fabricetur
3314 5356 3485 5411 collo-

1907 5467 2056 5536 quia,
2126 5476 2343 5533 quoque
2407 5468 2564 5528 pacto
2630 5454 2889 5526 paulatim
2947 5462 3181 5507 mentem
3247 5448 3485 5517 compcl-

1909 5561 1984 5614 lat
2029 5559 2096 5614 ad
2147 5565 2412 5621 mortem,
2464 5554 2588 5622 quia
2647 5552 2814 5623 fugiet
2856 5566 2886 5605 a
2943 5548 3141 5613 nobis,
3193 5563 3292 5602 nec
3336 5545 3485 5601 enim

2674 5736 2715 5769 ⁸³
2776 5734 3068 5796 Luc.xx1v,
3106 5731 3184 5786 l8.
