3808 6226
245 204 271 213 h
346 246 479 311 1211
1846 250 1909 308 s.
1932 250 2097 311 Nm
3482 238 3640 306 1212

337 357 575 414 sustinet
602 355 794 421 videri,
824 356 954 411 dum
986 356 1103 417 haec
1136 354 1305 423 facit;
1353 372 1419 412 ac
1462 365 1736 427 postremo
1778 358 1914 413 nihil

2067 360 2247 415 ιᾶσθαι
2297 359 2407 430 γάρ
2456 358 2627 412 ταῦτα
2671 356 2927 429 πράττων
2970 356 3033 409 οὐ
3062 356 3429 424 καταδέχεται
3456 371 3474 386 ο
3522 359 3637 410 καὶ

339 451 578 507 sciemus
607 464 821 513 eorum,
852 465 975 519 qua:
1014 450 1197 505 dicere
1246 450 1581 515 studuimus,
1609 466 1804 508 verum
1825 444 1923 506 ad-

2067 457 2175 510 5δὲν
2228 455 2417 509 λοιπὸν
2477 453 2734 523 εἰσόμεθα
2789 444 2865 508 ὧν
2930 451 3122 522 μαθεῖν
3164 449 3639 520 ἐσπουδάκαμεν.

336 545 447 601 huc
474 561 638 598 unam
672 545 839 610 diem,
893 545 1008 600 sive
1042 554 1097 599 et
1136 545 1297 601 aliam
1361 546 1727 602 concedamus
1772 546 1875 616 ipsi
1906 584 1921 609 ,

339 645 401 689 ut
426 645 605 694 artum
655 634 918 705 perficiat,
957 649 1098 703 quo,
1144 635 1431 704 diligenter
1465 634 1637 703 ipsius
1681 634 1921 703 ineptum

345 726 734 797 stupidumqne
767 725 1043 795 ingenium
1094 725 1475 794 dignoscentes
1495 766 1509 787 ,
1540 724 1777 794 postlnec
1808 740 1924 779 ser-

340 833 504 873 mone
535 818 713 888 ipsum
742 817 1025 885 arguendo
1058 826 1334 876 vertamus
1365 818 1416 871 in
1447 816 1653 888 fugam.

801 992 806 999 ,
847 931 1007 1002 522
1048 931 1277 988 CAPUT
1320 933 1413 987 Ix.

418 1045 524 1100 Sed
559 1044 819 1115 quoniam
854 1045 1155 1114 contingit,
1203 1045 1385 1113 quod,
1422 1046 1738 1100 tentationis
1785 1056 1925 1101 tem-

344 1153 497 1206 pore,
531 1153 709 1202 mens,
758 1152 884 1192 cum
918 1137 990 1193 sit
1015 1136 1287 1192 infuscata
1313 1176 1328 1202 ,
1377 1153 1443 1193 ac
1480 1139 1649 1194 veluti
1686 1142 1925 1194 excitato

344 1230 633 1285 faeculento
663 1245 823 1284 emno
853 1230 1159 1299 inquinata,
1193 1244 1303 1283 non
1334 1231 1595 1300 perspicit
1638 1230 1925 1300 diligenter

345 1335 411 1376 ea
440 1337 562 1391 quae
607 1322 762 1387 fiunt,
815 1331 938 1390 post
982 1337 1260 1377 secessum
1291 1320 1555 1377 daamonis
1603 1322 1747 1376 istud
1794 1324 1921 1376 ﬁat:

347 1410 640 1464 considens
674 1410 815 1479 apud
861 1411 1093 1479 teipsum
1138 1420 1413 1465 memento
1448 1427 1650 1477 rerum,
1679 1428 1801 1482 quae
1828 1413 1924 1466 tibi

348 1512 651 1556 evenerunt
702 1504 974 1557 undenam
1022 1503 1278 1572 coeperis,
1313 1512 1369 1558 et
1413 1520 1522 1574 quo
1566 1506 1921 1574 processeris,

348 1585 527 1662 quove
554 1593 605 1646 in
642 1594 763 1648 loco
807 1594 1239 1663 comprehensus
1267 1594 1437 1650 fueris
1466 1612 1497 1649 a
1527 1596 1720 1665 spiritu
1754 1597 1924 1650 forni-

2038 547 2198 601 Ἀλλὰ
2227 546 2323 600 καὶ
2358 545 2525 615 ἄλλην
2559 545 2689 615 μίαν
2717 543 2959 614 ἡμέραν,
2995 542 3029 613 ἢ
3063 543 3157 596 καὶ
3185 541 3455 612 δευτέραν
3492 558 3642 610 συγ-

2025 640 2366 710 χωρήσωμεν
2392 636 2541 706 αὐτῷ
2567 635 2856 689 τελειῶσαι
2882 634 2943 687 τὸ
2977 634 3223 704 δράγμα,
3251 632 3343 685 ἵνα
3368 632 3641 702 ἀκριϐῶς

2030 728 2292 799 μαθόντες
2341 727 2508 781 αὑτοῦ
2556 727 2619 778 τό
2675 725 3025 796 σωιὼρημα,
3070 724 3213 794 λόγῳ
3259 723 3404 793 μετά
3446 722 3641 776 ταῦτα

2027 820 2344 887 ὲλέγξαντες
2381 820 2544 873 αὐτὸν
2575 817 2813 888 φυγαδεύ
2824 835 2898 869 σω
2906 834 3025 886 μεν.

2634 933 2887 983 ΚΕΦᾹΛ.
2928 932 3006 984 6'.

2113 1043 2253 1096 Ἀλλ’
2281 1042 2472 1111 ἐπειδὴ
2505 1040 2648 1094 κατᾶ
2676 1040 2769 1092 τὸν
2796 1039 2993 1111 καιρὸν
3016 1037 3111 1092 τοῦ
3139 1038 3469 1109 πειρασμοῦ
3502 1054 3646 1108 συμ-

2029 1136 2228 1199 ϐαίνει,
2261 1134 2629 1205 τεθολωμένον
2658 1134 2790 1187 ὄντα
2815 1132 2907 1185 τὸν
2942 1130 3066 1184 νοῦν
3098 1132 3171 1201 μὴ
3206 1130 3466 1202 ἀκριϐῶς
3505 1131 3646 1183 ἰδεῖν

2023 1229 2094 1282 τὰ
2118 1228 2397 1298 γινόμενα,
2421 1226 2557 1297 μετὰ
2572 1225 2671 1295 τὴν
2702 1223 3051 1294 ἀναχώρησιν
3067 1224 3158 1275 τοῦ
3176 1223 3443 1291 δαίμονος
3472 1220 3645 1275 τοῦτο

2025 1319 2277 1389 γινέσθω’
2296 1318 2577 1381 καθεσθεὶς
2595 1318 2713 1370 καθ’
2729 1316 2939 1378 ἑαυτὸν,
2961 1316 3333 1385 μνημόνευσον
3358 1313 3483 1367 τῶν
3502 1331 3573 1365 συ
3582 1331 3647 1383 με·

2027 1412 2338 1481 ϐεϐηκότων
2367 1429 2446 1463 σοι
2467 1410 2827 1481 πραγμάτων,
2849 1409 3012 1462 πόθεν
3022 1426 3081 1462 τε
3094 1408 3241 1479 ἡρξω
3258 1408 3357 1460 καὶ
3369 1406 3486 1458 ποῦ
3504 1406 3647 1459 ἐπο-

2028 1504 2250 1576 ρεύθης,
2270 1505 2363 1557 καὶ
2380 1505 2438 1556 ὲν
2459 1504 2595 1573 ποίῳ
2614 1504 2762 1571 τόπῳ
2781 1500 3119 1571 συνελήφθης
3140 1499 3355 1557 ὑπὺντοῦ
3380 1497 3647 1568 πνεύμα-

2026 1617 2119 1662 τος
2154 1598 2251 1668 τῆς
2295 1596 2574 1667 πορνείας,
2622 1594 2656 1662 ἣ
2688 1595 2787 1663 τῆς
2832 1592 3025 1662 ὀργῆς,
3066 1592 3100 1661 ἢ
3136 1592 3234 1662 τῆς
3279 1592 3495 1662 λύπης,
3542 1591 3648 1643 καὶ

348 1685 601 1749 cationis,
635 1686 720 1740 vel
764 1686 1081 1749 iracundiae,
1132 1688 1213 1740 vel
1258 1688 1509 1759 tristitize,
1555 1697 1609 1742 et
1653 1691 1927 1757 quomodo

2067 1693 2150 1757 πῶς
2192 1692 2368 1745 πάντα
2417 1689 2607 1758 γέγονε
2645 1688 2713 1741 τὰ
2754 1688 3038 1758 γινόμενα,
3075 1686 3173 1740 καὶ
3208 1686 3401 1753 σαφῶς
3450 1685 3645 1738 ταῦτα

350 1774 497 1830 facta
530 1774 737 1829 fuerint
775 1777 983 1841 omnia,
1014 1793 1137 1846 quae
1165 1786 1283 1831 acta
1330 1788 1476 1843 sunt,
1522 1794 1586 1834 ac
1628 1779 1932 1835 luculenter

353 1868 462 1922 ista
488 1868 687 1933 edisce,
733 1877 789 1923 et
814 1870 1009 1922 manda
1044 1871 1357 1936 memoriae,
1409 1880 1468 1924 ut
1512 1871 1688 1939 ipsum
1731 1873 1933 1925 adven-

353 1967 559 2014 tantem
587 1959 771 2015 valeas
806 1975 1066 2027 arguere,
1098 1961 1391 2030 locumque
1434 1961 1503 2015 ab
1537 1962 1657 2030 ipso
1695 1962 1935 2016 abscon-

354 2065 480 2106 sum
527 2049 728 2115 indica,
778 2066 913 2105 neve
953 2049 1212 2121 deinceps
1261 2069 1385 2107 eum
1431 2054 1678 2107 secteris.
1718 2053 1774 2107 Si
1805 2070 1934 2109 vero

357 2142 630 2197 interdum
660 2142 796 2197 velis
820 2143 872 2196 in
902 2142 1143 2199 furorem
1171 2159 1389 2214 quoque
1415 2144 1590 2211 ipsum
1617 2160 1934 2213 provocare,

356 2246 485 2287 eum
516 2240 786 2286 astantem
814 2232 998 2287 subito
1027 2247 1229 2301 argue,
1271 2234 1636 2302 primuinque,
1674 2234 1726 2287 in
1774 2251 1935 2303 quem

357 2321 590 2392 prodiit,
626 2322 805 2376 locum
832 2323 1144 2390 manifesta,
1172 2332 1230 2380 et
1254 2325 1581 2391 secundum,
1607 2336 1659 2380 et
1689 2328 1936 2394 tertium;

358 2414 518 2469 valde
553 2430 790 2484 namque
838 2414 943 2469 fert
976 2431 1149 2485 aegre,
1191 2416 1415 2469 minime
1461 2416 1699 2471 tolerans
1737 2432 1938 2487 oppro-

360 2507 539 2563 brium
563 2526 578 2574 ;
607 2507 1007 2563 demonstratio
1034 2522 1182 2572 vero,
1215 2507 1363 2577 quod
1387 2509 1704 2578 tempestive
1726 2510 1791 2563 ad
1815 2525 1939 2564 eum

362 2599 534 2654 fueris
570 2599 806 2665 locutus,
839 2600 965 2664 erit,
1010 2598 1137 2668 quia
1170 2599 1338 2669 fugiet
1364 2615 1395 2653 a
1432 2608 1483 2653 te
1510 2601 1805 2669 cogitatio:
1832 2617 1941 2656 non

362 2700 450 2747 est
477 2692 677 2761 quippe
707 2692 995 2760 possibile,
1019 2691 1163 2760 quod
1193 2692 1456 2761 deinceps
1483 2701 1645 2756 astet,
1672 2694 1800 2747 dum
1827 2710 1943 2749 ma-

372 2781 571 2837 nifeste
600 2782 966 2851 redarguitur.
1021 2784 1162 2836 Huic
1192 2798 1323 2837 vero
1358 2783 1593 2838 dmmoni
1625 2786 1826 2839 erroris
1852 2800 1945 2841 su-

365 2884 555 2956 perato
586 2874 845 2939 succedit,
880 2890 975 2929 seu
1019 2873 1372 2942 subsequitur
1414 2875 1770 2944 gravissimus
1799 2892 1946 2930 som-

367 2981 495 3029 nus,
518 2974 573 3019 et
597 2966 945 3020 mortificatio
967 2982 1090 3020 cum
1121 2966 1292 3019 multo
1317 2966 1697 3034 palpebrarum
1720 2966 1939 3038 frigore,

2035 1780 2347 1850 κατάμαθε,
2377 1779 2471 1831 καὶ
2495 1777 2739 1847 παράδος
2766 1780 2832 1851 τῇ
2869 1778 3058 1848 μνήμῃ
3088 1777 3174 1829 ¹ἱνα
3202 1776 3335 1846 ἔχῃς
3373 1776 3645 1845 ἐλέγχειν

2034 1873 2198 1925 αὑτὸν
2241 1870 2558 1941 προσιόντα,
2605 1870 2699 1922 καὶ
2745 1869 2838 1921 τὸν
2886 1868 3268 1939 κρυπτόμενον
3315 1868 3411 1921 ὑπ’
3459 1866 3643 1920 αὐτοῦ

2034 1965 2199 2016 τόπον
2243 1963 2588 2033 καταμὴνυε,
2624 1962 2721 2015 καὶ
2751 1962 2851 2014 οὐκ
2897 1962 3281 2032 ἀκολουθήσεις
3320 1960 3485 2032 αὐτῷ
3523 1960 3655 2017 λοι-ν

2035 2059 2157 2113 πόν.
2229 2059 2293 2110 Εἰ
2339 2057 2397 2110 δὲ
2451 2055 2630 2126 βούλει
2677 2056 2807 2108 ποτὲ
2852 2057 2947 2109 καὶ
2985 2058 3064 2119 εἰς
3100 2056 3297 2126 μανίαν
3346 2057 3643 2127 προκαλέ-

2038 2152 2276 2214 σασθαι,
2321 2148 2540 2217 ἔλεγξον
2590 2148 2755 2201 αὑτὸν
2802 2147 2964 2211 εὐθὺς
3005 2147 3339 2212 ἐπιστάντα,
3389 2148 3499 2201 καὶ
3540 2148 3641 2202 τὸν

2036 2243 2255 2313 πρῶτον
2306 2242 2469 2294 τόπον
2522 2241 2601 2304 είς
2651 2239 2711 2293 ὃν
2742 2239 2961 2309 εἰσῆλθε
3003 2240 3349 2319 φανέρωσον,
3401 2241 3509 2293 καῖ¹
3540 2240 3639 2295 τὸν

2037 2332 2311 2404 δεύτερον,
2346 2332 2440 2387 καὶ
2492 2332 2585 2385 τὸν
2627 2331 2831 2403 τρίτον,
2881 2329 3023 2383 πάνυ
3055 2330 3164 2401 γάρ
3192 2330 3525 2399 χαλεπαίνει
3558 2330 3637 2401 μὴ

2040 2424 2223 2492 φέρων
2252 2424 2352 2494 τὴν
2387 2424 2648 2495 αἰσχύνην
2674 2439 2690 2454 ’
2741 2424 3020 2489 ἀπόδειξις
3069 2425 3128 2478 δὲ
3171 2424 3325 2478 ἔσται
3363 2424 3468 2478 τοῦ
3508 2443 3637 2479 και-

2044 2514 2176 2585 ρίως
2203 2532 2262 2567 σε
2293 2514 2628 2583 φθέγξασθαι
2659 2514 2796 2584 πρὸς
2833 2516 3016 2580 αὑτὸν,
3053 2516 3117 2569 τὸ
3161 2516 3509 2584 πεφευγέναι
3541 2517 3636 2569 τὸν

2040 2606 2299 2675 λογισμὸν
2331 2607 2439 2659 ἀπὸ
2472 2607 2566 2660 σοῦ
2590 2624 2604 2638 ’
2649 2607 2912 2661 ἀδύνατον
2945 2606 3056 2677 γὰρ
3080 2606 3266 2660 λοιπὸν
3302 2606 3504 2677 στῆναι
3533 2606 3635 2659 αὐ-

2039 2693 2134 2746 τὸν
2164 2694 2414 2763 φανερῶς
2442 2692 2820 2766 ἐλεγχόμενον.
2865 2695 3068 2749 Τοῦτον
3105 2695 3164 2748 δὲ
3197 2697 3516 2767 ἡττηθέντα
3540 2697 3633 2750 τὸν

2041 2786 2140 2856 τῆς
2171 2784 2375 2855 πλάνης
2404 2785 2634 2856 δαίμονα
2655 2787 2961 2857 διαδέχεται
2986 2787 3152 2851 ῦπνος
3181 2786 3515 2857 βαρύτατος.
3537 2788 3637 2841 καὶ

2042 2880 2312 2950 νέκρωσις
2353 2882 2491 2950 μετὰ
2521 2879 2862 2950 ψυχρότητος
2906 2879 3110 2949 πολλῆς
3158 2878 3268 2933 τῶν
3315 2879 3631 2951 βλεφάρων,

2043 2972 2140 3025 καὶ
2168 2972 2373 3042 χασμοὶ
2402 2972 2640 3043 ἄπειροι,
2672 2971 2766 3024 καὶ
2808 2966 2949 3040 ὦμοι
2987 2970 3339 3042 βαρούμενοι,
3371 2970 3471 3023 καὶ
3502 2986 3633 3042 ναρ-

365 3071 433 3115 ac
466 3056 692 3111 infinitae
742 3057 1141 3122 oscitationes,
1200 3058 1517 3128 gravatique
1572 3059 1829 3125 humeri,
1880 3074 1940 3115 ac

2067 3063 2288 3129 ιῶντες,
2336 3062 2480 3135 ἅπερ
2528 3066 2594 3133 τῇ
2647 3061 2885 3129 συντόνῳ
2940 3063 3216 3133 προσευχῇ
3273 3060 3525 3118 διαλύσει
3569 3060 3633 3115 τὸ

368 3155 674 3217 torpentes;
714 3164 835 3219 quze
871 3150 1085 3204 intensa
1134 3151 1383 3206 oratione
1421 3151 1679 3207 dissolvet
1711 3151 1946 3224 Spiritus

368 3253 617 3299 sanctus.

991 3354 1121 3415 CAP
1133 3355 1220 3411 UT
1260 3357 1330 3413 Χ.

444 3467 664 3531 Odium,
693 3468 839 3538 quod
868 3469 1129 3523 adversus
1168 3470 1447 3525 daemones
1482 3472 1764 3533 habemus,
1788 3474 1946 3528 nobis

367 3561 439 3618 ad
467 3562 698 3616 salutem
729 3563 956 3626 confert,
992 3572 1046 3616 et
1084 3564 1149 3617 ad
1199 3564 1411 3617 virtutis
1456 3568 1821 3634 operationem
1864 3577 1949 3621 est

368 3652 526 3706 valde
574 3654 989 3707 accommodnm
1031 3664 1084 3706 et
1135 3666 1341 3722 aptum.
1401 3656 1502 3709 Sed
1550 3656 1652 3710 hoc
1692 3656 1749 3709 in
1791 3658 1947 3715 nobis

371 3740 531 3809 ipsis,
560 3740 708 3794 velut
734 3741 1008 3809 quoddam
1044 3741 1243 3794 bonum
1272 3740 1430 3811 523
1466 3759 1684 3811 germen
1708 3746 1949 3798 enutrirc

373 3844 483 3885 non
526 3832 791 3898 valemus,
823 3848 951 3887 cum
992 3832 1220 3900 spiritus
1249 3835 1584 3901 voluptatum
1622 3844 1867 3890 amantes
1897 3838 1947 3891 id

369 3933 768 3992 corrumpant,
823 3924 998 3993 adque
1038 3925 1356 3990 amicitiam,
1408 3936 1458 3980 et
1499 3929 1945 3982 consuetudinem

377 4029 575 4069 rursus
612 4015 850 4069 animam
884 4026 1143 4080 evocent;
1191 4033 1377 4071 verum
1436 4019 1576 4073 hanc
1618 4020 1947 4082 amicitiam,

372 4120 472 4161 seu
519 4106 703 4175 potius
765 4122 1109 4176 gangraanam
1169 4118 1360 4163 cnratn
1395 4110 1662 4163 dillicilem
1712 4113 1950 4165 medicus

376 4198 689 4254 animarum
724 4210 880 4254 sanat
906 4216 999 4268 per
1029 4202 1465 4268 derelictionem;
1493 4202 1757 4271 permittit
1782 4205 1947 4269 enim,

373 4305 479 4346 nos
514 4290 717 4360 aliquid
754 4293 993 4347 terribile
1024 4295 1131 4362 pati
1180 4296 1249 4348 ab
1295 4295 1426 4363 ipsis
1473 4305 1667 4359 noctu,
1712 4311 1806 4350 seu
1857 4312 1951 4364 per

2049 3152 2273 3225 Πνεῦμα
2307 3151 2366 3206 τὸ
2401 3154 2577 3223 ὃγιον.

2663 3352 2915 3407 ΚΕΦΔΛ.
2953 3353 3011 3407 I'.

2118 3464 2273 3519 Πάνυ,
2300 3462 2361 3517 τὸ
2396 3465 2554 3533 μῖσος
2586 3464 2649 3517 τὸ
2679 3463 2822 3518 κατὰ
2868 3463 2977 3517 τῶν
3009 3464 3288 3534 δαιμόνων
3325 3465 3470 3535 ἡμῖν
3496 3465 3641 3537 πρὸς

2050 3554 2325 3624 σωτηρίαν
2356 3554 2751 3624 συμϐάλλεται,
2788 3554 2883 3606 καὶ
2915 3552 3051 3622 πρὸς
3099 3552 3200 3621 τὴν
3241 3552 3509 3621 ἐργασίαν
3533 3552 3627 3621 τῆς

2050 3646 2254 3715 ἀρετῆς
2290 3647 2439 3699 ἐστιν
2485 3647 2809 3715 ἐπιτήδειον
2863 3644 3003 3699 ἀλλὰ
3046 3643 3205 3700 τοῦτο
3245 3644 3540 3716 ἐκτρέφειν
3570 3644 3627 3697 ὲν

2049 3742 2285 3802 ἑαυτοῖς,
2319 3738 2508 3808 ὥσπερ
2537 3756 2591 3791 τι
2638 3738 2885 3806 γέννημα
2935 3735 3141 3804 ἀγαθὸν
3190 3735 3291 3787 οὐκ
3343 3734 3623 3805 ἰσχύομεν,

2049 3832 2160 3887 τῶν
2190 3830 2491 3901 φιληδόνων
2536 3828 2866 3898 πνευμάτων
2892 3826 3309 3898 διαφθειρόντων
3340 3827 3497 3890 αὐτὸ,
3536 3826 3626 3879 καὶ

2050 3926 2186 3995 πρὸς
2216 3922 2419 3991 φιλίαν,
2463 3920 2558 3973 καὶ
2591 3920 2883 3987 συνήθειαν
2915 3919 3077 3971 πάλιν
3121 3917 3221 3988 τὴν
3251 3916 3434 3986 ψυχὴν
3463 3919 3621 3969 ἐκκα-

2049 4015 2325 4085 λουμένων
2349 4028 2363 4041 ·
2417 4013 2553 4065 ἀλλὰ
2588 4010 2792 4080 ταύτην
2820 4010 2919 4080 τὴν
2952 4010 3154 4076 φιλίαν,
3207 4008 3412 4077 μᾶλλον
3442 4008 3500 4061 δὲ
3529 4008 3620 4079 τὴν

2052 4109 2305 4161 δυσίατον
2332 4104 2643 4174 γάγροιιναν
2673 4104 2701 4154 ὁ
2738 4103 2918 4171 ἰατρὸς
2951 4101 3059 4154 τῶν
3083 4101 3270 4170 ψυχῶν
3300 4101 3371 4153 δι’
3398 4102 3619 4168 ἐγκατα-

2050 4198 2277 4263 λείῲεως
2299 4193 2591 4265 θεραπεύει
2620 4210 2632 4222 ι
2672 4194 2941 4263 συγχωρεῖ
2966 4192 3076 4260 γάρ
3103 4209 3154 4243 τι
3177 4190 3413 4259 φοϐερὸν
3438 4189 3617 4242 παθεῖν

2052 4292 2197 4360 ἡμᾶς
2232 4287 2323 4342 ὑπ’
2356 4286 2533 4340 αὐτῶν
2563 4286 2777 4355 νύκτωρ
2824 4284 2857 4353 ἢ
2894 4284 3012 4354 μεθ’
3046 4284 3280 4353 ἡμέραν,
3332 4284 3430 4335 καὶ
3463 4283 3615 4337 πάλιν

374 4383 543 4451 diem,
573 4392 811 4454 tuncque
842 4386 1023 4439 denuo
1050 4388 1230 4440 anima
1260 4389 1325 4441 ad
1357 4387 1540 4442 odium
1569 4388 1940 4457 primigeninm

2067 4385 2087 4452 ἡ
2118 4380 2266 4450 ψυχὴ
2298 4377 2435 4449 πρὸς
2469 4376 2529 4428 τὸ
2557 4377 2865 4447 ἀρχέτυπον
2897 4378 3054 4444 μῖσος
3088 4375 3452 4445 ἐπανατρέχει
3479 4376 3612 4428 διδιιε⁵

376 4477 648 4543 recurrit,
703 4479 894 4532 edocta
933 4480 1113 4534 dicere
1167 4481 1233 4533 ad
1274 4480 1590 4543 Dominum,
1650 4482 1940 4535 secundum

2067 4473 2294 4541 σχομένη
2346 4469 2482 4540 πρὸς
2523 4469 2615 4520 τὸν
2649 4467 2851 4537 Κύριον
2881 4466 3080 4534 λέγειν,
3117 4467 3256 4520 κατὰ
3303 4467 3395 4519 τὸν
3440 4469 3609 4532 Δαϐὶδ,

375 4569 550 4625 David
584 4590 597 4625 :
639 4589 658 4622 ι
700 4570 947 4625 Perfecto
980 4572 1127 4640 ipsos
1162 4574 1385 4627 oderam
1421 4574 1567 4636 ndio,
1611 4574 1664 4627 in
1700 4574 1940 4630 inimicos

2067 4562 2116 4615 τὸ
2134 4602 2148 4627 ,
2183 4582 2203 4612 ι
2224 4560 2437 4614 Τέλειον
2470 4560 2625 4628 μῖσος
2653 4559 2880 4627 ἐμίσουν
2907 4558 3126 4623 αὐτοὺς,
3150 4560 3231 4621 εἰς
3252 4558 3478 4629 ἐχθροὺς
3502 4560 3610 4627 ἐγέ-

378 4665 510 4720 facti
561 4676 688 4720 sunt
727 4665 949 4719 mihi”.
994 4685 1011 4717 ι
1061 4664 1112 4720 Is
1157 4666 1357 4735 quippe
1407 4667 1647 4735 perfecto
1703 4668 1940 4722 inimicos

2067 4652 2207 4705 νοντό
2258 4667 2370 4720 μοι.
2402 4667 2420 4698 ι
2473 4641 2642 4710 Οῦτος
2691 4646 2800 4717 γὰρ
2848 4646 3055 4701 τέλειον
3112 4650 3268 4718 μῖσος
3321 4650 3469 4718 μισεῖ
3500 4650 3611 4713 τοὺς

375 4757 508 4811 odio
542 4756 722 4823 habet,
758 4757 849 4826 qui
888 4773 988 4811 nec
1021 4758 1329 4820 actualiter,
1365 4773 1467 4812 nec
1514 4758 1940 4814 intellectualitei

2067 4745 2306 4818 ἐχθροὺς,
2332 4743 2361 4794 ὁ
2393 4745 2530 4813 μήτε
2562 4742 2680 4794 κατ’
2710 4741 3015 4811 ἐνέργειαν,
3051 4742 3189 4812 μήτε
3224 4742 3365 4794 κατὰ
3393 4742 3611 4795 διάνοιαν

377 4856 600 4918 peccat;
638 4849 785 4918 quod
824 4849 1041 4917 quidem
1086 4850 1299 4918 primas,
1343 4849 1701 4921 maximaeque
1747 4852 1940 4922 passio-

2067 4838 2390 4909 ἁμαρτάνων
2415 4852 2429 4867 ·
2478 4837 2616 4907 ὅπερ
2647 4833 2748 4903 τῆς
2799 4832 3045 4904 πρώτης,
3097 4836 3192 4891 καὶ
3236 4834 3335 4905 τῆς
3368 4834 3612 4906 μεγίστης

377 4951 511 4991 num
546 4937 835 4993 vacuitatis
873 4947 957 4992 est
990 4949 1395 5009 argumentum.

1006 5046 1239 5104 CAPUT
1276 5048 1369 5104 XI.

455 5158 532 5214 De
557 5158 805 5214 daemone
834 5169 1039 5224 autem,
1074 5161 1168 5231 qui
1201 5161 1379 5230 ellicit,
1416 5174 1475 5219 ut
1504 5165 1687 5221 anima
1721 5166 1957 5235 stnpide,

2058 4930 2206 4984 ἐστὶν
2238 4929 2506 4992 ἀπαθείας
2538 4929 2852 4998 τεκμήριον.

2223 5026 2229 5033 ’
2648 5039 2902 5093 ΚΕΦΑΛ.
2945 5041 3047 5093 nr.

2129 5154 2266 5227 Περὶ
2302 5155 2357 5207 δὲ
2388 5151 2483 5206 τοῦ
2518 5151 2792 5221 δαίμονος,
2824 5149 2920 5203 τοῦ
2950 5152 3050 5219 τὴν
3080 5151 3259 5220 ψυχὴν
3289 5151 3611 5224 ἀναισθητεῖν

379 5249 688 5319 stolideque
740 5266 862 5305 sese
921 5260 1091 5319 gerat,
1139 5252 1267 5321 quid
1315 5264 1532 5325 oportet
1580 5256 1808 5311 dicere?
1860 5270 1940 5326 egt

2067 5247 2364 5310 ποιοῦντος,
2391 5244 2444 5297 τί
2466 5244 2546 5296 δεῖ
2578 5243 2756 5311 λέγειν
2780 5260 2795 5308 ;
2838 5240 2979 5306 Ἐγὼ
3006 5242 3114 5313 γὰρ
3142 5243 3358 5295 δέδοικα
3378 5244 3469 5297 καὶ
3487 5246 3611 5313 γρά.

380 5340 533 5396 enim
589 5341 754 5395 timeo
810 5341 878 5396 de
945 5343 1063 5410 ipso
1130 5343 1260 5411 quid
1309 5345 1587 5411 scribere;
1636 5361 1746 5415 quo
1801 5355 1958 5415 pacto

384 5433 571 5486 anima
600 5432 818 5501 proprio
852 5432 1015 5498 labat,
1051 5443 1105 5488 et
1135 5434 1402 5490 alienatur
1436 5452 1467 5491 e
1500 5446 1666 5492 statu.
1694 5436 1961 5507 Tempore

2067 5355 2188 5408 φειν
2220 5335 2349 5405 περὶ
2373 5332 2560 5399 αὐτοῦ,
2599 5332 2717 5395 πῶς
2746 5333 2778 5401 ἡ
2808 5333 2955 5403 ψυχὴ
2993 5331 3098 5400 τῆς
3122 5333 3331 5397 οἰκείας
3358 5333 3609 5399 ἐξίσταται

2066 5429 2488 5490 καταστάσεως·
2535 5426 2688 5494 παρὰ
2723 5425 2830 5495 γὰρ
2860 5425 2949 5477 τὸν
2986 5425 3177 5494 καιρὸν
3213 5426 3312 5493 τῆς
3343 5425 3610 5495 ἐπιδημίας

392 5540 634 5595 namque
659 5526 922 5581 adventus
955 5526 1077 5596 ejus
1114 5528 1359 5599 (scilicet
1386 5530 1690 5588 daemonisl
1723 5539 1837 5586 tum
1867 5528 1940 5584 De

2067 5520 2253 5590 αὐτοῦ,
2290 5518 2381 5574 καὶ
2419 5517 2510 5572 τὸν
2553 5515 2719 5585 φόϐον
2762 5513 2856 5569 τοῦ
2884 5513 3040 5582 Θεοῦ,
3088 5514 3180 5568 καὶ
3214 5513 3313 5585 τὴν
3346 5514 3617 5572 εὐλάϐειαν.

469 5640 514 5670 ⁸⁸
543 5638 688 5695 Psal.
718 5654 981 5697 cxxxvm.
1021 5641 1111 5697 22.
