3808 6226
254 297 405 367 1213

1254 296 1355 356 DE
1416 289 1788 355 MALIGNIS
1851 284 2513 348 COGITATIONIBUS.

3366 264 3505 330 1214

242 414 575 478 ἀποδύεται,
600 412 697 469 καὶ
739 410 841 483 τὴν
875 410 1173 483 ἁμαρτίαν,
1223 413 1323 482 οὐχ
1371 410 1648 482 ἁμαρτίαν
1685 403 1826 461 εἶναι
1856 436 1867 467 λ

1960 414 2101 471 metu,
2148 420 2210 459 ac
2262 404 2555 459 devotione
2584 398 2821 464 exuitur,
2866 404 2982 451 tum
3024 400 3306 464 peccatum
3349 396 3507 460 putat

242 508 545 578 λογίζεται,
600 508 693 560 καὶ
738 506 838 577 τὴν
887 506 1235 577 παρανομίαν
1282 506 1343 558 οὐ
1386 503 1601 575 νομίζει
1651 517 1831 572 παρα-

245 600 473 672 νομίαν,
505 599 785 663 κολάσεως
817 598 874 651 δὲ
905 600 998 653 καὶ
1030 600 1265 668 κρίσεως
1296 597 1547 661 αίωνίου,
1567 596 1644 658 ὼς
1674 591 1830 663 ψιλοῦ

248 694 502 764 ῥήματος
536 690 831 761 μέμνηται,
864 689 1140 760 καταγελᾷ
1164 690 1221 742 δὲ
1250 689 1417 750 ὄντως
1443 684 1666 756 σεισμοῦ
1703 701 1834 751 πυρο

249 785 450 854 φόρου,
496 782 593 835 καὶ
620 780 753 834 θεὸν
792 782 889 851 μὲν
920 780 1082 851 δῆθεν
1137 780 1409 849 ὁμολογεῖ,
1452 778 1505 830 τί
1557 777 1613 829 δὲ
1664 790 1835 845 προσ-

251 875 448 940 έταξεν
478 875 580 927 οὐκ
606 873 894 927 ἐπίσταται
917 890 930 903 ·
970 870 1200 935 τύπτεις
1226 873 1305 934 είς
1334 870 1401 923 τά
1432 868 1626 940 στήθη,
1658 883 1839 920 κινου·

258 967 431 1038 μένης
480 964 655 1035 αὐτῆς
704 965 843 1036 πρὸς
891 964 992 1035 τὴν
1045 964 1351 1034 ἁμαρτίαν,
1403 962 1497 1016 καὶ
1548 959 1688 1030 αὕτη
1739 960 1840 1013 οὐκ

255 1058 603 1113 αἰσθάνεται.
624 1056 757 1109 Ἀπὸ
787 1056 1021 1127 Γραφῶν
1050 1056 1294 1127 διαλέγῃ,
1324 1055 1419 1107 καὶ
1447 1054 1542 1123 ὅλη
1571 1051 1841 1120 πεπώρω-

173 1207 184 1219 _,
255 1167 375 1215 ται,
410 1151 503 1202 καὶ
530 1149 632 1205 οὑκ
670 1148 881 1202 ἀκούει·
925 1147 1127 1210 ὄνειδος
1155 1149 1289 1214 αὐτῇ
1322 1147 1384 1199 τὸ
1418 1146 1568 1215 παρά
1608 1143 1715 1195 τῶν
1743 1142 1841 1196 ἀν-

142 1236 187 1336 ξ
534 1239 893 1309 προσφέρεις,
923 1237 1020 1291 καὶ
1044 1237 1104 1289 οὐ
1133 1236 1407 1304 λογίζεται
1437 1233 1535 1302 τὴν
1559 1250 1633 1286 πα
1645 1232 1711 1303 ρὰ
1734 1234 1846 1294 τοῖς

257 1331 576 1402 ἀνθρώποις
609 1331 896 1402 αἰσχύνην,
938 1330 1039 1384 καί
1067 1330 1204 1397 αὓτη
1231 1330 1369 1390 ὅλως
1399 1328 1461 1380 οὐ
1490 1327 1725 1395 συνίησι,
1760 1325 1842 1379 δί-

259 1442 371 1495 κην
413 1425 598 1495 χοίρου
634 1422 1031 1494 καμμύσαντος
1063 1422 1398 1491 ὀφθαλμοὺς,
1423 1421 1518 1473 καὶ
1559 1420 1649 1472 τὸν
1673 1435 1848 1489 φραγ-

266 1517 375 1588 μὸν
398 1517 784 1581 διακόπτοντος
807 1534 821 1549 ο
855 1516 1041 1569 τοῦτον
1069 1515 1126 1568 δὲ
1165 1513 1257 1567 τὸν
1292 1512 1522 1583 δαίμονα
1542 1510 1849 1576 κενοδοξίας

258 1607 616 1681 χρονίσαντες
649 1608 914 1677 ἐπάγουσι
963 1605 1236 1674 λογισμοὶ,
1282 1599 1342 1658 οὗ
1384 1606 1434 1656 εί
1478 1603 1552 1673 μὴ
1582 1601 1850 1655 ἐκολοϐώ-

261 1700 443 1770 θησαν
472 1700 529 1752 αί
554 1698 783 1770 ἡμέραι,
811 1699 912 1751 οὐκ
934 1698 999 1750 ἂν
1026 1694 1204 1766 ἐσώθη
1232 1696 1383 1749 πᾶσα
1412 1693 1569 1763 σάρξ.
1604 1692 1713 1747 Καὶ
1740 1693 1848 1764 γὰρ

258 1791 376 1846 τῶν
405 1791 648 1853 σπανίως
681 1789 1139 1861 παραϐαλλόντων
1170 1789 1283 1849 τοῖς
1310 1785 1579 1854 ἀδελφοῖς,
1606 1784 1722 1837 ἐστὶ
1750 1783 1845 1836 καὶ

260 1882 303 1954 ἡ
334 1883 483 1937 αίτία
512 1882 783 1954 πρόδηλος
803 1900 816 1912 ο
862 1881 959 1935 ἐπὶ
993 1880 1301 1949 συμφοραῖς
1333 1878 1442 1949 γὰρ
1481 1877 1686 1947 ἐτέρων
1718 1875 1752 1946 ἢ
1787 1878 1844 1929 ὲν

260 1974 446 2038 νόσοις
473 1974 831 2045 πιεζομένων,
877 1972 917 2047 ἢ,
961 1973 1019 2025 ἐν
1056 1970 1327 2041 φυλακαῖς
1352 1968 1778 2038 δυστυχούντων,
1807 1966 1845 2039 ἦ

261 2067 561 2136 αἰφνιδίοις
617 2064 1061 2136 περιπιπτόντων
1117 2062 1408 2126 θανάτοις,
1482 2058 1847 2130 φυγαδεύεται

262 2153 442 2224 οὗτος,
472 2160 572 2227 τῆς
599 2157 778 2235 ψυχῆς
804 2155 949 2210 κατά
980 2154 1176 2227 μικρὸν
1219 2152 1723 2222 κατανυσσομένης,
1752 2149 1847 2204 καὶ

264 2254 349 2315 είς
381 2249 726 2319 συμπάθειαν
752 2248 1080 2327 ἐρχομένης,
1108 2248 1204 2300 καὶ
1230 2244 1579 2314 διαλυομένου
1606 2244 1702 2296 τοῦ
1735 2244 1850 2296 δαι-

269 2341 462 2414 μονίου
513 2339 881 2413 πωρὼματος,
932 2333 1008 2391 ὧν
1052 2338 1216 2407 ἡμεῖς
1262 2335 1579 2406 ἀποροῦμεν
1628 2333 1718 2387 διὰ
1749 2332 1849 2403 τὴν

265 2435 508 2506 ἔρημον,
571 2435 668 2490 καὶ
709 2433 810 2506 τὴν
870 2430 1068 2485 σπάνιν
1118 2430 1229 2485 τῶν
1297 2430 1427 2501 παρ’
1486 2428 1618 2500 ἡμῖν
1684 2424 1848 2479 ἀσθε-

272 2542 534 2583 νουντων.

870 2833 1125 2890 ΚΕΦΑΔ.
1164 2833 1263 2888 IB'.

350 2949 557 3007 Τοῦτον
587 2948 679 3004 τὸν
708 2946 943 3020 δαίμονα
976 2946 1216 3018 μάλιστα
1245 2943 1564 3016 φυγαδεύων
1592 2945 1620 2997 ὁ
1651 2942 1853 3015 Κύριος

274 3045 339 3101 ὲν
371 3046 483 3107 τοῖς
527 3040 878 3110 Εύαγγελίοις
919 3035 1253 3107 προσέταξεν
1296 3034 1656 3099 ἀσθενοῦντας
1696 3037 1850 3107 όρᾲν,

274 3138 374 3193 καὶ
399 3136 525 3199 τοὺς
556 3135 615 3187 ἐν
645 3132 858 3203 φυλακῇ
886 3128 1310 3189 ἐπισκέπτεσθαι
1332 3143 1348 3160 ⁸
1403 3146 1421 3179 ι
1458 3126 1713 3199 Ἀσθενὴς
1742 3127 1854 3199 γὰρ

275 3228 449 3297 ἤμην,
481 3225 635 3295 φησὶ,
664 3222 756 3277 καὶ
787 3218 1166 3287 ἐπεσκέψασθέ
1197 3237 1287 3290 με,
1319 3220 1413 3273 καὶ⁴
1436 3220 1493 3273 ὲν
1526 3220 1738 3290 φυλακῇ
1763 3220 1859 3272 καὶ

276 3317 480 3390 ἧλθετε,
502 3316 638 3389 πρός
669 3333 757 3385 με.
797 3332 816 3366 ι
851 3313 999 3383 Πλὴν
1029 3311 1189 3373 τοῦτο
1218 3311 1482 3377 ίστέον,εῐ
1500 3328 1582 3375 τις
1606 3310 1862 3366 τῶνάνα-

277 3409 565 3481 χωρητῶν,
615 3404 928 3478 περιπεσὼν
961 3404 1133 3474 τούτῳ
1164 3402 1241 3473 τῷ
1285 3402 1520 3474 δαίμονι,
1568 3402 1862 3474 λογισμοὺς

281 3502 384 3557 οὐκ
426 3500 587 3556 ἔλαϐε
634 3498 945 3572 πορνικοὺς,
988 3496 1023 3568 ἢ
1052 3495 1143 3549 τὸν
1186 3491 1334 3548 οἶκον
1365 3494 1595 3565 ἁκηδίας
1636 3494 1707 3548 ού
1727 3512 1863 3548 κατη

282 3594 491 3659 έλιπεν,
508 3584 663 3656 οὗτος
691 3588 1068 3661 σωφροσύνην,
1093 3588 1187 3639 καὶ
1204 3586 1485 3657 ὑπομονὴν
1501 3587 1595 3639 ἀπ’
1617 3586 1862 3657 οὐρανῶν

282 3685 501 3750 ἐδέξατο
546 3680 933 3746 κατελθούσας,
968 3680 1063 3733 καὶ
1097 3677 1366 3749 μακάριός
1400 3678 1518 3730 ἐστι
1541 3677 1642 3747 τῆς
1677 3676 1863 3730 τοιαύ-

282 3795 383 3849 της
410 3773 765 3842 καταξιωθεὶς
794 3772 1084 3834 ἀπαθείας.
1123 3771 1278 3823 Ὅσοι
1307 3769 1365 3823 δὲ
1394 3769 1502 3822 τῶν
1536 3768 1866 3838 ἐπαγγελλοη

286 3871 468 3944 μένων
491 3867 825 3931 θεοσέϐειαν,
853 3865 950 3920 καὶ
974 3859 1703 3935 κοσμικοῖςσυναυλίζεσθαι
1732 3876 1866 3930 προ-

284 3962 591 4035 αιροῦνται,
619 3957 1073 4029 φυλαττέσθωσαν
1094 3953 1285 4009 τούτου
1305 3952 1399 4005 τοῦ
1418 3953 1688 4023 δαίμονος.
1727 3952 1867 4021 Ἐγὼ

287 4056 398 4127 γὰρ
432 4054 559 4125 περὶ
586 4050 754 4105 αὐτοῦ
785 4049 946 4115 πλέον
976 4065 1028 4101 τι
1056 4046 1255 4123 λέγειν,
1279 4045 1314 4116 ἦ
1341 4046 1593 4117 γράφειν,
1624 4045 1869 4109 καὶτοὺς

289 4142 613 4217 ἀνθρώπους
644 4141 997 4213 αἰσχύνομαι.

889 4489 1156 4555 ΚΕΦΔΛ,
1186 4488 1286 4543 Il".

366 4610 574 4673 Πάντες
600 4609 649 4661 οἱ
680 4605 933 4675 δαίμονες
967 4603 1249 4674 φιλήδονον
1295 4601 1603 4655 διδάσκουσι
1635 4600 1735 4673 τὴν
1761 4601 1868 4671 ψυ-

294 4706 419 4775 χήνο
468 4701 625 4773 μόνος
660 4698 717 4752 δὲ
746 4701 775 4751 ὁ
804 4698 905 4766 τῆς
934 4694 1113 4765 λύπης
1156 4691 1385 4763 δαίμων,
1413 4692 1569 4746 τοῦτο
1610 4692 1871 4763 πράττειν

296 4796 363 4849 οὐ
396 4792 776 4861 καταδέχεται,
823 4787 959 4841 ἀλλά
984 4788 1079 4840 καὶ
1103 4786 1212 4840 τῶν
1241 4784 1591 4839 εἰσελθόντων
1619 4786 1746 4848 τοὺς
1780 4784 1871 4837 λο-

299 4884 535 4956 γισμοὺς
560 4881 886 4953 διαφθείρει,
939 4880 1120 4933 πᾶσαν
1165 4877 1359 4949 ⁴ἡδονὴν
1387 4877 1737 4949 περικόπτων
1778 4877 1876 4929 καὶ

302 4976 575 5053 ξηραίνων
602 4976 781 5045 αὐτὴν,
803 4972 893 5026 διὰ
926 4971 1024 5042 τῆς
1048 4968 1246 5041 λύπης.
1278 4969 1457 5039 Εἴπερ,
1484 4968 1676 5040 ἀνδρὸς
1705 4968 1879 5037 λυπη-

307 5068 403 5141 ροῦ
430 5066 741 5139 ξηραίνεται
778 5064 932 5125 ὀστᾶ,
968 5062 1065 5115 καὶ
1107 5061 1341 5133 μετρίως
1372 5061 1477 5131 μὲν
1503 5058 1757 5129 πολεμῶν
1788 5059 1878 5112 δό-

303 5176 464 5229 κιμον
507 5159 597 5212 τὸν
652 5154 1008 5227 ἀναχωρητὴν
1061 5152 1471 5225 ἀπεργάζεται·
1536 5152 1713 5205 πείθει
1772 5150 1881 5219 γὰρ

303 5249 467 5304 αὐτὸν
543 5249 710 5321 μηδὲν
781 5247 889 5302 τῶν
978 5243 1185 5314 κόσμου
1264 5246 1454 5299 τούτου
1525 5243 1881 5316 προσίεσθαι,

303 5342 401 5398 καὶ
450 5343 632 5395 πᾶσαν
679 5341 872 5412 ἡδονὴν
937 5338 1343 5413 περιίστασθαι,
1392 5337 1572 5391 πλεῖον
1610 5336 1668 5390 δὲ
1714 5350 1886 5405 προσ-

306 5432 626 5505 καρτερῶν,
709 5433 876 5503 γεννᾷ
946 5432 1239 5503 λογισμοὺς
1317 5428 1613 5497 ὑπεξάγειν
1680 5426 1871 5482 ἑαυτὸν

304 5528 374 5597 τῇ
403 5525 550 5596 ψυχῇ
585 5523 1142 5597 συμϐουλεύοντας,ςῆ
1174 5523 1396 5593 φεύγειν
1421 5522 1528 5576 τῶν
1554 5522 1737 5575 τόπων
1769 5537 1875 5591 μα-

1931 513 2038 552 non
2070 512 2193 552 esse
2220 504 2527 566 peccatum,
2576 503 2690 548 tum
2728 490 3067 560 iniquitatem
3111 499 3221 539 non
3250 481 3505 552 opinatur

1931 607 2052 648 esse
2084 592 2452 661 iniquitatem,
2486 597 2601 643 tum
2643 586 2979 657 punitionem
3012 589 3290 645 eternam,
3323 593 3388 633 ao
3415 577 3507 647 ju-

1933 686 2132 740 dicium
2186 693 2443 753 tanquam
2517 681 2749 750 simplex
2801 677 3021 732 effatum
3074 677 3504 735 commemorat,

1935 789 2051 834 tum
2086 778 2295 832 deridet
2344 786 2526 831 motus
2577 772 2972 828 concussiones
3027 782 3156 820 vere
3203 762 3507 834 igniferas,

1938 881 2052 927 tum
2089 871 2255 926 Deum
2290 869 2544 924 videlicet
2570 865 2879 928 confitetur,
2916 871 2991 925 at,
3038 859 3168 929 quid
3215 856 3506 913 mandarit.

1940 965 2186 1035 ignorat;
2246 961 2484 1033 percutis
2537 959 2590 1013 in
2642 971 2882 1029 pectora,
2916 952 3134 1025 quando
3176 966 3238 1005 ea
3273 948 3512 1020 (scilicet

1940 1054 2159 1122 anima)
2193 1061 2442 1106 movetur
2476 1050 2541 1105 ad
2576 1059 2860 1119 peccatum
2885 1085 2899 1110 ,
2934 1054 2988 1099 et
3028 1044 3145 1112 ipsa
3179 1056 3287 1096 non
3322 1040 3506 1095 sentit.

1942 1146 2020 1199 Ex
2055 1144 2353 1212 Scripturis
2386 1156 2689 1196 sermonem
2721 1138 2920 1200 habes,
2954 1134 3151 1204 illaque
3192 1143 3301 1185 tota
3331 1146 3510 1185 excas-

1943 1246 2063 1291 cata
2095 1244 2299 1294 manet,
2330 1249 2429 1287 nec
2454 1231 2639 1295 audit;
2671 1228 2898 1283 adducis
2932 1225 3029 1293 ipsi
3058 1224 3199 1293 quod
3231 1222 3299 1275 ab
3333 1221 3511 1276 homi-

1944 1327 2105 1381 nibus
2159 1323 2321 1396 524
2370 1322 2603 1377 infertur
2652 1318 2911 1375 dedecus.
2963 1326 3016 1369 et
3068 1331 3174 1368 non
3236 1318 3513 1382 computat

1945 1417 2319 1488 opprobrium,
2358 1414 2504 1484 quod
2535 1424 2620 1467 est
2645 1410 2785 1478 apud
2827 1406 3114 1470 homines;
3152 1404 3379 1473 ipsaque
3419 1418 3513 1472 pe-

1947 1511 2096 1564 nitus
2126 1523 2233 1563 non
2256 1505 2530 1575 intelligit,
2565 1501 2632 1556 ad
2663 1501 2835 1555 instar
2868 1498 3017 1568 porci
3051 1496 3355 1551 claudentis
3382 1508 3515 1547 ocu-

1949 1603 2070 1664 los,
2144 1613 2436 1668 sepemque
2482 1591 2840 1649 discindentis
2885 1607 2898 1643 :
2942 1587 3299 1658 cogitationes
3332 1591 3513 1637 autem

1948 1710 2103 1749 vanae
2140 1692 2325 1763 glorize
2365 1688 2572 1746 diutius
2626 1686 2989 1739 immanentes
3042 1680 3189 1733 hunc
3246 1675 3517 1730 inducunt

1948 1789 2275 1849 daemonem,
2303 1781 2462 1852 cujus
2497 1779 2599 1834 nisi
2631 1773 2930 1830 abhreviati
2962 1771 3195 1826 fuissent
3227 1768 3368 1830 dies,
3402 1780 3514 1820 non

1949 1877 2099 1932 salva
2133 1873 2272 1926 foret
2298 1869 2483 1926 omnis
2513 1881 2643 1921 caro
2667 1866 2731 1918 ¹⁵.
2774 1862 2986 1918 Etenim
3022 1858 3169 1930 quod
3201 1872 3279 1912 eae
3308 1856 3517 1926 cogita-

1949 1969 2126 2023 tiones
2158 1978 2283 2019 raro
2312 1959 2574 2017 accedant
2608 1958 2674 2012 ad
2726 1954 2922 2009 fratres
2943 1993 2958 2017 ,
3007 1965 3173 2006 causa
3226 1947 3521 2002 manifesta

1948 2068 2052 2115 est.
2088 2055 2229 2111 Dum
2254 2067 2447 2124 nempe
2471 2051 2563 2104 alii
2612 2058 2708 2103 aut
2736 2044 3158 2107 calamitatibus,
3191 2050 3287 2095 aut
3310 2038 3518 2094 morbis

1950 2153 2345 2223 Opprimantur,
2381 2155 2478 2200 aut
2510 2144 2710 2199 misere
2741 2141 2941 2211 degant
2969 2138 3063 2192 alii
3101 2136 3158 2190 in
3181 2133 3522 2198 carceribus,

1951 2254 2046 2299 aut
2101 2243 2154 2297 in
2211 2249 2416 2295 mortes
2475 2234 2719 2291 incidant
2764 2231 3107 2303 repentinas,
3155 2227 3259 2283 iste
3304 2226 3519 2281 daemon

1950 2336 2241 2405 eﬂ'ugatur,
2265 2346 2390 2387 cum
2417 2330 2601 2383 anima
2633 2325 2889 2398 paulatim
2921 2327 3337 2391 compungatur,
3370 2324 3424 2371 et
3453 2315 3523 2369 ad

1952 2426 2387 2498 compassionem
2430 2421 2649 2482 veniat,
2698 2417 2889 2487 sicque
2936 2413 3270 2485 excaecatio,
3319 2423 3439 2480 quae
3490 2422 3526 2462 ι

1951 2518 2217 2577 daemone‘
2256 2517 2436 2572 fuerat
2480 2519 2763 2583 compacta
2795 2548 2813 2575 ,
2866 2506 3198 2563 dissolvatur
3249 2522 3264 2559 :
3327 2502 3525 2571 quibus

1954 2614 2196 2685 (scilicet
2238 2606 2468 2677 mediis)
2505 2620 2607 2660 nos
2635 2600 2879 2659 destituti
2914 2615 3107 2655 sumus
3142 2604 3362 2666 propter
3389 2591 3529 2649 soli-

1955 2684 2223 2768 tudinem,
2261 2709 2315 2756 et
2351 2694 2732 2768 mgrotantium
2764 2690 3054 2763 penuriam
3093 2684 3237 2756 apud
3272 2698 3394 2738 nos.

2548 2824 2777 2885 CAPUT
2813 2822 2931 2878 XII.

2027 2944 2344 3006 Istiusmodi
2381 2943 2689 2998 daemonem
2723 2935 2959 2993 maxime
2993 2934 3047 2988 in
3083 2931 3270 3002 fugam
3302 2941 3532 2985 conver-

1958 3053 2080 3099 tens
2113 3039 2375 3095 Dominus
2420 3036 2476 3089 in
2522 3029 2830 3101 Evangeliis
2881 3025 3158 3096 praecepit,
3193 3021 3413 3076 visitare
3445 3018 3535 3072 in-

1960 3135 2171 3197 firmos,
2205 3141 2259 3185 et
2290 3127 2528 3183 invisere
2563 3138 2693 3187 eos,
2725 3119 2819 3191 qui
2856 3124 2987 3174 sunt
3028 3116 3085 3169 in
3114 3127 3350 3169 carcere.
3389 3129 3408 3163 ι
3445 3109 3536 3164 ln-

1960 3232 2150 3286 lirmus
2202 3226 2348 3282 enim
2399 3222 2476 3277 fui
2538 3216 2826 3291 (inquit),
2880 3224 2935 3270 et
2986 3211 3252 3269 visitastis
3298 3222 3430 3273 me;
3480 3212 3539 3261 et

1961 3325 2017 3379 in
2049 3335 2269 3379 carcere
2304 3318 2406 3379 fui,
2442 3324 2496 3371 et
2524 3311 2751 3368 venistis
2784 3309 2850 3364 ad
2882 3322 2969 3362 me
2991 3306 3057 3361 “.
3082 3324 3102 3357 ι
3143 3302 3537 3358 Verumtamen

1962 3417 2066 3471 hoc
2115 3410 2396 3468 sciendum
2442 3405 2607 3475 quod,
2664 3401 2839 3473 siquis
2879 3398 3356 3461 anachoretarum,
3412 3408 3539 3447 cum

1962 3508 2017 3563 in
2046 3507 2189 3560 hunc
2224 3503 2525 3557 daemonem
2562 3494 2854 3560 inciderit,
2904 3491 3262 3561 cogitationes
3302 3500 3406 3540 non
3437 3485 3539 3539 ha-

1962 3600 2083 3655 buit
2115 3594 2475 3656 meretricias,
2523 3596 2618 3644 aut
2667 3586 2923 3649 domum,
2977 3584 3090 3637 sive
3134 3580 3387 3636 cellulam
3429 3590 3541 3631 non

1964 3689 2253 3760 dereliquit
2285 3701 2398 3757 pra:
2448 3681 2677 3746 desidia,
2729 3679 2834 3735 iste
2887 3674 3329 3747 temperantiam,
3380 3680 3545 3738 atque

1964 3780 2284 3855 patientiam
2313 3792 2344 3831 e
2373 3774 2527 3829 caelis
2562 3769 2955 3827 descendentes
2998 3773 3080 3821 est
3124 3770 3445 3824 assecutus,
3477 3773 3544 3813 ac

1965 3852 2157 3931 beatus
2186 3871 2418 3931 exsistit,
2462 3864 2557 3937 qui
2589 3863 2685 3918 tali
2715 3859 2989 3932 passionis
3015 3856 3289 3913 vacuitate
3336 3852 3539 3923 dignus

1966 3979 2051 4027 est
2109 3967 2347 4023 habitus.
2382 3963 2661 4030 Quotquot
2706 3968 2885 4012 autem
2932 3954 3175 4011 divinum
3222 3949 3546 4022 profitentur

1972 4063 2205 4123 cultum,
2242 4067 2296 4112 et
2329 4052 2644 4116 mundanis,
2677 4065 2772 4105 seu
2806 4047 3164 4103 saecularibus
3209 4044 3418 4113 eligunt
3450 4056 3546 4095 co-

1969 4153 2245 4213 habitare,
2277 4156 2504 4202 caveant
2534 4141 2693 4213 525
2726 4142 2793 4195 ab
2824 4140 2931 4195 isto
2955 4139 3202 4194 dmmone
3228 4152 3242 4189 :
3271 4147 3372 4205 ego
3398 4131 3545 4187 enim

1969 4245 2037 4301 de
2076 4246 2194 4313 ipso
2240 4239 2473 4309 amplius
2513 4236 2715 4304 aliquid
2758 4232 2937 4287 dicere
2979 4240 3074 4286 aut
3115 4228 3357 4286 scribere
3382 4225 3548 4280 etiam

1974 4339 2124 4413 ipsos
2152 4332 2399 4388 homines
2426 4326 2785 4382 verecundor.
2847 4339 2850 4343 '

2554 4477 2784 4535 CAPUT
2822 4476 2962 4531 XIII.

2046 4603 2249 4658 Omnes
2282 4599 2558 4652 daemones
2585 4593 2815 4647 edocent
2842 4591 3105 4653 animam,
3154 4598 3211 4642 ut
3240 4601 3432 4641 amans
3479 4587 3547 4639 sit

1976 4697 2309 4763 voluptatum
2326 4707 2349 4757 ;-
2381 4688 2530 4744 solus
2564 4695 2747 4740 autem
2773 4684 2983 4739 daemon
3012 4680 3252 4735 tristitia:
3286 4678 3338 4732 id
3370 4676 3551 4731 facere

1978 4795 2198 4840 recusat
2225 4824 2240 4847 ,
2299 4780 2393 4835 sed
2436 4776 2829 4832 introeuntium
2872 4773 3227 4844 cogitationes
3267 4768 3547 4838 disperdit,

1979 4878 2310 4946 voluptatem
2352 4887 2570 4926 omnem
2601 4870 2797 4925 anima:
2829 4866 3196 4930 imminuens,
3242 4877 3307 4916 ac
3352 4859 3552 4914 infrin-

1979 4986 2133 5041 gens,
2170 4968 2454 5036 ipsamque
2483 4961 2789 5018 arefaciens
2818 4973 2915 5028 per
2945 4957 3211 5012 dolorem.
3267 4952 3549 5024 Siquidem

1981 5058 2221 5114 hominis
2267 5071 2378 5126 prae
2404 5054 2624 5109 tristitia
2655 5050 2889 5106 dolentis
2931 5049 3275 5102 exsiccantur
3312 5057 3438 5099 ossa
3470 5043 3559 5107 ";<

1981 5162 2038 5208 et
2081 5149 2429 5205 mediocriter
2452 5146 2670 5217 quidem
2706 5143 3032 5212 belligerans
3062 5138 3348 5210 probatum
3392 5134 3553 5189 ellicit

1985 5240 2417 5302 anachoretam;
2465 5234 2756 5306 persuadet
2796 5231 2999 5302 quippe
3033 5229 3140 5300 ipsi
3180 5228 3248 5283 ab
3296 5226 3553 5282 omnibus

1989 5332 2218 5401 hujusce
2256 5330 2446 5384 mundi
2500 5328 2664 5382 rebus
2715 5325 3028 5390 abhorrere,
3080 5334 3409 5390 omnemque
3453 5332 3529 5372 vo

1978 5425 2238 5495 luptatem
2290 5420 2534 5485 evitare;
2590 5418 2711 5488 plus
2760 5431 2889 5472 vero
2933 5427 3289 5485 perseverans
3330 5414 3555 5481 generat

1983 5516 2340 5590 cogitationes
2396 5511 2743 5569 consulentes
2800 5510 2993 5564 anima:
3042 5522 3164 5565 sese
3211 5504 3561 5571 subducere,

385 5702 437 5736 *λ
460 5699 646 5756 Matth.
682 5717 827 5765 xxxv,
858 5699 927 5755 ‘22
952 5718 965 5767 ;
992 5702 1160 5755 Marc.
1193 5717 1307 5766 xm,
1341 5699 1429 5754 20.
1510 5698 1552 5729 ¹⁶
1598 5696 1787 5752 Matth.
1820 5711 1945 5759 xxv,
1976 5695 2062 5752 56.
2144 5695 2184 5727 ¹⁷
2221 5692 2381 5748 Prov.
2409 5708 2538 5750 xm.
2578 5690 2665 5745 ‘29..
