3808 6226
230 271 372 336 1215

1701 265 1761 325 S.
1803 265 1972 326 NILI-

3351 261 3511 326 I216

226 398 324 442 aut
355 391 609 454 cogentes
639 380 830 452 procul
883 395 914 434 a
961 378 1098 434 locis
1145 376 1409 448 aufugere
1440 393 1452 430 :
1485 375 1631 442 quod
1657 377 1806 446 engi-

1989 375 2052 430 ἀν
2081 377 2490 446 ἀναγκάζοντας
2513 395 2527 409 ·
2580 379 2719 452 ὅπερ
2750 377 3060 448 λελόγισταί
3091 394 3242 440 ποτε,
3273 375 3368 429 καὶ
3395 377 3512 441 πέ-

226 479 363 534 tavit
387 475 695 547 quondam,
721 481 778 527 et
806 487 1001 543 passus
1030 483 1116 526 est
1143 484 1361 540 quoque
1406 477 1631 524 sanctus
1674 467 1806 532 Job,

227 573 357 627 dum
389 570 458 623 ab
496 568 600 622 isto
630 567 876 620 daemone
923 561 1357 633 perturbaretur,
1389 575 1453 614 ac
1485 571 1806 627 vexaretur;

231 666 306 718 ait
341 662 538 715 enim:
586 677 604 710 ι
653 659 871 713 Utinam
931 670 1145 725 possem
1195 653 1465 723 meipsum
1515 652 1808 718 edomare,

232 764 329 810 aut
367 752 575 824 precari
609 751 866 811 alterum,
899 758 954 802 et
985 748 1144 800 faciet
1180 745 1312 798 mihi
1345 743 1448 798 hoc
1482 742 1546 795 ¹⁸.
1586 760 1604 793 ι
1638 741 1812 810 Hujus

233 843 496 900 daemonis
541 841 711 910 figura
762 847 846 893 est
891 839 1111 906 vipera,
1158 835 1331 890 bestia
1383 833 1475 886 illa
1519 832 1673 902 cujus
1719 846 1815 885 na-

236 949 398 1002 tura,
453 935 499 990 si
559 932 822 987 benevole
889 940 944 984 et
997 928 1306 982 humaniter
1352 925 1530 990 detur,
1581 925 1811 978 aliarum

239 1030 479 1084 ferarum
529 1040 736 1080 venena
783 1021 1094 1082 labefactat,
1126 1035 1189 1074 ac
1215 1017 1514 1088 disperdit,
1559 1015 1818 1082 intempe-

239 1128 424 1175 ranter
465 1133 594 1172 vero
643 1125 928 1184 suscepta,
985 1114 1162 1182 ipsum
1209 1111 1372 1165 etiam
1439 1107 1641 1162 animal
1692 1121 1817 1160 cor-

242 1215 468 1281 rumpit.
530 1209 667 1263 Huic
711 1207 943 1262 daemoni
995 1203 1217 1258 tradidit
1274 1201 1475 1255 Paulus
1510 1214 1634 1254 eum
1661 1239 1676 1263 ,
1721 1199 1816 1267 qui

245 1299 490 1373 patrarat
535 1301 798 1370 ﬂagitium
825 1297 1094 1359 Corinthi,
1135 1295 1340 1350 idcirco
1373 1294 1551 1347 denuo
1577 1291 1820 1346 studiose

245 1394 439 1449 scribit
474 1390 798 1455 Corinthiis,
842 1388 1032 1442 dicens
1067 1405 1081 1440 :
1116 1404 1133 1438 ι
1183 1384 1516 1440 Confirmate
1560 1379 1612 1432 in
1662 1379 1817 1432 illum

245 1487 566 1541 charitatem
589 1524 604 1547 ,
653 1499 720 1537 ne
768 1481 908 1536 forte
941 1495 1008 1534 ex
1039 1476 1423 1533 abundantiori
1457 1473 1679 1528 tristitia
1726 1472 1822 1524 ab-

246 1579 534 1633 sorbeatur
576 1577 678 1632 iste
710 1575 832 1629 talis
859 1574 922 1627 ¹⁹.
969 1591 987 1622 ι
1023 1569 1224 1625 Verum
1261 1569 1350 1622 hic
1389 1566 1615 1636 spiritus
1649 1563 1821 1617 homi-

247 1686 346 1725 nes
370 1669 635 1724 alllictans
658 1666 809 1722 novit
831 1665 962 1733 ipsis
988 1661 1306 1716 conciliator
1326 1659 1490 1712 etiam
1525 1657 1634 1710 fieri
1667 1657 1820 1708 bona

1916 466 2078 519 πονθε
2113 467 2207 521 καὶ
2232 470 2260 521 6
2291 470 2444 536 ἆγιος
2477 467 2598 523 Ἰὼϐ
2632 469 2736 522 ὑπὸ
2766 469 2958 522 τούτου
2991 463 3510 538 παρενοχλούμενος

1911 560 2007 613 τοῦ
2036 559 2324 630 δαίμονος·
2367 581 2385 613 ι
2410 561 2538 614 Εἴθε
2567 561 2676 632 γάρ
2709 562 2996 632 δυναίμην,
3033 561 3220 630 φησιν,
3251 558 3511 629 ἐμαυτὸν

1915 650 2304 721 χειρώσασθαι,
2351 653 2384 723 ἢ
2420 652 2632 723 δεηθείς
2678 670 2742 721 γε
2770 654 2983 724 ἑτέρου,
3024 653 3119 704 καὶ
3146 651 3362 722 ποιησει
3401 665 3511 720 μοι

1913 742 2090 798 τοῦτο.
2127 762 2146 794 ι
2189 744 2394 797 Τούτου
2423 744 2516 798 τοῦ
2546 745 2800 815 δαίμονος
2831 743 3099 814 σύμϐολόν
3128 745 3270 795 ἐστιν
3304 744 3338 813 ὴ
3371 743 3512 812 ἔχι-

1913 834 2032 901 δνα,
2062 834 2124 888 τὸ
2160 835 2368 907 θηρίον,
2405 832 2474 909 ἦς
2505 839 2538 908 ἠ
2574 838 2735 908 φύσις
2762 836 3162 906 φιλανθρώπως
3211 835 3512 904 διδομένη,

1915 929 2041 992 τοὺς
2068 929 2176 982 τῶν
2205 930 2379 984 ἄλλων
2407 931 2610 1002 θηρίων
2645 932 2755 994 iob;
2781 930 3104 1000 διαφθείρει,
3151 929 3404 1000 ἀκρατῶς
3444 929 3513 981 δὲ

1917 1021 2299 1093 λαμϐανομένη
2331 1024 2425 1075 καὶ
2455 1024 2586 1076 αὐτὸ
2609 1023 2907 1094 διαφθείρει
2935 1023 2995 1075 τὸ
3017 1021 3174 1086 ζῶον.
3208 1022 3393 1091 Τούτῳ
3419 1020 3514 1092 τῷ

1916 1115 2130 1185 δαίμονι
2162 1117 2480 1186 παρέδωκεν
2507 1120 2535 1170 6
2572 1117 2783 1179 Παῦλος
2830 1117 2921 1169 τὸν
2958 1116 3014 1168 ὲν
3043 1116 3288 1186 Κορίνθῳ
3317 1132 3515 1184 παρα·

1918 1209 2254 1278 νομήσαντα,
2285 1209 2366 1261 διὸ
2395 1209 2491 1262 καὶ
2521 1210 2723 1280 γράφει
2753 1209 2917 1262 πάλιν
2952 1209 3254 1271 σπουδαίως
3280 1223 3293 1236 ·
3344 1227 3362 1258 ι
3385 1210 3517 1262 Ku—

1921 1301 2154 1369 ρώσατε,
2195 1301 2368 1369 λέγων
2404 1303 2518 1363 τοῖς
2561 1299 2892 1371 Κορινθίοις,
2937 1303 3016 1363 είς
3045 1300 3206 1352 αὑτὸν
3243 1299 3512 1370 ἀγάπην,

1921 1390 2009 1442 ἵνα
2033 1392 2106 1459 μή
2135 1407 2266 1442 ποτε
2304 1393 2372 1460 τῇ
2402 1391 2769 1461 περισσοτέρᾳ
2789 1390 2934 1461 λύπῃ
2965 1390 3242 1460 καταποθῇ
3265 1392 3293 1441 6
3313 1389 3516 1442 τοιοῦ-

1917 1497 2030 1543 τος.
2067 1500 2084 1530 ι
2142 1480 2281 1533 Ἀλλ’
2326 1477 2433 1533 οἶδε
2470 1481 2629 1535 τοῦτο
2676 1481 2858 1534 θλίϐον
2898 1482 3025 1544 τοὺς
3070 1482 3389 1551 ἀνθρώπους
3441 1481 3517 1534 τὸ

1921 1573 2139 1643 πνεῦμα
2205 1577 2302 1628 καὶ
2364 1575 2656 1646 μετανοίας
2725 1577 2909 1638 αὐτοῖς
2969 1574 3179 1644 ἀγαθῆς
3237 1576 3518 1647 πρόξενον

1923 1663 2167 1732 γίνεσθαι
2195 1683 2208 1696 ·
2265 1664 2388 1718 ὅθεν
2433 1666 2526 1720 καὶ
2555 1668 2584 1719 6
2618 1666 2772 1735 ἅγιος
2821 1667 3076 1738 Ἰωάννης
3103 1669 3132 1719 6
3165 1667 3518 1738 Βαπτιστὴς,

247 1759 608 1831 pmnitentiae;
639 1759 782 1810 unde
816 1765 869 1809 et
920 1761 1144 1807 sanctus
1174 1749 1412 1803 Joannes
1442 1747 1680 1831 Baptista
1705 1759 1820 1806 eos,

1984 1757 2052 1820 ιὺς
2102 1759 2207 1810 ὑπὸ
2254 1759 2444 1812 τούτου
2492 1761 2889 1830 κεντουμένους
2937 1758 3028 1813 τοῦ
3076 1760 3354 1829 δαίμονος,
3405 1762 3521 1814 καὶ

249 1823 344 1922 qui
394 1853 462 1907 ab
521 1823 627 1905 isto
686 1849 934 1902 daemone
983 1843 1406 1915 pungebantur,
1445 1849 1498 1894 et
1543 1823 1715 1908 .526
1755 1837 1822 1890 ad

249 1945 421 1999 Deum
452 1940 862 2010 confugiebant,
896 1939 1202 1992 admonens
1228 1933 1405 2002 inquit
1435 1949 1448 1984 :
1491 1948 1510 1980 ι
1540 1929 1823 1984 Genimiua

251 2037 583 2105 viperarum,
619 2032 744 2101 quis
785 2031 939 2084 vobis
980 2027 1216 2082 ostendit
1248 2025 1433 2094 fugere
1469 2023 1538 2076 ab
1586 2023 1662 2074 ira
1704 2035 1828 2072 ven-

252 2133 416 2189 tura?
462 2129 647 2184 Facite
699 2127 867 2196 igitur
909 2124 1144 2178 fructum
1187 2121 1408 2190 dignum
1458 2114 1823 2187 pcenitentiae;

252 2233 310 2278 et
361 2237 430 2278 ne
476 2219 679 2290 putetis
726 2218 907 2271 dicere
956 2215 1101 2268 intra
1149 2211 1509 2280 vosmetipsos
1560 2206 1824 2261 :Patrem

257 2316 522 2369 habemus
562 2311 880 2376 Abraham;
929 2309 1054 2363 dico
1094 2307 1238 2361 enim
1269 2305 1446 2369 vobis,
1475 2302 1620 2372 quod
1652 2307 1830 2371 potest

255 2407 402 2460 Deus
433 2419 497 2458 ex
529 2402 800 2472 lapidibus
843 2400 964 2455 istis
1009 2399 1277 2454 suscitare
1323 2397 1461 2468 ﬁlios
1505 2392 1826 2447 Abrahae”.

256 2494 647 2550 Verumtamen
671 2493 1005 2562 quicunque,
1030 2489 1304 2543 Abraham
1335 2488 1596 2549 imitatus,
1628 2499 1659 2539 e
1686 2492 1831 2538 terra

256 2589 426 2643 exivit
454 2602 573 2650 sua,
603 2596 658 2639 et
684 2600 715 2640 e
737 2584 1086 2654 cognatione,
1114 2583 1228 2650 ipse
1256 2581 1363 2634 isto
1390 2581 1553 2633 etiam
1584 2579 1832 2633 datmone

258 2678 453 2734 fortior
486 2676 675 2731 evasit.

841 2785 1071 2843 CAPUT
1109 2783 1249 2838 XIV.

334 2901 392 2956 Si
430 2902 556 2971 quis
591 2900 889 2955 iracundiae
923 2899 1237 2953 dominatus
1268 2905 1372 2960 est,
1413 2895 1529 2964 ipse
1557 2893 1834 2948 daemones

261 2996 463 3061 evicit;
494 2993 541 3049 si
573 3009 699 3048 vero
733 2994 859 3062 quis
895 2992 962 3046 ab
993 2993 1092 3046 ista
1140 2988 1395 3060 passione
1445 2986 1609 3041 fuerit
1645 2984 1836 3052 subju-

1926 1849 2372 1920 προσφεύγοντας
2395 1852 2472 1922 τῷ
2501 1853 2650 1922 Θεῷο
2683 1871 2702 1904 ι
2728 1853 3048 1923 Γεννήματα
3075 1853 3312 1924 ἐχιδνῶν,
3343 1855 3520 1923 φησὶ,

1925 1940 2007 2003 τίς
2041 1941 2169 2010 ὑμῖν
2197 1942 2444 2006 ὑπέδειξε
2475 1945 2665 2011 φυγεῖν
2697 1943 2806 1997 ἀπὸ
2836 1946 2932 2015 τῆς
2969 1943 3274 2015 μελλούσης
3298 1944 3519 2014 όργῆς;

1929 2032 2191 2101 ποιήσατε
2222 2028 2315 2085 οὖν
2349 2033 2560 2103 καρπὸν
2591 2031 2740 2098 ἀξιον
2785 2037 2883 2105 τῆς
2936 2034 3248 2103 μετανοίας,
3298 2035 3395 2086 καὶ
3428 2035 3521 2104 μὴ

1925 2122 2113 2194 δόξητε
2137 2123 2314 2191 λέγειν
2336 2126 2392 2177 ἐν
2413 2127 2646 2192 ἑαυτοῖς,
2663 2126 2882 2196 Πατέρα
2909 2125 3105 2196 ἔχομεν
3124 2125 3215 2178 τὸν
3229 2126 3518 2196 Ἀϐραάμ·

1928 2215 2074 2282 λέγω
2107 2216 2215 2286 γάρ
2265 2217 2393 2285 ὑμῖν
2440 2218 2519 2270 ὃτι
2568 2217 2793 2271 δύναται
2842 2219 2870 2271 6
2911 2217 3046 2281 Θεὸς
3079 2220 3142 2270 ὲκ
3186 2217 3298 2272 τῶν
3343 2216 3524 2270 λίθων

1929 2307 2134 2361 τούτων
2185 2312 2397 2380 ἐγεῖραι
2428 2309 2594 2364 τέκνα
2619 2310 2699 2380 τῷ
2757 2310 3024 2381 Ἀϐραάμ.
3071 2329 3089 2362 ι
3142 2310 3291 2380 Πλὴν
3332 2312 3440 2374 πᾶς
3483 2310 3523 2364 ὁ

1928 2401 2019 2455 τὸν
2053 2402 2302 2475 Ἀϐραὰμ
2335 2404 2736 2475 μιμησάμενος,
2777 2404 2870 2457 καὶ
2922 2403 3151 2468 ἐξελθὼν
3176 2405 3240 2456 ἐκ
3271 2403 3374 2472 τῆς
3405 2404 3521 2473 γῆς

1930 2495 2118 2559 αὐτοῦ,
2155 2498 2249 2550 καὶ
2275 2499 2340 2550 ὲκ
2365 2495 2468 2565 τῆς
2495 2497 2839 2566 συγγενείας,
2874 2497 3036 2560 αὐτὸς
3069 2497 3164 2550 καὶ
3190 2495 3382 2549 τούτου
3417 2493 3528 2549 τοῦ

1930 2586 2180 2658 δαίμονος
2209 2587 2430 2657 γέγονεν
2460 2588 2825 2660 ἰσχυρότερος.

2523 2788 2776 2841 ΚΕΦΑΛ.
2818 2788 2914 2840 ῐΔν.

2005 2899 2073 2953 Εἴ
2090 2918 2174 2962 τις
2209 2898 2381 2970 θυμοῦ
2423 2902 2787 2970 κεκράτηκεν,
2831 2893 2984 2962 οὗτος
3008 2899 3278 2970 δαιμόνων
3313 2902 3530 2969 κεκρά-

1936 3007 2124 3062 τηκεν,
2174 2993 2221 3043 εί
2253 2992 2308 3042 δέ
2336 3009 2422 3055 τις
2448 2991 2624 3060 τούτῳ
2650 2991 2729 3062 τῷ
2763 2993 2925 3046 πάθει
2972 2991 3320 3056 δεδούλωται,
3363 2986 3528 3054 οὗτος

263 3097 452 3157 gatus,
495 3086 541 3139 is
590 3099 621 3138 a
653 3084 763 3136 vita
811 3080 1112 3136 monastica
1142 3079 1366 3134 omnino
1401 3085 1485 3132 est
1515 3076 1743 3137 alienus,
1775 3089 1833 3127 ac

1984 3082 2231 3136 οναδικοῦ
2262 3082 2375 3152 βίου
2415 3084 2533 3135 ἐστὶ
2578 3083 2860 3145 παντελῶς
2893 3083 3195 3152 ἀλλότριος,
3243 3083 3342 3136 καὶ
3374 3083 3532 3149 ξένος

265 3178 430 3232 veluti
483 3175 802 3246 peregrinus
859 3175 1019 3244 longe
1068 3172 1236 3226 distat
1294 3187 1325 3224 a
1387 3169 1488 3222 viis
1542 3166 1842 3220 Salvatoris

268 3270 465 3324 nostri.
507 3267 793 3336 Siquidem
840 3266 957 3335 ipse
1005 3263 1272 3317 Dominus
1305 3269 1492 3315 noster
1517 3259 1718 3314 dicitur
1747 3258 1845 3311 do-

266 3378 392 3418 cere
453 3361 612 3414 mites
660 3359 776 3412 vias
837 3372 967 3412 suas
1010 3357 1078 3422 ",
1130 3355 1334 3409 idcirco
1393 3353 1842 3407 anachoretarum

273 3466 428 3505 mens
461 3447 695 3502 dillicilis
747 3456 832 3501 est
876 3455 1072 3516 captu,
1129 3460 1253 3500 cum
1306 3444 1361 3496 in
1409 3443 1845 3496 mansuetudinis

271 3541 552 3610 confugiat
589 3554 866 3609 campum,
899 3538 1028 3606 quia
1055 3537 1260 3590 nullam
1292 3534 1404 3589 fere
1436 3534 1684 3588 virtutem
1710 3534 1846 3587 adeo

272 3644 523 3692 metuunt
544 3635 838 3698 daemones,
866 3641 926 3685 ut
946 3623 1446 3685 mansuetudinem.
1477 3627 1628 3682 Hanc
1646 3627 1845 3681 etenim

280 3727 596 3798 possidebat
659 3735 714 3780 et
775 3724 987 3793 Moyses
1045 3723 1154 3789 ille,
1202 3721 1371 3775 .mitis
1431 3736 1594 3790 supra
1658 3735 1848 3776 omnes

274 3819 527 3871 homines
568 3825 793 3870 vocatus
822 3814 888 3868 “.
938 3811 1082 3878 Quin
1125 3821 1181 3866 et
1221 3823 1444 3866 sanctus
1480 3809 1642 3863 David
1688 3809 1846 3862 istam

274 3908 539 3964 memoria
567 3906 659 3960 Dei
689 3906 906 3976 dignam
929 3919 1052 3959 esse
1077 3902 1432 3964 acclamavit,
1463 3901 1616 3954 aiens
1642 3917 1656 3953 :
1689 3919 1707 3952 ι
1741 3900 1850 3954 Μο-

278 4010 483 4066 mento,
533 4000 782 4065 Domine,
834 3998 1038 4062 David,
1093 4005 1148 4051 et
1194 3997 1372 4052 omnis
1421 3994 1848 4050 mansuetudinis

277 4097 400 4165 ejus
423 4095 490 4146 ’⁸.
532 4114 550 4145 ι
595 4092 700 4146 Sed
736 4101 788 4146 et
823 4092 937 4160 ipse
965 4089 1215 4144 Salvator
1259 4090 1565 4144 imitatores
1597 4102 1698 4141 nos
1731 4101 1852 4140 esse

273 4189 440 4257 jussit
478 4201 592 4239 sua:
623 4183 1086 4248 mansuetudinis,
1121 4181 1310 4235 dicens
1341 4199 1352 4234 :
1389 4197 1408 4231 ι
1452 4178 1650 4233 Discite
1676 4192 1705 4230 a
1741 4191 1848 4241 me,

278 4279 408 4349 quia
438 4276 588 4330 mitis
621 4291 764 4339 sum,
799 4284 853 4328 et
881 4274 1105 4328 humilis
1136 4274 1318 4337 corde,
1361 4280 1415 4326 et
1453 4269 1737 4324 invenietis
1765 4284 1853 4321 rc-

277 4370 464 4439 quiem
510 4365 801 4420 animabus
843 4365 1040 4419 vestris
1071 4363 1136 4416 ²¹⁵.
1180 4382 1199 4414 ι
1259 4361 1415 4428 Quod
1467 4362 1514 4416 si
1556 4360 1678 4430 quis
1713 4359 1852 4414 escis

280 4459 501 4531 quidem
547 4469 710 4528 atque
743 4458 963 4527 potibus
993 4456 1336 4518 abstinuerit,
1365 4454 1702 4508 iracundiam
1727 4467 1852 4506 vero

282 4553 537 4624 malignis
586 4560 845 4622 provocet
901 4548 1358 4619 cogitationibus,
1400 4547 1488 4600 hic
1525 4545 1722 4600 similis
1773 4555 1856 4599 est

1941 3175 2047 3228 τῶν
2080 3174 2215 3228 ὁδῶν
2239 3174 2334 3227 τοῦ
2365 3175 2616 3244 Σωτῆρος
2647 3175 2804 3244 ἡμῶν
2831 3190 2845 3206 ·
2883 3177 3041 3245 εῐπερ
3072 3174 3238 3238 αὐτὸς
3265 3177 3295 3228 6
3319 3175 3534 3246 Κύριος

1943 3265 2100 3336 ἡμῶν
2137 3266 2355 3334 λέγεται
2393 3264 2663 3319 διδάσκειν
2705 3268 2834 3330 τοὺς
2869 3268 3064 3336 πραεῖς
3094 3265 3196 3329 τὰς
3233 3266 3391 3328 ὁδοὺς
3431 3266 3534 3318 a6-

1943 3359 2038 3412 τοῦ
2059 3377 2072 3390 ·
2116 3359 2196 3412 διὸ
2229 3360 2324 3413 καὶ
2353 3357 2519 3429 δυσθή
2532 3375 2690 3428 ρατος
2719 3360 2926 3427 γίνεται
2956 3358 3064 3412 τῶν
3095 3358 3538 3430 ἀναχωρούντων

1945 3459 1973 3509 6
2001 3455 2148 3522 νοῦς,
2183 3456 2260 3519 είς
2289 3455 2350 3509 τὸ
2380 3455 2479 3524 τῆς
2521 3457 2826 3526 πραότητος
2877 3457 3097 3524 φεύγων
3127 3457 3336 3510 πεδίονο
3373 3456 3530 3510 ούδε-

1950 3548 2079 3618 μίαν
2123 3547 2230 3618 γάρ
2277 3546 2386 3599 τῶν
2431 3547 2645 3616 ἀρετῶν
2691 3547 2877 3616 σχεδὸν
2934 3547 3075 3601 οὕτω
3123 3548 3432 3602 δεδοίκασιν
3481 3547 3535 3601 οε

1947 3638 2218 3706 δαίμονες,
2256 3637 2332 3698 ὡς
2379 3637 2690 3707 πραΰτητα·
2746 3636 2951 3708 ταύτην
2990 3639 3100 3709 γάρ
3143 3640 3241 3692 καὶ
3291 3640 3535 3708 Μωῦσῆς

1949 3731 2152 3791 ἐκεῖνος
2184 3729 2467 3798 ἐκέκτητο,
2509 3728 2691 3798 πραῢς
2724 3729 2878 3798 παρὰ
2908 3729 3117 3793 πάντας
3154 3731 3284 3791 τοὺς
3318 3729 3536 3800 ἀνθρώ-

1949 3837 2087 3882 πους
2116 3819 2358 3889 κληθείς.
2400 3821 2511 3873 Καὶ
2545 3823 2573 3873 6
2615 3821 2771 3888 ἆγιος
2815 3819 2870 3872 δὲ
2915 3821 3080 3874 Δαϐὶδ
3131 3821 3290 3886 ἀξίαν
3328 3822 3538 3892 ταύτην

1950 3912 2046 3981 τῆς
2064 3911 2158 3964 τοῦ
2181 3911 2316 3962 Θεοῦ
2345 3913 2565 3980 μνήμης
2589 3911 2969 3981 ἀπεφθέγξατο
2996 3908 3136 3965 εἶναι
3160 3929 3174 3942 °
3206 3932 3224 3964 ι
3245 3914 3536 3984 Μνήσθητι

1950 4004 2142 4074 Κύριε,
2178 4003 2372 4070 λέγων,
2403 4000 2496 4054 τοῦ
2525 4001 2712 4063 Δαϐὶδ,
2745 4003 2841 4055 καὶ
2884 4003 3064 4090 πάςης
3096 4004 3196 4071 τῆς
3225 4005 3538 4074 πραότητος

1951 4093 2138 4147 αὐτοῦ.
2193 4112 2212 4144 ι
2279 4093 2439 4146 Ἀλλά
2487 4094 2584 4147 καὶ
2611 4093 2776 4154 αὐτὸς
2806 4096 2834 4147 6
2865 4095 3053 4165 Σωτὴρ
3088 4097 3336 4165 μιμητάς
3387 4099 3540 4167 ἡμᾶς

1951 4184 2204 4238 ἐκέλευσε
2227 4184 2480 4252 γενέσθαι
2506 4183 2607 4252 τῆς
2637 4185 2846 4237 ἐκείνου
2877 4186 3186 4256 πραότητος
3209 4204 3225 4217 ο
3269 4205 3286 4236 ι
3313 4187 3538 4241 Μάθετε

1952 4276 2047 4329 ἀπ’
2069 4277 2224 4345 ἐμοῦ,
2243 4275 2435 4342 λέγων,
2464 4276 2568 4337 ὃτι,
2587 4275 2761 4346 πρᾶός
2781 4277 2918 4346 είμι,
2941 4277 3038 4328 καὶ
3053 4276 3310 4340 ταπεινὸς
3324 4281 3391 4348 τῇ
3410 4295 3540 4350 καρ-

1953 4369 2061 4439 δίᾳ,
2108 4369 2202 4421 καὶ
2246 4367 2506 4437 εὑρήσετε
2561 4367 2865 4420 ἀνάπαυσιν
2899 4369 3018 4431 ταῖς
3061 4366 3264 4437 ψυχαῖς
3293 4369 3473 4439 ὑμῶν.
3514 4388 3532 4421 ι

1955 4460 2016 4512 Ei
2048 4459 2106 4511 δέ
2147 4477 2228 4522 τις
2267 4458 2570 4529 βρωμάτων
2607 4458 2726 4528 μὲν,
2781 4458 2877 4512 καὶ
2921 4459 3205 4528 πομάτων,
3254 4461 3539 4532 ἀπέχοιτο,

1954 4549 2123 4620 θυμὸν
2155 4549 2210 4602 δὲ
2247 4548 2528 4618 λογισμοῖς
2574 4552 2828 4619 πονηροῖς
2878 4549 3136 4618 ἐρεθίζει,
3184 4545 3344 4614 οὗτος
3389 4551 3542 4606 ἔοικε

284 4648 409 4701 navi
445 4660 541 4715 per
585 4659 736 4698 mare
781 4643 1034 4712 vaganti,
1083 4655 1308 4710 quaeque
1349 4638 1650 4692 dzcmonem
1699 4637 1832 4690 habe

1984 4640 2362 4712 τοντοπορούσῃ
2395 4640 2504 4709 νηῒ,
2548 4642 2642 4693 καὶ
2674 4640 2875 4713 ἐχούσῃ
2907 4641 3136 4712 δαίμονα
3169 4642 3536 4715 κυϐερνήτην,

281 4738 444 4810 527
475 4738 932 4808 gubernatorem:
963 4734 1082 4786 ideo
1101 4730 1507 4795 attendemlum,
1531 4729 1710 4798 quoad
1741 4729 1857 4781 fieri

285 4838 485 4902 potest,
521 4830 643 4884 cani
676 4836 889 4891 nostro,
920 4825 1172 4893 idemque
1195 4823 1474 4876 docendus
1501 4831 1603 4885 est,
1628 4829 1689 4874 ut
1712 4821 1857 4875 solos

285 4923 561 4993 disperdat
599 4923 793 4990 lupos,
834 4927 888 4973 et
933 4933 1042 4972 non
1090 4916 1338 4970 comedat
1371 4930 1499 4969 oves
1525 4913 1592 4979 ³⁸,
1639 4929 1854 4967 onmem

285 5030 415 5085 erga
443 5029 634 5068 omnes
665 5013 916 5068 homines
949 5009 1215 5065 exhibens
1253 5006 1750 5062 mansuetudinem.

877 5121 1106 5179 CAPUT
1143 5120 1262 5183 XV.

356 5241 402 5297 E
433 5239 857 5313 cogitationibus
892 5237 1006 5292 sola
1035 5235 1124 5290 illa
1157 5250 1308 5286 vana:
1345 5231 1532 5301 gloriae
1572 5227 1857 5299 multiplici

287 5334 534 5390 abundat
569 5332 814 5395 materie,
848 5345 969 5400 qua:
1001 5338 1113 5381 tum
1158 5327 1476 5379 universum
1527 5321 1640 5376 fere
1687 5331 1861 5376 terra-

289 5444 411 5484 rum
433 5429 620 5483 orbem
643 5421 1072 5494 comprehendit,
1101 5429 1214 5474 tum
1243 5416 1497 5472 omnibus
1520 5415 1860 5469 dmmonihus

1954 4734 2035 4785 διὸ
2064 4733 2413 4802 προσεκτέον,
2442 4733 2540 4801 ὅση
2568 4731 2819 4802 δύναμις,
2853 4733 2929 4802 τῷ
2962 4733 3218 4804 ἡμετέρῳ
3254 4735 3402 4796 κυνὶ,
3444 4737 3542 4789 καὶ

1953 4827 2231 4880 διδακτέον
2258 4825 2439 4890 αὑτὸν,
2460 4826 2586 4888 τοὺς
2617 4824 2812 4887 λύκους
2845 4825 3038 4894 μόνους
3063 4826 3418 4897 διαφθείρειν,
3444 4830 3542 4881 καὶ

1960 4919 2036 4988 μὴ
2079 4917 2149 4970 τὰ
2200 4917 2447 4987 πρόϐατα
2501 4916 2843 4978 κατεσθίειν,
2897 4918 3077 4970 πᾶσαν
3125 4919 3541 4990 ἐνδεικνύμενον

1961 5010 2245 5080 πραότητα
2280 5008 2418 5079 πρὸς
2456 5007 2666 5070 πάντας
2696 5005 3038 5077 ἀνθρώπους.

2541 5121 2794 5174 ΚΕΦΑΛ.
2835 5119 2932 5173 ιΕα.

2032 5234 2208 5295 Μόνος
2247 5232 2358 5286 τῶν
2387 5232 2662 5302 λογισμῶν
2699 5234 2728 5285 ό
2751 5231 2850 5302 τῆς
2883 5231 3188 5295 κενοδοξίας
3223 5232 3341 5284 ἐστὶ
3370 5231 3538 5286 πολύ-

1965 5323 2108 5387 υλος,
2139 5323 2231 5376 καὶ
2259 5323 2387 5391 ὅλην
2415 5323 2597 5392 σχεδὸν
2629 5321 3049 5393 περιλαμϐάνων
3071 5321 3167 5392 τὴν
3189 5322 3538 5394 οἰκουμένην,

1966 5415 2057 5468 καὶ
2084 5414 2216 5466 πᾶσι
2241 5415 2350 5477 τοῖς
2381 5413 2628 5497 δαίμοσιν
2657 5413 2963 5482 ὑπανοίγων
2989 5412 3084 5475 τὰς
3115 5412 3307 5484 θύρας,
3347 5413 3541 5489 ῶσπερ

370 5611 414 5642 ’⁸
444 5607 567 5662 Job.
601 5624 711 5670 xvi,
750 5609 805 5660 ό.
882 5608 923 5638 ¹⁰
969 5605 1011 5658 ll
1044 5605 1168 5662 Cor.
1206 5622 1267 5669 ιι,
1299 5607 1352 5659 8.
1428 5606 1476 5637 ²⁰
1507 5605 1702 5660 Matth.
1745 5620 1828 5664 ιιι,

1990 5621 2006 5670 ;
2076 5601 2208 5658 Luc.
2266 5617 2348 5669 Ill,
2420 5599 2555 5670 7,8.
2632 5598 2676 5630 ²¹
2724 5596 2868 5652 Psal.
2917 5607 3072 5658 xxiv,
3131 5568 3185 5646 9.
3261 5592 3308 5623 ²¹
3363 5592 3532 5649 Num.

301 5693 380 5745 ιι,
411 5679 466 5735 ὅ.
542 5680 587 5708 ’³
618 5679 762 5732 Psal.
799 5692 982 5738 cum,
1018 5678 1068 5728 l.

1147 5676 1192 5708 “
1222 5675 1410 5730 Matth.
1445 5691 1520 5741 XI,
1547 5675 1637 5730 29.
1715 5676 1760 5706 ³⁵
1804 5672 1844 5727 ΙΙ
1880 5673 2021 5728 Tim.
2061 5691 2120 5739 ιι,
2155 5673 2243 5726 24.
