3808 6226
205 286 340 352 1217

1198 293 1297 355 DE
1354 294 1727 355 MALIGNIS
1802 294 2460 355 COGlTATlONlBUS.

3316 288 3457 355 1218

198 416 283 462 τις
316 397 585 469 προδότης
614 402 850 473 πονηρὸς
879 402 1089 474 ἀγαθῆς
1120 408 1410 477 γενόμενος
1441 406 1670 470 πόλεως.
1698 405 1789 458 Διδ

1892 405 2197 459 clanculum
2231 408 2408 475 aperit
2435 415 2640 474 portas,
2696 416 2888 475 estque
2914 405 3061 460 velut
3090 405 3311 476 quidam
3339 422 3458 461 ma-

197 491 293 544 καὶ
322 491 465 544 πάνυ
496 495 744 547 ταπεινοῖ
776 493 870 547 τοῦ
900 495 1313 567 ἀναχωροῦντος
1342 498 1432 550 τὸν
1473 496 1618 561 νοῦν,
1651 497 1780 550 πολ-

197 572 317 635 λῶν
351 583 526 651 λόγων
554 584 718 638 αὑτὸν
756 586 851 639 καὶ
881 589 1230 658 πραγμάτων
1272 590 1517 661 πληρῶν,
1560 590 1655 643 καὶ
1682 590 1780 653 τὰς

197 676 507 746 προσευχὰς
534 678 702 731 αὑτοῦ
737 677 1134 750 λυμαινόμενος
1182 682 1247 735 δι’
1276 676 1349 737 ὧν
1378 683 1555 737 πάντα
1586 683 1654 737 τά
1683 684 1781 753 τῆς

193 765 379 835 ψυχῆς
408 768 575 820 αὐτοῦ
609 768 901 839 τραύματα
933 770 1258 842 θεραπεύειν
1287 775 1599 839 σπουδάζει.
1644 776 1782 829 Τοῦ-

195 873 289 908 τον
316 858 410 910 τὸν
443 857 706 929 λογισμὸν
755 861 1077 927 συναύξουσι
1117 865 1325 928 πάντες
1373 866 1694 936 ἡττηθέντες
1732 867 1783 919 οἱ

194 947 475 1017 δαίμονες,
508 951 603 1005 καὶ
630 953 793 1007 πάλιν
823 955 893 1007 δι’
923 955 1088 1009 αὑτοῦ
1120 959 1319 1021 πάντες
1365 960 1446 1021 εἰς
1473 961 1571 1021 τὰς
1609 958 1783 1028 ψυχὰς

192 1044 571 1115 λαμὸάνουσιν
625 1048 849 1117 εἴσοδον,
902 1050 1183 1116 ποιοῦντες
1233 1052 1399 1117 δντως
1448 1052 1513 1105 τὰ
1558 1054 1782 1123 ἔσχατα,

193 1139 419 1209 χείρονα
464 1142 573 1196 τῶν
618 1143 870 1214 πρώτων.
918 1146 1011 1198 Ἐκ
1054 1146 1244 1199 τούτου
1292 1146 1348 1199 δὲ
1386 1148 1647 1215 γεννᾶται
1690 1147 1783 1200 τοῦ

191 1231 488 1304 λογισμοῦ,
522 1237 619 1290 καὶ
653 1240 679 1290 ό
714 1238 813 1309 τῆς
848 1239 1225 1310 ὑπερηφανίας
1258 1242 1483 1304 ἐκεῖνος,
1511 1244 1539 1294 ό
1569 1241 1628 1293 τὸ
1657 1243 1785 1294 ἀπο-

196 1329 529 1400 σφράγισμα
580 1332 679 1401 τῆς
732 1332 1069 1402 ὁμοιώσεως,
1117 1335 1212 1388 καὶ
1264 1336 1355 1388 τὸν
1398 1335 1660 1403 στέφανον
1691 1336 1783 1389 τοῦ

194 1418 433 1485 κάλλους
461 1424 556 1476 ἀπ’
582 1424 828 1493 οὐρανῶν
860 1427 939 1491 είς
967 1426 1072 1497 γῆν
1104 1428 1455 1490 κατασείσας.
1495 1428 1634 1481 Ἀλλ’
1657 1429 1787 1482 ἀπο-

196 1512 445 1583 πήδησον
474 1515 685 1583 τούτου,
714 1520 807 1572 καί
842 1519 916 1589 μὴ
948 1521 1227 1591 χρονίσῃς,
1263 1521 1350 1573 ἵνα
1384 1522 1456 1591 μὴ
1499 1521 1786 1591 προδῶμεν

194 1604 386 1669 ἄλλοις
412 1607 512 1677 τὴν
543 1608 686 1679 ζωὴν
712 1612 743 1680 ἡ
754 1610 893 1680 μῶν,
917 1612 1012 1665 καὶ
1033 1612 1124 1666 τὸν
1148 1613 1413 1683 ἡμέτερον
1439 1613 1553 1683 βίον
1573 1614 1788 1681 ἀνελεή-

201 1696 574 1765 μοσιξΤοῦτον
602 1700 658 1754 δὲ
682 1702 772 1753 τὸν
800 1702 1029 1772 δαίμονα
1059 1704 1351 1776 φυγαδεύει
1381 1705 1603 1772 ὲκτενὴς
1626 1720 1787 1771 προσ-

200 1787 363 1858 ευχὴ.
409 1789 505 1843 καὶ
537 1790 597 1843 τὸ
644 1792 811 1862 μηδὲν
860 1795 1052 1847 ἑκόντα
1096 1799 1290 1859 ποιεῖν,
1324 1796 1434 1848 τῶν
1467 1793 1786 1847 συντελούν-

196 1897 309 1932 των
333 1881 469 1950 πρὸς
494 1883 591 1952 τὴν
613 1884 887 1953 ἐπάρατον
912 1886 1091 1953 δόξαν.
1119 1888 1288 1941 Ὅταν
1308 1887 1495 1957 ὀλίγης
1517 1887 1784 1950 ἀπαθείας

196 1972 313 2025 τῶν
350 1973 780 2046 ἀναχωρούντων
819 1979 847 2030 ὁ
881 1977 1004 2041 νοῦς
1052 1978 1417 2047 ἐπιλάϐηται,
1468 1980 1587 2031 τότε
1635 1996 1790 2032 κενο-

194 2058 385 2126 δοξίας
432 2062 599 2117 ἵππον
632 2064 997 2137 κτησάμενος,
1030 2067 1231 2130 εὐθέως
1260 2068 1473 2121 ἐλαύνει
1509 2068 1648 2121 κατὰ
1692 2069 1790 2133 τὰς

196 2153 409 2218 πόλεις,
438 2155 677 2227 ἄκρατον
706 2160 771 2212 ὲκ
797 2158 895 2228 τῆς
921 2159 1077 2228 δόξης
1108 2161 1516 2231 ἐμφορούμενος
1548 2160 1788 2225 ἔπαινον,

194 2239 265 2314 ᾧ,
298 2247 421 2300 κατ’
448 2249 779 2319 οἰκονομίαν,
822 2250 882 2303 τὸ
917 2251 1134 2320 πνεῦμα
1177 2252 1276 2321 τῆς
1307 2251 1563 2321 πορνείας
1617 2254 1791 2305 ἀπαν-

196 2338 397 2409 τῆσαν,
437 2341 531 2392 καί
564 2342 643 2404 εἰς
672 2341 768 2393 ἕνα
811 2342 919 2395 τῶν
973 2343 1185 2411 συφεῶν
1218 2342 1548 2396 ἀποκλεῖσαι)
1581 2342 1788 2403 τοῦτον,

198 2433 456 2486 παιδεύει
484 2434 646 2487 αὑτὸν
683 2436 879 2506 μηκέτι
916 2436 1021 2506 πρὸ
1047 2436 1148 2505 τῆς
1178 2436 1387 2499 τελείας
1418 2437 1604 2503 ὑγείας
1632 2455 1792 2490 κατα-

196 2526 497 2595 λιμπάνειν
539 2525 639 2597 τὴν
671 2528 881 2597 κλίνην,
918 2528 1052 2598 μηδὲ
1084 2529 1211 2590 τοὺς
1252 2529 1517 2591 ἀτάκτους
1555 2529 1664 2581 τῶν
1692 2530 1791 2600 dp-

199 2618 432 2689 ῥώστων
458 2620 765 2688 μιμεῖσθαι,
789 2620 1004 2682 οἵτινες,
1029 2619 1106 2672 ἔτι
1135 2620 1365 2688 λείψανα
1388 2623 1488 2691 τῆς
1511 2620 1792 2682 ἀσθενείας

199 2709 268 2761 ἐν
301 2709 514 2770 ἑαυτοῖς
544 2709 954 2779 περιφέροντες,
985 2708 1121 2772 ὁδοῖς
1148 2710 1395 2772 ἑαυτοὺς,
1429 2710 1524 2762 καὶ
1545 2709 1792 2781 λουτροῖς

198 2798 462 2869 ἀκαίροις
511 2798 832 2864 ἐπιδιδόασι,
869 2801 963 2852 καὶ
1008 2803 1120 2863 τοῖς
1154 2800 1214 2864 ἐξ
1255 2800 1604 2871 ὑποστροφῆς
1634 2802 1792 2871 νοσή-

202 2910 345 2964 μασι
368 2894 778 2963 περιπίπτουσι.
807 2895 1006 2965 Διόπερ
1028 2896 1381 2967 καθεζόμενοι
1408 2897 1609 2968 μᾶλλον
1633 2914 1793 2968 προσ-

200 2985 422 3055 έχωμεν
471 2986 706 3049 ἑαυτοῖς,
756 2986 853 3052 ὡς,
903 2988 1306 3057 προκόπτοντες
1344 2990 1443 3058 μὲν
1493 2989 1553 3042 ὲν
1596 2990 1787 3060 ἀρετῇ,

1884 498 1969 552 lus
1999 500 2242 567 proditor
2275 500 2432 553 bona:
2463 500 2642 563 urbis;
2686 500 2805 551 ideo
2839 498 3180 553 anachoreta:
3204 540 3219 563 ,
3258 515 3352 553 seu
3404 501 3459 552 in

1883 605 2101 645 recessu
2159 592 2405 660 degentis
2444 591 2600 645 valde
2648 598 2884 644 mentem
2939 590 3223 654 humiliat,
3271 590 3460 644 multis

1883 694 2008 733 eum
2042 680 2262 748 replens
2308 681 2615 735 intellectus
2654 680 3008 749 conceptibus
3032 722 3045 745 ,
3098 691 3259 751 atque
3294 697 3462 750 nego-

1885 770 2011 833 tiis,
2051 771 2410 841 inficiensque
2456 772 2545 826 lue
2598 772 2771 840 ipsius
2826 773 3124 835 orationes,
3181 788 3276 841 per
3324 788 3461 840 quas

1884 864 2081 916 anima:
2113 878 2227 917 suae
2256 866 2484 919 vulnera
2514 865 2693 919 studet
2724 866 2841 934 ipse
2875 881 3089 919 curare.
3124 865 3325 919 Omnes
3354 866 3463 917 dte-

1884 970 2095 1020 moncs,
2128 958 2217 1028 qui
2248 958 2441 1011 devicti
2476 966 2641 1021 sunt,
2689 958 2833 1013 hanc
2881 959 3266 1027 cogitationem
3299 958 3463 1012 simul

1885 1058 2116 1120 augent;
2149 1059 2202 1105 et
2234 1066 2428 1105 rursus
2458 1050 2638 1105 cuncti
2661 1066 2757 1120 per
2782 1067 2899 1105 eam
2928 1051 2980 1104 in
3004 1051 3217 1105 animas
3246 1051 3453 1105 aditum

1886 1151 2194 1206 assumunt,
2232 1142 2517 1197 reddentes
2549 1158 2674 1197 vere
2706 1143 3005 1197 novissima
3047 1144 3230 1212 pejora
3263 1144 3463 1213 priori-

1886 1236 1988 1290 bus
2012 1237 2079 1288 ’⁸.
2118 1234 2197 1289 Ex
2248 1236 2350 1290 hac
2400 1244 2581 1289 autem
2617 1236 2944 1305 cogitatione
2998 1236 3234 1306 gignitur
3264 1246 3315 1291 et
3372 1237 3463 1290 illa

1886 1328 2156 1396 superbia:
2181 1368 2195 1392 ,
2250 1343 2372 1397 quze
2407 1329 2748 1397 signaculum
2782 1327 3190 1392 similitudinis,
3228 1344 3293 1383 ac
3337 1330 3462 1397 pul-

1886 1420 2214 1474 chritudinis
2247 1436 2509 1474 coronam
2549 1437 2579 1475 e
2610 1420 2765 1475 caelis
2796 1420 2848 1473 in
2884 1429 3084 1474 terram
3114 1420 3375 1485 decussit,
3400 1436 3466 1474 ac

1886 1510 2099 1579 prolabi
2142 1510 2313 1564 fecit:
2353 1526 2538 1565 verum
2578 1510 2647 1565 ab
2676 1511 2777 1565 ista
2826 1512 2998 1573 resili,
3053 1528 3154 1565 nec
3181 1513 3272 1566 diu
3307 1527 3463 1566 com-

1889 1604 2140 1668 moreris,
2178 1618 2277 1657 nec
2308 1604 2433 1658 aliis
2478 1605 2647 1657 vitam
2686 1611 2970 1669 nostram,
3020 1612 3347 1674 nostrasque
3387 1602 3467 1656 fa-

1889 1695 2142 1759 cultates,
2201 1711 2265 1750 ac
2325 1697 2470 1750 bona
2525 1695 3059 1751 immisericordibus
3120 1696 3462 1765 prodamus:

1889 1790 2051 1841 istum
2080 1804 2209 1842 vero
2234 1789 2535 1843 daemonem
2562 1790 2781 1845 assidua
2812 1788 2963 1861 fugat
2995 1791 3189 1856 oratio,
3222 1791 3466 1858 nihilque

1888 1881 2122 1936 libenter
2152 1880 2350 1946 facere,
2387 1890 2481 1935 aut
2508 1882 2689 1936 dicere
2722 1882 2962 1947 illorum,
2993 1898 3113 1951 qua:
3156 1882 3224 1936 ad
3269 1882 3466 1936 elatam

1889 1975 2116 2045 gloriam
2155 1978 2491 2031 conducunt.
2525 1975 2756 2043 Quando
2784 1978 3115 2047 aliquantam
3146 1978 3466 2047 passionum

1889 2067 2217 2119 vacuitatem
2251 2082 2408 2120 mens
2436 2068 2894 2122 anachoretarum
2928 2078 3087 2123 nacta
3120 2067 3303 2131 fuerit,
3340 2080 3469 2123 tunc

1890 2174 2093 2227 equum
2124 2174 2275 2213 vanae
2299 2159 2485 2227 gloriae
2513 2160 2823 2228 possidens,
2857 2161 3011 2215 ocius
3042 2161 3252 2230 equitat
3281 2162 3347 2215 ad
3379 2177 3469 2214 ur-

1891 2252 2026 2316 bes,
2076 2252 2435 2319 intemperata
2473 2252 2636 2306 laude
2687 2266 2717 2306 e
2769 2252 2940 2321 gloria
2997 2252 3346 2323 ingurgitata,
3404 2269 3469 2308 ac

1892 2343 2116 2412 repleta,
2159 2343 2270 2405 cui,
2317 2342 2473 2412 juxta
2522 2344 2940 2413 providentiam,
2973 2346 3201 2415 spiritus
3231 2344 3469 2399 fornica—

1893 2435 2056 2488 tionis
2080 2435 2244 2505 528
2265 2450 2583 2499 occurrens,
2616 2445 2778 2506 atque
2807 2436 2858 2490 in
2884 2452 2991 2491 una
3017 2452 3302 2507 porcorum
3336 2438 3467 2491 hara

1893 2526 2067 2596 ipsam
2104 2527 2415 2591 recludens,
2457 2527 2647 2582 edocet
2694 2542 2814 2582 eam
2864 2528 3179 2597 neutiquam
3234 2528 3472 2582 derelin-

1892 2635 2060 2689 quere
2113 2620 2315 2673 lectum
2370 2630 2498 2674 ante
2556 2618 2853 2689 perfectam
2911 2621 3311 2683 valetudinem,
3369 2635 3472 2675 nec

1893 2711 2283 2767 immoderatos
2316 2712 2565 2766 infirmos
2608 2712 2831 2774 imitari,
2882 2713 2996 2781 qui,
3027 2714 3155 2767 dum
3204 2712 3365 2766 etiam
3411 2714 3470 2766 in

1893 2804 2089 2872 seipsis
2118 2803 2377 2873 reliquias
2404 2803 2807 2860 circumferunt
2838 2804 3191 2869 infirmitatis.
3223 2820 3342 2858 sese
3374 2804 3471 2858 de-

1892 2895 2029 2950 dunt
2086 2896 2489 2967 intempestivis
2536 2897 2844 2961 itineribus,
2897 2908 2952 2951 et
3011 2897 3252 2962 balneis,
3306 2897 3473 2967 inque

1893 2988 2115 3043 morbos
2148 2988 2400 3043 incidunt
2449 2988 2710 3044 recidive.
2755 2989 3121 3056 Quamobrem
3165 2988 3474 3043 sccedendo

199 3078 518 3149 δυσκίνητοι
552 3078 688 3149 πρὸς
714 3079 912 3133 κακίαν
942 3082 1227 3151 γινόμεθα,
1259 3083 1707 3153 ἀνακαινούμενοι
1733 3082 1787 3135 δὲ

1893 3080 2072 3147 potius
2100 3079 2257 3135 nobis
2290 3080 2424 3149 ipsis
2455 3080 2826 3144 attendamus,
2852 3080 2998 3151 quod
3036 3081 3313 3144 nimirum,
3338 3082 3469 3134 dum

202 3172 268 3223 ὲν
319 3173 385 3241 τῇ
437 3169 665 3237 γνώσει,
728 3172 986 3225 ποικίλων
1042 3174 1536 3244 προσλαμϐάνομεν
1587 3175 1789 3245 πλῆθος

204 3264 606 3332 θεωρημάτων,
650 3263 943 3335 ὑψούμενοι
995 3264 1052 3317 δὲ
1099 3264 1262 3319 πάλιν
1309 3267 1449 3320 κατά
1485 3267 1583 3335 τὴν
1620 3284 1788 3338 προσ-

203 3351 375 3421 ευχὴν
406 3351 785 3423 φανερώτερον
812 3352 874 3406 τὸ
898 3352 996 3407 τοῦ
1037 3354 1289 3427 Σωτῆρος
1326 3357 1359 3428 η
1370 3356 1485 3425 μῶν
1520 3356 1790 3410 ἐποπτεύ-

206 3462 381 3515 σομεν
409 3443 546 3515 φῶς.

799 3665 1050 3720 ΚΕΦΑΛ.
1091 3667 1211 3734 ις’.

282 3780 472 3842 Πάσας
503 3780 600 3851 μὲν
624 3779 723 3843 τὰς
759 3779 1096 3850 κακουργίας
1124 3778 1235 3832 τῶν
1263 3778 1533 3849 δαιμόνων
1560 3778 1793 3850 γράφειν

206 3874 276 3930 οὐ
302 3872 561 3942 δύναμαι,
602 3875 700 3925 καὶ
731 3871 829 3933 τὰς
862 3870 1220 3940 κακοτεχνίας
1262 3870 1443 3924 αὐτῶν
1473 3871 1794 3939 καταλέγειν

207 3964 565 4035 αἰσχύνομαι,
596 3961 850 4026 δεδοικὼς
880 3963 989 4016 τῶν
1017 3962 1419 4033 ἐντευξομένων
1445 3966 1571 4028 τοὺς
1596 3964 1795 4018 ἁπλου-

208 4060 460 4129 στέρους.
525 4056 672 4127 Πλὴν
729 4054 788 4107 δὲ
838 4053 930 4107 τοῦ
985 4052 1295 4124 πνεύματος
1348 4054 1446 4125 τῆς
1504 4057 1791 4124 πορνείας,

207 4150 380 4203 ἄκουε
417 4145 775 4217 πανουργίαν.
807 4144 975 4197 Ὅταν
1007 4160 1091 4207 τις
1122 4144 1216 4196 τοῦ
1249 4143 1650 4214 ἐπιθυμητικοῦ
1696 4147 1793 4215 μέ-

212 4257 344 4310 ρους
392 4239 662 4309 κτήσηται
710 4236 1005 4302 ἀπάθειαν,
1052 4236 1144 4289 καί
1188 4238 1237 4290 οἱ
1289 4237 1505 4307 αἰσχροὶ
1546 4237 1791 4308 λογισμοὶ

207 4327 403 4381 λοιπὸν
448 4325 750 4397 ὑπόψυχρα
795 4325 1085 4393 γένωνται,
1136 4325 1198 4378 τὸ
1236 4327 1538 4395 τηνικαῦτα
1584 4328 1793 4395 εἰσάγει

1892 3173 2277 3241 progredimur
2308 3173 2529 3243 quidem
2566 3174 2621 3227 in
2651 3174 2875 3237 virtute,
2910 3189 3053 3243 tegre
3082 3188 3370 3228 movemur
3400 3171 3471 3226 ad

1891 3266 2179 3332 malitiam,
2212 3275 2269 3323 et
2304 3268 2433 3323 dum
2469 3268 2524 3322 in
2559 3267 2872 3337 cognitione
2906 3281 3255 3332 renovamur,
3288 3266 3471 3320 varia-

1891 3376 2015 3416 rum
2052 3361 2352 3432 accipimus
2392 3361 2794 3415 multitudinem
2826 3360 3294 3429 speculationum;
3341 3374 3472 3414 rur-

1892 3467 2116 3522 susque,
2147 3453 2277 3506 dum
2309 3452 2375 3506 ad
2404 3452 2707 3505 orationem
2740 3451 3037 3518 elevamur,
3066 3449 3248 3505 lumen
3280 3448 3473 3504 Salva-

1894 3545 2030 3599 toris
2059 3543 2234 3598 nostri
2258 3542 2462 3598 clarius
2495 3541 2872 3611 inspiciemus.

2469 3653 2699 3712 CAPUT
2741 3652 2883 3709 XVI.

1962 3767 2157 3825 Omnia
2197 3770 2416 3840 quidem
2449 3770 2756 3823 daemonum
2794 3768 3059 3824 maleﬁcia
3091 3768 3330 3824 scribere
3360 3784 3473 3824 non

1894 3878 2143 3932 possum,
2192 3862 2547 3932 ipsorumque
2590 3863 2861 3931 malignas
2910 3871 3055 3916 artes
3093 3864 3259 3931 pudet
3307 3860 3471 3915 dinu-

1894 3970 2143 4020 merare,
2192 3957 2400 4009 veritus
2448 3970 2516 4008 nc
2563 3948 2906 4009 offendantur
2948 3954 3328 4023 simpliciores,
3377 3955 3471 4024 qui

1894 4047 2143 4117 legerint.
2194 4046 2300 4109 At,
2356 4054 2554 4115 praeter
2587 4044 2967 4100 fornicationis
3019 4046 3294 4116 spiritum,
3345 4046 3472 4101 audi

1895 4139 2189 4193 vafritiem.
2245 4137 2477 4207 Quando
2539 4138 2735 4207 aliquis
2783 4138 3103 4207 passionum
3158 4137 3472 4207 acquisierit

1893 4231 2224 4286 vacuitatem
2284 4230 2337 4284 in
2399 4240 2553 4299 parte
2612 4229 3045 4298 concupiscihill,
3109 4241 3473 4300 eaztcrumque

1895 4334 2080 4393 turpes
2109 4322 2467 4394 cogitationes
2504 4320 2822 4391 subfrigidze
2855 4322 3167 4387 evaserint,
3220 4334 3348 4377 tunc
3389 4323 3473 4377 in-

209 4417 415 4487 ᾶνδρας
462 4434 546 4480 τε,
597 4417 691 4469 καὶ
738 4417 1002 4484 γυναῖκας
1036 4414 1329 4479 παίζοντας
1361 4415 1481 4483 μετ’
1528 4416 1790 4486 ἀλλήλων,

1896 4417 2135 4472 troducit
2187 4416 2357 4479 viros,
2412 4424 2576 4485 atque
2626 4414 2883 4469 mulieres
2934 4426 3127 4470 mutuo
3183 4417 3471 4485 ludentes,

212 4511 311 4564 καὶ
343 4509 585 4580 αἰσχρῶν
639 4508 1008 4579 πραγμάτων,
1056 4510 1152 4561 καὶ
1197 4508 1494 4578 σχημάτων
1537 4508 1629 4560 τὸν
1664 4510 1795 4564 ἀνα-

212 4603 472 4673 χωρητὴν
502 4600 791 4670 καθίστησι
819 4601 1039 4670 θεατήν.
1088 4599 1224 4652 Ἀλλ’
1251 4594 1407 4664 οὗτος
1429 4603 1457 4654 ό
1487 4601 1793 4670 πειρασμὸς

214 4693 319 4745 οὐκ
349 4692 463 4744 ἐστι
496 4692 605 4744 τῶν
637 4690 1013 4761 χρονιζόντων·
1050 4692 1331 4763 προσευχὴ
1377 4693 1485 4764 γὰρ
1516 4692 1788 4757 σύντονος,

215 4782 315 4836 καὶ
344 4781 520 4834 δίαιτα
560 4782 867 4852 στενωτάτη
914 4785 1051 4850 μετά
1086 4781 1415 4852 ἀγρυπνίας,
1459 4782 1550 4835 καὶ
1581 4800 1791 4853 γυμνα-

217 4872 343 4935 σίας
385 4873 756 4942 θεωρημάτων
801 4871 1185 4942 πνευματικῶν
1217 4872 1407 4944 ῶσπερ
1442 4874 1600 4942 νέφος
1626 4875 1789 4928 αὑτὸν

214 4965 445 5034 ἄνυδρον
494 4964 803 5017 ἐπελαύνει.
858 4964 1015 5017 Ἔστι
1053 4963 1110 5017 δὲ
1155 4964 1243 5016 ὅτε
1290 4967 1382 5016 καὶ
1419 4964 1526 5017 τῶν
1573 4966 1793 5035 σαρκῶν

214 5057 542 5125 ἐφάπτεται,
598 5056 737 5125 πρὸς
791 5055 890 5127 τὴν
940 5055 1135 5124 ἄλογον
1192 5056 1439 5127 πύρωσιν
1486 5057 1655 5118 αὑτὰς
1696 5060 1792 5109 ὲκ-

217 5147 519 5218 μοχλεύων,
547 5150 642 5201 καὶ
672 5147 806 5202 ἄλλα
837 5148 893 5201 δέ
923 5165 1044 5201 τινα
1076 5147 1251 5219 μυρία
1280 5150 1733 5219 προσμηχανᾶται
1764 5149 1793 5200 ὁ

214 5244 575 5313 παμπόνηρος
603 5239 777 5306 οὗτος,
804 5243 947 5314 ἆπερ
971 5244 1070 5296 οὐκ
1092 5243 1390 5311 ἀναγκαῖον
1410 5241 1786 5313 δημοσιεῦσαι,

214 5335 311 5388 καὶ
335 5338 521 5404 γραφῇ
553 5334 910 5405 παραδοῦναι.
939 5334 1315 5405 Συμϐάλλεται
1341 5334 1397 5387 δὲ
1426 5335 1633 5404 σφόδρα
1658 5334 1791 5404 πρὸς

212 5426 339 5489 τοὺς
374 5426 669 5497 λογισμοὺς
699 5428 797 5480 καί
825 5426 975 5490 ζέσις
1001 5425 1173 5495 θυμοῦ
1206 5424 1350 5479 κατά
1397 5425 1493 5478 τοῦ
1536 5426 1790 5496 δαίμονος

214 5518 520 5588 κινηθεῖσα,
568 5520 737 5587 ὅνπερ
770 5517 941 5587 θυμὸν
979 5518 1216 5587 μάλιστα
1256 5516 1493 5570 δέδοικεν
1536 5516 1631 5569 ἐπὶ
1678 5518 1791 5581 τοῖς

215 5609 493 5679 λογισμοῖς
520 5608 946 5679 ταρασσόμενον,
981 5610 1075 5660 καὶ
1101 5606 1501 5680 διαφθείροντα,
1530 5607 1693 5662 αὐτοῦ
1723 5607 1792 5663 τά

192 5710 209 5749 1
287 5749 332 5780 "
364 5747 554 5803 Matth.
581 5762 657 5812 ιι,
683 5746 792 5813 45;
819 5744 950 5801 Luc.
995 5761 1071 5811 x1,
1093 5744 1185 5801 9.6.

1898 4510 2249 4579 turpiumque
2280 4523 2485 4572 rerum,
2518 4524 2583 4563 ac
2615 4518 2868 4576 gestuum
2904 4508 3289 4564 anachoretatn
3342 4513 3463 4564 con-

1893 4599 2075 4655 stituit
2120 4606 2503 4667 spectatorem.
2566 4595 2673 4651 Sed
2715 4597 2829 4653 haec
2877 4600 3101 4653 tentatio
3143 4615 3246 4652 non
3294 4608 3377 4653 est
3406 4613 3471 4653 ex

1892 4693 2003 4754 his,
2036 4706 2158 4761 quae
2192 4692 2366 4760 longo
2396 4698 2642 4759 tempore
2691 4691 2924 4758 durent;
2976 4692 3186 4745 intensa
3238 4705 3473 4759 namque

1891 4782 2090 4847 oratio,
2129 4781 2585 4851 arctissimusque
2617 4781 2795 4835 victus
2821 4796 2942 4835 cum
2987 4782 3190 4851 vigilia,
3227 4790 3278 4835 et
3312 4781 3473 4850 spiri-

1899 4872 2126 4925 tualium
2156 4871 2675 4941 contemplationum
2725 4874 3021 4933 exercitio.
3072 4874 3239 4941 ipsam
3287 4872 3470 4940 procul

1896 4960 2129 5030 repellit,
2183 4962 2352 5016 veluti
2399 4962 2599 5016 nubem
2649 4977 2791 5031 aqua
2842 4970 3136 5016 carentem.
3194 4963 3472 5015 Interdum

1897 5067 2027 5106 vero
2069 5052 2301 5115 accidit,
2352 5063 2414 5107 ut
2475 5062 2531 5107 et
2593 5069 2786 5108 carnes
2846 5061 3049 5122 tangat,
3084 5053 3151 5107 ad
3182 5053 3473 5107 irrationa-

1899 5146 2001 5200 lem
2060 5145 2207 5213 ipsas
2267 5161 2601 5214 promovens
2666 5146 3185 5207 inflammationem;
3256 5145 3472 5214 aliaque

1896 5237 2065 5291 millia
2096 5238 2371 5307 excogitat
2397 5238 2520 5293 talis
2544 5240 2792 5303 tentatio,
2817 5237 2981 5308 529
3012 5237 3161 5291 omni
3187 5237 3473 5291 abundans

1897 5330 2139 5395 malitia,
2185 5345 2307 5399 quae
2365 5330 2420 5383 in
2472 5330 2746 5399 publicum
2813 5329 3077 5399 proferre,
3144 5329 3471 5399 scriptisque

1897 5422 2112 5477 tradere
2146 5436 2256 5476 non
2289 5431 2372 5477 est
2397 5437 2706 5477 necessum.
2739 5421 2940 5476 Verum
2983 5422 3049 5475 ad
3092 5420 3469 5490 hujuscemodi

1897 5515 2255 5585 cogitationes
2300 5515 2594 5584 plurimum
2645 5514 2809 5569 etiam
2864 5513 3079 5568 confert
3120 5513 3302 5569 fervor
3356 5511 3470 5566 ira-

1897 5608 2109 5665 cundiae
2130 5618 2316 5665 contra
2344 5608 2645 5667 daemonem
2674 5615 3004 5673 commotus,
3028 5621 3192 5678 quam
3215 5602 3472 5676 equidem
