3808 6226
132 274 271 341 1221

1171 277 1271 337 DE
1325 275 1699 337 MALI‘GNIS
1738 267 2408 335 COGITATIONIBUS.

3269 266 3415 334 1222

129 403 285 457 ματα
329 385 550 450 νυκτὸς,
611 385 708 441 καὶ
761 386 1032 457 ἐγενόμην
1053 387 1449 457 συγκαιόμενος
1488 386 1568 455 τῷ
1595 384 1724 439 καύ-

1851 384 2044 437 'eddidi
2093 383 2360 453 quidquid
2392 384 2543 438 furto
2576 384 2819 453 peribat,
2866 399 2958 439 seu
2996 382 3139 439 furta
3172 382 3300 447 diei.
3366 394 3424 439 et

127 494 266 532 σωνι
312 477 414 548 τῆς
458 477 697 550 ⁴ἡμέρας,
753 481 849 533 καὶ
883 481 962 550 τῷ
991 480 1215 549 παγετῷ
1244 481 1345 550 τῆς
1378 481 1591 541 νυκτὸς,
1634 478 1729 529 καὶ

124 570 401 640 ἀφίστατο
432 570 461 622 6
504 568 670 633 ὕπνος
721 570 831 623 ἀπὸ
864 571 973 625 τῶν
1000 571 1298 641 ὀφθαλμῶν
1332 589 1434 641 μου
1459 590 1473 636 ;
1503 588 1522 623 ι
1576 573 1640 624 Εἰ
1670 572 1728 623 δέ

123 676 215 722 τις
259 662 327 713 ὲκ
369 658 465 713 τοῦ
508 660 757 727 καμάτου
802 661 896 714 καὶ
933 661 1131 731 ἀκηδία
1172 663 1303 731 ἡμῖν
1335 661 1725 731 προσγένηται,

128 751 334 823 μικρὸν
374 751 782 822 ἀναδραμόντες
833 754 924 805 ἐπὶ
957 753 1055 824 τὴν
1100 753 1199 816 τῆς
1226 753 1480 821 γνώσεως
1524 754 1729 823 πέτραν

123 844 203 915 τῷ
240 844 531 914 ψαλτηρίῳ
564 843 1084 915 προσομιλήσωμεν,
1129 845 1466 915 πλήσσοντες
1502 845 1591 897 διὰ
1617 846 1728 896 τῶν

122 937 344 1008 ἀρετῶν
404 936 507 1006 τῆς
556 936 811 1004 γνώσεως
856 936 955 1000 τὰς
1002 937 1219 1007 χορδὰς,
1272 937 1630 1006 βοσκήσωμεν
1672 937 1727 988 δὲ

124 1030 298 1082 πάλιν
333 1029 439 1083 ὑπὸ
478 1028 538 1081 τὸ
574 1029 785 1081 Σιναῖον
829 1028 956 1099 ὅρος
1000 1028 1068 1081 τὰ
1107 1028 1380 1099 πρόὸατα,
1431 1029 1517 1080 ἵνα
1543 1029 1571 1079 6
1596 1028 1731 1091 Θεὸς

124 1123 239 1177 τῶν
268 1123 525 1193 πατέρων
556 1123 735 1193 ἡμῶν,
765 1124 861 1176 καὶ
891 1125 1039 1193 ἡμᾶς
1073 1125 1136 1176 ἐκ
1158 1124 1255 1193 τῆς
1297 1122 1460 1192 βάτου
1494 1124 1725 1194 καλέσῃ,

126 1214 229 1267 καὶ
270 1216 401 1277 τοὺς
431 1214 624 1282 λόγους
649 1214 758 1266 τῶν
788 1214 1051 1283 σημείων,
1078 1216 1175 1267 καὶ
1210 1215 1319 1267 τῶν
1350 1215 1594 1284 τεράτων
1631 1218 1728 1268 καὶ

125 1307 264 1375 ἡμῖν
330 1306 644 1376 χαρίσηται.
728 1307 895 1358 Φύσιν
944 1306 1044 1375 μὲν
1098 1307 1321 1376 λογικὴν
1382 1307 1487 1359 ὑπὸ
1535 1307 1730 1371 κακίας

127 1396 542 1451 θανατωθείσαν
585 1397 789 1466 ἐγείρει
827 1398 1063 1468 Χριστὸς
1089 1398 1178 1451 διὰ
1203 1399 1301 1468 τῆς
1333 1397 1565 1468 Θεωρίας
1596 1399 1728 1451 πάν-

125 1504 241 1540 των
261 1486 375 1539 τῶν
406 1485 616 1539 αἰώνων
645 1503 659 1516 ·
692 1490 721 1540 ὁ
754 1487 810 1539 δὲ
841 1487 1035 1539 τούτου
1070 1488 1254 1558 πατὴρ
1285 1488 1383 1558 τὴν
1421 1488 1728 1541 ἀποθανοῦ-

128 1596 235 1632 σαν
257 1579 465 1650 ταύτης
489 1579 686 1649 ψυχὴν,
719 1579 809 1632 τὸν
836 1578 1067 1633 θάνατον
1100 1578 1197 1631 τοῦ
1233 1577 1502 1649 Χριστοῦ,
1526 1578 1730 1650 ἐγείρει

124 1670 221 1725 διὰ
248 1671 508 1738 γνώσεως
531 1672 631 1741 τῆς
664 1671 880 1725 ἑαυτοῦ.
919 1674 1029 1725 Καὶ
1054 1671 1213 1725 τοῦτό
1256 1674 1370 1723 ἐστι
1402 1672 1460 1725 τὸ
1485 1671 1598 1724 ’ὑπὸ
1635 1671 1728 1725 τοῦ

1838 476 1981 529 furta
2023 476 2179 545 531
2210 477 2407 539 noctis,
2444 485 2499 530 et
2540 477 2807 530 exurebar
2855 487 2986 530 aestu
3024 476 3152 539 diei,
3209 478 3263 529 et
3298 477 3423 547 gelu

1838 569 2035 628 noctis.
2058 568 2464 637 secedebatque
2490 585 2716 624 somnus
2738 570 2808 622 ab
2835 567 3009 622 oculis
3038 570 3174 623 meis
3204 569 3248 599 ³⁸
3279 608 3293 622 .
3314 587 3338 616 ›
3362 570 3422 624 Si

1836 667 2014 712 autem
2068 659 2249 728 aliqua
2296 676 2361 713 ex
2413 661 2597 714 labore
2644 660 2863 730 pigritia
2908 660 3065 714 nobis
3106 662 3420 727 accesserit,

1838 751 2119 819 paululum
2158 760 2513 807 recurrentes
2543 752 2609 807 ad
2646 752 2975 821 COgnitionis
3004 762 3232 821 petram,
3261 752 3417 807 Psal-

1838 844 1977 897 terio
2028 860 2126 899 nos
2185 845 2617 911 admoveamus,
2674 861 2770 913 per
2818 849 3047 899 virtutes
3094 846 3423 913 cognitionis

1837 935 2071 990 chordas
2096 937 2405 1005 pulsantes,
2442 954 2744 1006 rursusque
2769 938 2873 992 sub
2903 936 3084 992 Sinreo
3115 950 3300 992 monte
3326 954 3421 1008 pe-

1836 1030 2002 1083 cudes
2028 1031 2407 1099 depascamus,
2444 1040 2503 1085 ut
2526 1030 2695 1084 Deum
2739 1042 2954 1100 patrum
2982 1040 3290 1086 nostrorum
3322 1048 3424 1087 nos

1835 1121 1997 1174 etiam
2031 1132 2217 1176 evocet
2246 1138 2276 1176 e
2304 1124 2460 1188 rubo,
2503 1132 2665 1190 atque
2691 1124 2928 1178 rationes
2968 1139 3061 1177 seu
3098 1140 3296 1178 causas
3336 1123 3413 1177 si-

1837 1228 2064 1280 gnorum
2091 1230 2152 1267 ac
2182 1215 2732 1284 prodigiorumnohis
2764 1219 2924 1269 donet
2946 1216 3301 1284 aclargiatur.
3326 1215 3425 1271 Na-

1836 1313 2012 1357 turam
2063 1306 2281 1374 quidem
2326 1307 2642 1362 rationalem
2687 1324 2716 1361 e
2771 1308 2902 1361 vitio
2952 1318 3126 1361 morte
3172 1309 3423 1363 affectam

1838 1396 2067 1449 suscitat
2088 1398 2340 1452 Christus
2372 1415 2464 1466 per
2494 1399 3010 1468 contemplationem
3045 1400 3291 1453 omnium
3317 1416 3423 1455 sae-

1839 1488 2126 1551 culorum;
2159 1488 2323 1555 hujus
2355 1499 2537 1543 autem
2568 1489 2724 1543 Pater
2750 1500 3019 1544 mortuam
3048 1490 3293 1559 ejusdem
3322 1506 3423 1545 na-

1839 1584 1977 1631 turae
2001 1580 2284 1634 rationalis
2314 1581 2574 1643 animam,
2613 1599 2734 1651 qua:
2763 1597 2912 1636 mors
2957 1592 3039 1635 est
3069 1582 3291 1648 Christi,
3329 1598 3424 1651 per

1838 1670 2112 1737 suiipsins
2150 1672 2352 1725 excitat
2377 1673 2745 1743 cognitionem
2775 1692 2787 1727 :
2816 1674 3026 1743 hocque
3057 1683 3160 1738 est,
3201 1674 3348 1742 quod
3389 1690 3422 1728 a

125 1761 352 1815 Παύλου
402 1762 716 1832 λεγόμενον,
750 1763 833 1829 τὸ,
886 1782 904 1814 ι
925 1764 988 1817 Εἰ
1017 1762 1459 1832 συναπεθάνομεν
1486 1762 1564 1832 τῷ
1592 1764 1724 1834 Χρι-

1851 1756 2013 1817 Paulo
2035 1759 2273 1814 dicitur:
2306 1779 2323 1810 ι
2354 1760 2409 1815 Si
2436 1764 2825 1817 commorimnr
2856 1763 3094 1829 Christo,
3124 1762 3420 1827 credimus,

129 1853 269 1925 στῷ,
305 1853 659 1924 πιστεύομεν,
688 1856 769 1907 ὅτι
802 1854 895 1908 καὶ
914 1855 1225 1925 συζήσομεν
1252 1854 1420 1923 αὐτῷ.
1447 1872 1464 1904 ι
1499 1855 1669 1906 Ὅταν
1701 1856 1729 1907 6

127 1946 260 2009 νοῦς
312 1947 405 1999 τὸν
452 1946 683 1999 παλαιὸν
732 1946 1015 2016 ἄνθρωπον
1074 1946 1483 2015 ἀποδυσάμενος
1524 1946 1617 1998 τὸν
1670 1948 1733 1998 ὲκ

1844 1851 1989 1918 quod
2024 1861 2079 1905 et
2128 1852 2232 1921 ipsi
2285 1855 2805 1910 convivilicabimur.
2834 1857 2874 1887 ³¹
2919 1875 2937 1908 ι
2972 1856 3198 1922 Quando
3228 1873 3419 1922 mens,

1842 1960 1965 1997 cum
1996 1953 2231 1999 veterem
2278 1948 2492 2001 exuerit
2535 1949 2835 2011 hominem,
2877 1949 3111 2004 induerit
3137 1965 3284 2013 eum,
3329 1952 3422 2020 qui

126 2039 356 2109 χάριτος
384 2038 692 2109 ἐνδύσηται,
742 2040 864 2092 τότε
910 2040 1006 2092 καὶ
1055 2039 1153 2110 τὴν
1184 2039 1349 2093 αὐτοῦ
1397 2041 1724 2093 κατάστασικ

1851 2050 1903 2088 ex
1932 2038 2099 2105 gratia
2124 2048 2226 2103 est,
2267 2049 2394 2093 tunc
2429 2048 2484 2093 et
2520 2050 2720 2094 statum
2754 2056 2913 2095 suum
2943 2042 3145 2096 videbit
3180 2052 3423 2111 tempore

124 2131 325 2200 ὄψεται
354 2131 494 2184 κατὰ
510 2131 700 2203 καιρὸν
724 2134 822 2203 τῆς
840 2133 1169 2201 προσευχῆς,
1199 2131 1486 2203 σαπφείρῳ
1514 2131 1547 2202 ἥ
1570 2132 1724 2202 οὐρα-

1851 2128 2105 2182 orationis
2128 2129 2406 2198 sapphiro,
2432 2140 2524 2184 aut
2555 2131 2762 2186 ecclesti
2784 2132 2954 2186 colori
2980 2133 3233 2198 similem,
3259 2148 3421 2203 quem

125 2220 232 2291 νίῳ
287 2220 542 2292 χρώματι
593 2222 946 2293 παρεμφερῆ,
1026 2222 1219 2291 ἥντινα
1263 2222 1359 2274 καὶ
1399 2222 1564 2273 τόπον
1600 2219 1724 2273 Θεοί

1851 2226 1891 2272 at
1931 2219 2107 2273 locum
2140 2218 2233 2273 Dei
2281 2220 2565 2291 Scriptura
2601 2223 2871 2290 nominat,
2929 2224 3104 2279 visum
3130 2240 3159 2279 a
3186 2225 3423 2281 seniori.

126 2312 331 2383 Γραφὴ
369 2312 623 2384 ὀνομάζει
648 2315 754 2368 ὑπὸ
789 2314 899 2368 τῶν
930 2313 1312 2385 πρεσϐυτέρων
1340 2312 1575 2381 ὀφθέντα
1629 2311 1724 2366 ύπέ

1851 2327 1938 2366 JUS
1971 2312 2075 2367 sul)
2104 2322 2289 2367 monte
2319 2313 2483 2368 Sina."

126 2402 233 2456 τοῦ
276 2404 440 2476 ὅρους
469 2406 622 2460 Σινᾶ.

2415 2506 2641 2571 CAPUT
2679 2514 2798 2569 XIX

1901 2630 2131 2695 Quando
2156 2628 2431 2699 quispiam
2458 2630 2691 2684 hostium
2729 2630 3192 2701 appropinquans,
3227 2640 3278 2686 te
3301 2631 3422 2686 vulo

1834 2722 2068 2786 neravit,
2096 2722 2340 2791 velisque
2356 2721 2591 2791 gladium
2611 2722 2728 2791 ejus
2749 2731 3058 2777 convertere
3078 2723 3419 2793 (secundum,

1832 2814 1977 2884 quod
2009 2814 2272 2884 scriptum
2313 2824 2396 2868 est
2431 2816 2502 2885 ")
2542 2815 2596 2868 in
2636 2829 2733 2869 cor
2758 2815 2899 2886 ejus,
2952 2818 3021 2869 ita
3058 2815 3217 2882 faxis,
3246 2826 3305 2871 ut
3334 2816 3419 2871 di-

128 2929 330 2983 γομεν.
384 2911 533 2963 Δίελε
575 2910 719 2964 κατὰ
755 2909 953 2973 σαυτὸν
994 2909 1086 2962 τὸν
1128 2909 1219 2961 ὑπ’
1252 2908 1416 2961 αὑτοῦ
1461 2909 1724 2980 βληθέντα

1851 2908 2023 2962 :imus.
2070 2905 2258 2961 Divide
2298 2906 2440 2976 apud
2486 2906 2720 2976 teipsum
2772 2908 3156 2977 cogitationem
3205 2909 3274 2963 ab
3324 2909 3420 2963 illo

127 3002 419 3072 λογισμὸν,
454 3002 604 3064 ὅστις
630 2998 759 3052 ποτέ
785 3000 922 3065 ἐστι,
954 2999 1048 3051 καὶ
1074 3001 1138 3052 ὲκ
1169 2997 1352 3051 πόσων
1383 2998 1724 3069 πραγμάτων

1856 2999 2163 3064 mmissam,
2188 2998 2450 3054 nimirum
2476 2999 2655 3069 qualis
2683 3015 2924 3069 unquam
2948 3017 3012 3056 ca
3044 3001 3133 3066 sit,
3174 3011 3421 3072 quotque

132 3096 462 3163 συνέστηκε,
516 3093 613 3146 καὶ
634 3095 786 3145 ποῖον
818 3090 978 3144 τοῦτό
998 3091 1116 3143 ἐστι
1170 3090 1404 3160 μάλιστα
1457 3091 1520 3143 τὸ
1546 3091 1724 3146 θλίσον

1851 3092 2045 3147 :rebus
2106 3101 2354 3157 constet,
2399 3101 2454 3147 et
2486 3092 2723 3146 maxime
2767 3094 2925 3162 quale
2956 3094 3029 3150 sit
3070 3094 3247 3161 istud,
3275 3095 3419 3165 quod

749 2516 1002 2571 ΚΕΦΑΛ.
1036 2517 1138 2570 18'.

204 2630 381 2687 ”Οταν
424 2632 534 2686 τῶν
560 2632 773 2703 ἐχθρῶν
800 2632 986 2703 τρώσῃ
1030 2632 1090 2684 σέ
1129 2648 1213 2694 τις
1247 2631 1604 2703 παραϐαλὼν,
1633 2634 1730 2687 καὶ⁵

130 2726 317 2799 βούλει
334 2729 432 2796 τὴν
465 2724 918 2795 ῥομφαίαν-αὑτοῦ
947 2724 1198 2795 στρέψαι,
1234 2725 1376 2777 κατά
1394 2724 1455 2777 τὸ
1478 2741 1729 2796 γεγραμ-

134 2820 324 2892 μένον,
351 2820 444 2871 ἐπὶ
464 2818 563 2889 τὴν
602 2817 831 2888 καρδίαν
856 2816 1023 2871 αὑτοῦ
1054 2817 1281 2886 ποίησον
1297 2816 1494 2880 οὕτως,
1531 2817 1608 2879 ὡς
1641 2818 1728 2871 λέ-

129 3190 230 3243 τδν
279 3187 424 3239 νοῦν.
496 3186 563 3237 Ὃ
608 3184 665 3237 δὲ
697 3184 860 3251 λέγω,
894 3182 1135 3236 τοιοῦτόν
1162 3185 1329 3235 ἐστιν·
1373 3183 1556 3237 Ἔστω
1588 3201 1731 3253 πεμ-

132 3281 297 3351 φθεὶς
320 3282 349 3332 6
384 3279 484 3349 τῆς
512 3275 882 3347 φιλαργυρίας
912 3275 1004 3327 ὑπ’
1027 3274 1193 3328 αὑτοῦ
1216 3274 1496 3345 λογισμὸς,
1543 3275 1733 3331 τοῦτον

131 3374 281 3429 δίελε
317 3373 399 3436 εἷς
426 3389 488 3425 τε
522 3371 615 3424 τὸν
643 3368 1042 3437 ὑποδεξάμενον
1073 3367 1234 3419 αὐτὸν
1268 3366 1415 3431 νοῦν,
1446 3367 1542 3419 καὶ
1567 3370 1647 3432 είς
1672 3369 1733 3421 τὸ

132 3468 321 3536 νύημα
336 3463 432 3517 τοῦ
458 3461 708 3534 χρυσίου,
745 3459 844 3513 καὶ
869 3459 949 3522 είς
978 3457 1139 3512 αὑτὸν
1160 3456 1252 3510 τὸν
1283 3457 1505 3527 χρυσὸν,
1532 3460 1626 3512 καὶ
1652 3460 1733 3524 εἰς

132 3562 203 3615 τὸ
230 3560 567 3629 φιλάργυρον
609 3553 782 3616 πάθος
815 3569 831 3583 ·
881 3552 974 3605 καὶ
1023 3550 1211 3603 λοιπὸν
1241 3549 1420 3617 ἐρώτα
1446 3549 1499 3602 τί
1527 3550 1732 3605 τούτων

134 3654 291 3709 ἐστὶν
336 3647 618 3722 ἁμαρτία,
674 3647 904 3715 πότερον
934 3647 963 3697 6
1004 3642 1164 3709 νοῦς;
1216 3642 1313 3696 καὶ
1360 3642 1514 3708 πῶς;
1584 3643 1733 3697 ἔστιν

135 3746 305 3801 εἰκὼν
333 3745 490 3798 Θεοῦ.
544 3738 707 3794 Ἀλλὰ
730 3739 793 3792 τὸ
823 3737 1005 3808 νόημα
1024 3734 1119 3788 τοῦ
1153 3733 1394 3806 χρυσοῦ;
1436 3736 1534 3788 καὶ
1575 3735 1733 3789 τοῦτο

132 3840 222 3903 τίς
285 3840 351 3893 ἂν
404 3838 549 3891 είποι
576 3832 702 3891 νοῦν
732 3832 876 3903 ἔχων
922 3829 1052 3883 ποτέ
1077 3846 1092 3896 ;
1150 3828 1265 3883 ἀλλ’
1289 3829 1452 3891 αὐτὸς
1476 3830 1504 3881 6
1531 3829 1733 3898 χρυσός

134 3937 293 3987 ἐστιν
332 3927 609 4001 ἀμαρτία;
664 3914 762 3979 καῩ⁵
788 3923 933 3985 τίνος
962 3921 1121 3992 χάριν
1151 3919 1441 3991 γεγένηται
1472 3936 1486 3985 ;
1538 3920 1730 3973 ἕπεται

132 4024 358 4088 τοίνυν,
407 4022 545 4091 ὅπερ
591 4018 691 4071 οὐκ
730 4016 845 4069 ἔστι
889 4013 989 4085 μὲν
1048 4012 1281 4082 πρᾶγμα
1328 4008 1578 4081 ὑφεστὼς
1608 4011 1730 4063 κατ’

131 4117 351 4179 οὐσίαν,
402 4112 523 4166 οὐδὲ
581 4111 761 4181 νόημα
808 4108 1159 4177 πράγματος,
1210 4105 1333 4158 οὐδὲ
1383 4103 1511 4168 νοῦς
1564 4104 1730 4158 πάλιν

130 4207 475 4277 ἀσώματος,
536 4201 652 4256 ἀλλ’
703 4200 865 4271 ἡδονή
917 4214 1002 4261 τις
1049 4196 1468 4268 μισάνθρωπος,
1522 4196 1586 4249 ἐκ
1633 4195 1729 4249 τοῦ

132 4292 489 4359 αὑτεξουσίου
518 4291 837 4360 τικτομένη,
887 4287 984 4340 κα)⁸
1028 4286 1215 4349 κακῶς
1255 4284 1580 4356 κεχρῆσθαι,
1616 4289 1729 4348 τοῖς

130 4386 233 4441 τοῦ
273 4383 408 4437 Θεοῦ
457 4382 723 4453 κτίσμασι
760 4380 854 4433 τὸν
893 4378 1018 4434 νοῦν
1060 4376 1482 4447 ἀναγκάζουσα,
1509 4378 1577 4449 ἣν
1634 4378 1729 4430 καὶ

1834 3195 2069 3240 mentem
2098 3185 2341 3240 afﬂictat.
2376 3183 2534 3251 Quod
2566 3192 2746 3241 autem
2780 3187 2925 3248 dico,
2964 3186 3125 3257 532
3160 3187 3415 3257 hujusce-

1833 3278 1981 3334 modi
2030 3288 2155 3334 est:
2187 3279 2259 3334 sit
2302 3279 2546 3333 immissa
2570 3279 2638 3333 ab
2676 3279 2795 3348 ipso
2836 3280 3094 3349 cogitatio
3134 3282 3376 3336 avaritiae
3401 3320 3420 3347 ,

1833 3373 1992 3427 istam
2037 3372 2217 3427 divide
2245 3381 2358 3427 tum
2409 3374 2461 3427 in
2492 3383 2752 3436 mentem,
2783 3388 2905 3442 quae
2954 3375 3126 3443 ipsam
3156 3375 3417 3445 suscepit,

1833 3473 1948 3520 tum
1976 3465 2033 3519 in
2086 3466 2204 3520 auri
2248 3466 2548 3532 n0tionem,
2594 3474 2706 3520 tum
2735 3467 2788 3519 in
2829 3466 3007 3535 ipsum
3053 3481 3271 3533 aurum,
3301 3477 3415 3522 tum

1832 3557 1994 3611 etiam
2023 3557 2076 3610 in
2098 3556 2407 3627 passionem
2426 3571 2680 3621 avaram;
2711 3571 2775 3611 ac
2808 3555 2932 3610 dein
2959 3556 3233 3630 interroga
3254 3560 3419 3629 quid—

1832 3664 1959 3703 nam
2003 3648 2201 3702 horum
2257 3649 2329 3703 sit
2361 3658 2642 3718 peccatum
2677 3666 2691 3703 :
2723 3657 2903 3703 utrum
2954 3649 3159 3704 mens?
3193 3659 3247 3705 et
3276 3666 3418 3720 quo-

1832 3740 2027 3795 modo?
2054 3750 2155 3795 est
2188 3740 2369 3810 imago
2397 3738 2528 3805 Dei;
2566 3740 2659 3795 sed
2688 3740 2838 3795 notio
2867 3740 3026 3795 auri?
3048 3751 3103 3796 et
3124 3741 3268 3797 istud
3292 3744 3417 3813 quis

1833 3849 2073 3903 unquam
2103 3834 2309 3887 diceret
2345 3840 2585 3888 mentem
2617 3832 2861 3888 habens?
2881 3849 3069 3887 verum
3105 3832 3286 3903 ipsum
3312 3849 3415 3889 au-

1830 3942 1951 3980 rum
1984 3934 2068 3980 est
2092 3925 2415 3994 peccatum?
2443 3933 2497 3979 et
2526 3925 2685 3994 cujus
2707 3926 2878 3995 gratia
2904 3924 3106 3980 factum
3138 3925 3287 3981 fuit?
3314 3926 3418 3982 Se-

1831 4019 2016 4089 quitur
2045 4018 2248 4086 itaque,
2285 4018 2492 4086 peccati
2524 4032 2743 4073 causam
2772 4032 2895 4073 esse
2920 4026 3177 4088 quartum
3199 4018 3417 4090 (nempe

1830 4112 2141 4183 passionem
2168 4112 2410 4177 avaram)
2437 4125 2559 4180 qua:
2591 4109 2809 4179 quidem
2843 4124 2953 4164 non
2985 4118 3070 4165 est
3109 4124 3199 4166 res
3232 4109 3416 4164 subsi-

1830 4213 1981 4260 stens
2022 4218 2116 4272 per
2150 4205 2465 4267 essentiam,
2517 4216 2698 4271 neque
2736 4201 2814 4256 rei
2859 4202 3030 4267 notio,
3088 4216 3416 4258 necrursus

1830 4310 1983 4349 mens
2014 4294 2356 4361 incorporea,
2393 4290 2487 4345 sed
2518 4291 2768 4360 voluptas
2810 4291 3059 4360 quaedam
3084 4290 3295 4346 homini
3324 4291 3412 4346 in-

1831 4386 2005 4449 fensa,
2029 4400 2059 4438 e
2088 4383 2260 4437 libero
2283 4380 2512 4435 arbitrio
2540 4381 2839 4451 progenita,
2879 4389 3226 4451 mentemque
3260 4396 3415 4437 com-

132 4479 488 4551 περιτέμνειν
548 4448 715 4529 ὁῠτοῦ
774 4472 909 4526 Θεοῦ
950 4470 1114 4541 νόμος
1164 4448 1543 4522 πεπίστευται,
1616 4470 1724 4523 Καὶ

1851 4478 2060 4540 )ellens,
2097 4483 2157 4529 ut
2188 4474 2326 4526 male
2358 4472 2627 4526 creaturis
2660 4471 2754 4526 Dei
2804 4481 3007 4537 utatur,
3036 4487 3199 4541 quam
3249 4472 3415 4526 etiam

130 4570 313 4625 ταῦτά
369 4586 463 4622 σου
514 4564 961 4638 διερευνωμένου,
989 4562 1340 4633 [φθαρήσεται
1374 4561 1473 4632 μὲν
1505 4562 1534 4613 6
1576 4560 1727 4630 λογι-

135 4665 282 4735 σμὸς
303 4664 383 4726 εἰς
408 4662 511 4733 τὴν
536 4659 674 4714 ἰδίαν
698 4657 1066 4728 ἀναλυόμενος
1091 4654 1361 4725 ,θεωρίαν,
1388 4654 1643 4724 φεύξεται
1669 4655 1726 4708 δὲ

133 4757 250 4811 ἀπὸ
282 4754 375 4809 σοῦ
427 4754 489 4809 τὸ
517 4752 819 4824 δαιμόνιον,
866 4749 968 4819 τῆς
998 4747 1237 4811 διανοίας
1261 4763 1355 4799 σου
1384 4747 1488 4800 ὑπὸ
1521 4746 1725 4819 ταύτης

134 4850 238 4920 τῆς
272 4846 526 4917 γνώσεως
545 4848 627 4909 είς
657 4843 792 4914 ὕψος
817 4841 1102 4914 ἀρθείσης.

750 5063 1005 5117 ΚΕΦΑΛ.
1037 5061 1123 5116 κ’.

209 5187 275 5240 Εἰ
319 5186 377 5238 δὲ
426 5181 933 5256 βούλειχρὴσασθσι
988 5181 1087 5251 μὲν
1123 5181 1189 5251 τῇ
1218 5178 1429 5233 ἐκείνου
1454 5178 1719 5249 ῥομφαίᾳ,

132 5277 420 5341 ὲπιποθεῖς
478 5276 537 5330 δὲ
583 5276 799 5347 πρῶτον
827 5274 918 5327 διὰ
950 5272 1050 5343 τῆς
1080 5274 1178 5344 σῆς
1208 5270 1497 5341 σφενδόνης
1533 5268 1723 5322 τοῦτον

133 5368 523 5443 χειρώσασθαι.
556 5366 824 5421 Ἐκὸαλλε
846 5366 942 5420 καὶ
981 5366 1045 5418 σὺ
1071 5364 1216 5417 λίθον
1246 5362 1310 5415 ἐκ
1337 5360 1431 5413 τοῦ
1476 5376 1726 5429 ποιμενι-

136 5464 237 5519 κοῦ
266 5480 359 5515 σου
396 5460 619 5525 κωδίου,
650 5459 747 5514 καὶ
774 5458 967 5512 τούτου
1000 5455 1153 5527 ζήτει
1183 5454 1282 5526 τὴν
1314 5452 1567 5524 θεωρίαν.
1600 5450 1727 5512 Πῶς

133 5554 361 5625 ἄγγελοι
425 5552 549 5623 μὲν,
596 5551 692 5605 καὶ
738 5550 992 5621 δαίμονες
1024 5547 1103 5618 τῷ
1154 5544 1407 5616 ἡμετέρῳ
1438 5540 1720 5615 παραϐάλ-

216 5755 266 5789 ³⁰
295 5753 431 5811 Gen.
459 5769 612 5817 xui,
643 5753 733 5807 45.
813 5751 853 5782 ³¹
888 5747 935 5802 ll
963 5747 1108 5803 Tim.
1136 5746 1293 5816 111M.

1833 4569 2225 4624 circumcidere
2261 4566 2464 4621 credita
2493 4574 2576 4619 est
2602 4565 2781 4619 divina
2822 4566 2927 4619 lex.
2967 4563 3043 4620 Te
3086 4565 3270 4635 itaque
3298 4563 3415 4619 haec

1830 4670 2242 4733 perscrutante,
2289 4658 2549 4729 cogitatio
2603 4658 2820 4728 quidem
2864 4666 3153 4713 evanescet
3198 4657 3254 4711 in
3290 4671 3414 4727 pro-

1831 4756 2005 4826 priam
2034 4752 2273 4808 resoluta
2308 4750 2845 4820 contemplationem,
2866 4749 3143 4820 fugietque
3166 4764 3193 4803 a
3222 4758 3273 4803 te
3304 4749 3413 4803 dae-

1826 4850 2093 4915 monium,
2140 4847 2269 4901 dum
2318 4845 2624 4901 intellectus
2670 4854 2794 4900 tuus
2836 4844 2905 4899 ab
2954 4846 3056 4899 ista
3106 4842 3413 4914 cognitione

1826 4944 1991 4999 fuerit
2016 4942 2279 4997 elevatus.

2435 5052 2665 5109 CAPUT
2712 5051 2829 5106 XX.

1906 5170 1963 5223 Si
1995 5179 2175 5223 autem
2199 5167 2332 5223 velis
2361 5168 2441 5221 uti
2471 5166 2688 5235 quidem
2722 5165 2869 5220 illius
2898 5165 3099 5236 gladio,
3132 5164 3409 5223 desideras

1831 5276 1963 5316 vero
1992 5262 2045 5313 in
2070 5259 2265 5329 primis
2312 5274 2407 5327 per
2441 5256 2665 5311 fundam
2709 5267 2856 5311 tuam
2891 5257 3071 5327 ipsum
3116 5257 3405 5328 subigere:
3484 5318 3489 5322 ,

1832 5352 1969 5424 ejice
2001 5362 2057 5407 tu
2083 5366 2302 5423 quoque
2335 5344 2565 5420 lapidem
2584 5365 2614 5405 e
2636 5350 2894 5419 pastorali
2919 5361 3009 5404 tua
3031 5365 3180 5420 pera,
3219 5351 3410 5421 hujus-

1834 5461 1941 5516 que
1964 5445 2191 5516 exquire
2222 5441 2770 5512 contemplationem;
2802 5440 3086 5505 nimirum,
3126 5440 3406 5512 quomodo

1828 5537 2006 5608 angeli
2058 5536 2274 5608 quidem
2308 5579 2323 5603 ,
2379 5541 2543 5605 atque
2585 5533 2860 5590 daemones
2910 5542 3098 5589 nostro
3143 5531 3408 5589 accedant

1392 5744 1435 5777 ³¹
1456 5739 1598 5797 Psal.
1628 5751 1820 5793 xxxvr.
1851 5737 1941 5803 M,
