3808 6226
393 193 528 259 1223

1872 194 1939 253 S.
1990 192 2156 255 NILI

3531 205 3659 271 1224

392 312 620 377 mundo,
654 320 710 366 at
734 326 832 367 nos
862 312 1104 383 ipsorum
1135 325 1244 365 non
1269 310 1592 365 accedamus
1614 310 1853 375 mundis,
1877 327 1947 365 ne

2120 328 2228 365 DUGL
2258 312 2468 382 κόσμῳ,
2502 312 2662 383 ἡμεῖς
2690 310 2748 365 δὲ
2770 315 2883 377 τοῖς
2911 323 3092 371 αηςιιων
3117 316 3343 388 κόσμοις
3376 319 3442 373 οὐ
3479 338 3656 394 παρα-

392 404 535 457 euim
567 419 857 472 possumus
889 405 1110 475 angelos
1168 404 1342 473 magis
1382 404 1673 473 adjungcre
1698 403 1829 467 Deo,
1870 420 1971 459 nec

392 494 669 549 dzemones
701 495 913 550 efficere
949 498 1122 566 magis
1177 497 1419 559 impuros
1456 498 1508 549 in
1537 497 1778 550 animum
1815 497 1971 551 indu-

392 587 568 641 cimus
599 603 611 639 :
640 602 857 656 quoque
883 598 1039 657 pacto
1067 587 1312 651 Lucifer,
1348 588 1439 656 qui
1486 604 1646 641 mane
1669 589 1968 655 oriebatur,

390 678 442 732 in
484 687 683 733 terram
738 696 974 749 praeceps
1004 678 1161 750 533
1216 681 1458 749 deiectus
1499 680 1569 735 sit
1604 682 1675 748 ³³,
1725 691 1779 736 et
1819 698 1971 737 mare

393 772 615 840 quidem
644 774 923 827 existimat
956 774 1030 826 uti
1058 789 1152 827 vas
1189 776 1630 842 unguentarium,
1678 773 1965 829 Tartarum

386 872 565 918 autem
599 867 779 937 abyssi
813 866 1034 934 perinde
1059 875 1223 934 atque
1259 867 1553 934 captivum,
1587 867 1679 920 sed
1709 876 1763 921 et
1794 869 1964 937 ipsam

384 957 642 1028 abyssum
693 960 857 1011 veluti
894 969 1247 1012 :erameutum
1286 957 1589 1025 fervefacit,
1632 977 1822 1015 omnes
1866 978 1965 1018 sua

382 1051 713 1118 perturbans
748 1052 973 1112 malitia,
1018 1053 1382 1119 omnibusque
1436 1053 1621 1107 volens
1674 1056 1961 1123 imperare.

385 1138 586 1194 Harum
629 1143 827 1211 quippe
879 1158 1060 1195 rerum
1118 1144 1504 1209 contemplatio
1567 1145 1717 1198 valde
1754 1147 1965 1200 sauciat

379 1233 702 1295 diemoncm,
730 1250 1056 1303 omnemque
1075 1235 1193 1303 ejus
1224 1236 1373 1304 fugat
1392 1238 1957 1304 castrametatiouem;

378 1324 472 1378 sed
501 1326 615 1379 haec
644 1326 862 1394 quidem
894 1328 1218 1395 contingunt
1250 1329 1383 1382 solis
1418 1331 1600 1397 quiete
1634 1330 1961 1399 placideque

376 1418 646 1483 purgatis,
701 1425 754 1469 et
810 1417 1205 1485 aliquantulum
1256 1418 1677 1489 dispicientibus
1717 1424 1959 1477 rationes

373 1520 587 1565 eorum,
622 1520 745 1573 quae
775 1504 916 1559 facta
948 1516 1095 1559 sunt.
1136 1507 1423 1576 Atimpuri
1456 1511 1705 1563 nesciunt
1728 1510 1955 1564 istarum

374 1612 557 1649 rerum
592 1597 1009 1665 dispectionem,
1046 1613 1146 1652 nec
1193 1601 1438 1662 audiunt,
1496 1603 1565 1656 ah
1595 1602 1719 1657 aliis
1753 1604 1954 1671 ezlocti,

373 1689 417 1742 si
453 1688 527 1741 illi
580 1689 940 1756 dcmulceant,
989 1702 1042 1745 ct
1073 1691 1392 1758 incautcnt;
1435 1708 1559 1747 cum
1598 1692 1723 1747 belli
1758 1694 1959 1747 multus

370 1783 643 1835 excitatus
696 1782 917 1851 pulvis,
969 1783 1240 1837 multusve
1288 1785 1551 1838 tumultus
1613 1785 1686 1838 sit
1738 1794 1960 1855 propter

369 1876 653 1944 passiones
681 1876 973 1930 conflatus.
1029 1874 1256 1945 Oportet
1281 1878 1425 1931 enim
1451 1878 1697 1944 omnino,
1752 1886 1958 1933 castra-

369 1969 718 2022 luctationem
792 1969 1227 2038 alienigenarum
1298 1971 1575 2039 paululum
1651 1972 1955 2041 quiescere,

369 2070 426 2112 ut
492 2061 641 2114 solus
706 2060 923 2115 Goliath
995 2063 1190 2116 obvius
1252 2074 1340 2117 eat
1417 2072 1605 2117 nostro
1659 2063 1824 2118 David
1888 2064 1951 2119 “.

370 2154 630 2207 Similiter
656 2155 708 2207 in
750 2155 1006 2209 omnibus
1052 2155 1285 2225 impuris
1326 2157 1747 2225 cogitationibus
1790 2158 1957 2211 haece

367 2246 653 2310 divisione,
691 2248 904 2317 istaque
927 2247 1050 2301 belli
1080 2249 1260 2318 specie
1288 2258 1527 2302 utamur.

961 2362 1197 2419 CAPUT
1229 2362 1373 2416 XXI.

435 2475 502 2531 Et
526 2476 747 2545 quidem
771 2477 941 2547 aliqui
965 2477 1301 2547 impurorum
1332 2478 1642 2533 dzemonum
1676 2477 1951 2533 hominem

367 2577 707 2639 pertentant,
756 2578 815 2623 ut
844 2570 1159 2635 hominem;
1194 2570 1361 2639 aliqui
1395 2586 1525 2624 vero
1567 2571 1866 2633 hominem,
1895 2580 1952 2626 ut

364 2662 567 2713 animal
590 2661 906 2715 irrationale
931 2661 1291 2731 perturbant;
1320 2670 1374 2716 et
1410 2663 1569 2731 primi
1601 2663 1821 2734 quidem
1856 2678 1952 2717 ac-

362 2751 641 2815 cedentes,
680 2758 771 2803 aut
798 2766 945 2804 vanae
978 2751 1185 2819 gloriae,
1210 2759 1305 2804 aut
1352 2752 1642 2820 superbiae,
1674 2763 1768 2807 aut
1812 2754 1952 2807 invi-

362 2841 485 2905 diae,
524 2850 618 2894 aut
643 2840 1038 2895 criminationis
1067 2842 1222 2897 nobis
1265 2843 1516 2912 injiciunt
1541 2845 1795 2913 cogitata,
1830 2861 1951 2915 qua:

362 2933 573 2986 nullum
600 2934 1063 2988 irrationabilium
1088 2944 1355 3005 tangunt;
1389 2936 1615 2990 secundi
1640 2948 1821 2992 autem
1853 2954 1949 3007 ap-

2076 400 2365 472 6άλλομεν·
2403 401 2529 455 οὔτε
2566 404 2676 473 γὰρ
2707 404 2973 472 ἀγγέλους
2998 404 3117 477 Θεῷ
3158 408 3455 463 συνάπτειν
3503 413 3657 467 πλέον

2071 494 2371 564 δυνάμεθα,
2432 495 2556 548 οὔτε
2584 496 2845 560 δαίμονας
2878 498 3224 569 ἀκαθάρτους
3254 503 3458 571 μᾶλλον
3488 512 3658 562 ποιεῖν

2072 586 2507 657 προαιρούμεθα.
2536 588 2646 640 Καὶ
2670 586 2785 650 πῶς
2806 590 2833 640 ὁ
2868 588 3177 661 Ἐωσφόρος
3207 595 3235 646 ὁ
3255 594 3403 664 πρωῒ
3433 598 3656 650 ἀνατέλ-

2070 675 2178 729 λων
2242 680 2323 741 εἰς
2374 679 2473 748 τὴν
2526 680 2629 748 γῆν
2684 682 3017 751 κατερῤίφη,
3061 686 3155 737 καὶ
3202 686 3404 755 ἥγηται
3431 691 3535 758 μὲν
3565 694 3657 762 τὴν

2070 770 2347 824 Θάλασσαν
2369 771 2442 834 ὡς
2465 772 2836 843 ὲξάλειπτρον,
2862 774 2955 827 τὸν
2982 776 3039 827 δὲ
3066 778 3347 848 Τάρταρον
3365 782 3461 851 τῆς
3490 785 3657 837 ἁδύς-

2070 878 2163 914 σου
2225 863 2414 933 ὥσπερ
2472 864 2840 933 αἰχμάλωτον,
2921 866 3114 931 ἀναζεῖ
3178 873 3233 923 δὲ
3274 872 3371 943 τὴν
3417 876 3656 930 ἄϐυσσον

2066 953 2255 1023 ὥσπερ
2302 954 2548 1025 χαλκίον,
2600 957 2807 1021 πάντας
2837 960 3197 1031 ἐκταράσσων
3217 964 3307 1016 διὰ
3333 967 3432 1036 τῆς
3454 971 3657 1034 κακίας

2065 1045 2253 1110 αὐτοῦ,
2285 1048 2379 1099 καὶ
2410 1048 2631 1101 πάντων
2667 1049 2858 1119 ἄρχειν
2886 1052 3209 1123 βουλόμενος
3236 1075 3248 1123 ;
3301 1059 3524 1115 Τούτων
3552 1066 3658 1135 γάρ

2062 1138 2174 1190 τῶν
2214 1141 2556 1210 πραγμάτων
2587 1143 2619 1212 ἡ
2667 1141 2873 1211 Θεωρία
2910 1146 3049 1197 πάνυ
3089 1149 3383 1218 τιτρώσκει
3414 1154 3511 1205 τὸν
3544 1156 3657 1209 δαί-

2067 1247 2224 1299 μονα,
2280 1233 2376 1284 καὶ
2421 1234 2602 1286 πᾶσαν
2638 1221 2802 1287 αὑτοῦ
2829 1238 2929 1306 τὴν
2954 1241 3304 1311 παρεμϐολὴν
3337 1247 3655 1313 φυγαδεύει.

2075 1322 2236 1375 ’Λλλά
2274 1322 2447 1376 ταῦτα
2502 1329 2600 1394 μὲν
2650 1325 2758 1378 τῶν
2780 1327 2966 1398 ἡρέμα
3000 1331 3429 1402 κεκαθαρμένων
3471 1337 3657 1407 μόνων

2062 1413 2390 1483 συμϐαίνει,
2441 1416 2537 1468 καὶ
2606 1415 2935 1485 βλεπόντων.
3012 1424 3194 1487 ποσῶς
3264 1426 3391 1489 τοὺς
3454 1429 3657 1498 λόγους

2060 1506 2169 1559 τῶν
2194 1509 2519 1576 γεγονότων.
2571 1511 2631 1563 Οἱ
2679 1512 2737 1564 δὲ
2762 1512 3066 1584 ἀκάθαρτοι
3112 1519 3212 1585 τὴν
3266 1518 3504 1589 θεωρίαν
3532 1525 3659 1578 τού-

2059 1615 2170 1651 των
2194 1601 2294 1653 οὑκ
2336 1601 2536 1667 ἴσασιν,
2570 1604 2691 1657 οὐδὲ
2722 1606 2771 1657 εί
2813 1606 3078 1674 μαθόντες
3124 1612 3253 1680 παρ’
3282 1613 3487 1684 ἑτέρων
3526 1636 3658 1672 κατ-

1990 1674 2034 1729 Β
2062 1693 2314 1764 επᾴδοιεν
2338 1695 2787 1766 ἀκουσθήσονται,
2816 1699 3013 1753 πολλοῦ
3040 1704 3343 1773 κονιορτοῦ,
3370 1708 3467 1760 καὶ
3502 1708 3659 1781 θορύ-

2062 1785 2159 1838 ϐου
2213 1785 2302 1839 διά
2343 1786 2412 1839 τὰ
2466 1786 2613 1856 πάθη
2674 1791 3067 1860 συνισταμένου
3098 1794 3238 1846 κατὰ
3260 1796 3351 1848 τὸν
3388 1799 3655 1871 πόλεμον.

2059 1876 2152 1928 Δεῖ
2194 1877 2303 1946 γὰρ
2355 1877 2572 1941 πάντως
2619 1880 2717 1949 τὴν
2772 1882 3124 1952 παρεμϐολὴν
3177 1887 3284 1939 τῶν
3335 1889 3665 1960 ἀλλοφύλων

2063 1969 2261 2039 μικρὸν
2296 1972 2598 2041 ἠρεμῆσαι,
2653 1974 2739 2026 ἵνα
2775 1976 2937 2045 μόνον
2964 1979 2993 2031 ὁ
3028 1977 3069 2030 Γ
3070 1978 3222 2033 ολιάθ
3254 1982 3555 2059 ἀπαντήσῃ
3582 1989 3660 2058 τῷ

2057 2061 2316 2131 ἡμετέρῳ
2356 2062 2539 2117 Δαϐίδ,
2583 2064 2865 2129 Ὡσαύτως
2902 2066 2960 2120 δὲ
2999 2069 3093 2121 καὶ
3124 2072 3189 2140 τῇ
3220 2070 3511 2143 διαιρέσει,
3566 2081 3661 2132 καὶ

2056 2151 2133 2222 τῷ
2188 2153 2320 2206 εἴδει
2376 2154 2553 2224 τούτῳ
2608 2157 2704 2208 τοῦ
2765 2157 3007 2229 πολέμου
3062 2160 3397 2234 χρησώμεθα
3427 2170 3533 2222 καὶ
3563 2172 3659 2225 ἐπὶ

2058 2243 2279 2296 πάντων
2305 2243 2632 2315 ἀκαθάρτων
2654 2245 2953 2316 λογισμῶν.

2632 2355 2884 2412 ΚΕΦΑΛ.
2921 2358 3051 2413 KA'.

2125 2462 2247 2515 Τῶν
2268 2464 2593 2535 ἀκαθάρτων
2611 2467 2906 2537 δαιμόνων,
2920 2471 2968 2523 oi
3001 2472 3102 2541 μὲν
3119 2476 3208 2527 τὸν
3228 2476 3542 2548 ἄνθρωπον,
3582 2483 3658 2546 ὡς

2055 2550 2345 2621 ἄνθρωπον
2371 2552 2813 2624 ὲκπειράζουσιν,
2833 2557 2882 2610 οἱ
2898 2558 2951 2610 δὲ
2972 2559 3064 2613 τὸν
3090 2562 3393 2633 ἄνθρωπον,
3412 2567 3491 2629 ὡς
3515 2569 3658 2632 ζῶον

2053 2643 2244 2713 ἄλογον
2256 2646 2592 2716 ἐκταράσσου
2600 2650 2771 2713 σι,καὶ
2786 2652 2834 2703 οἱ
2850 2651 2949 2721 μὲν
2963 2653 3169 2722 πρῶτοι
3187 2673 3263 2709 πα
3270 2658 3658 2730 ραῦάλλοντες,

2053 2736 2415 2809 κενοδοξίας,ἢ
2434 2739 2873 2814 ύπερηφανίας,ἢ
2897 2744 3152 2815 φθόνου,ῆ
3169 2750 3503 2819 κατηγορίας
3520 2755 3659 2824 ἡμῖν

2052 2827 2383 2898 ἐμϐάλλουσι
2406 2832 2677 2901 νοήματα,
2711 2832 2857 2904 ἅπερ
2885 2834 3096 2899 οὐδενὸς
3127 2838 3356 2891 ἅπτεται
3380 2841 3497 2894 τῶν
3533 2844 3662 2897 ἀλόσ

2053 2938 2164 2989 γων
2187 2936 2200 2949 ·
2236 2924 2286 2975 οἱ
2332 2923 2387 2975 δὲ
2417 2923 2685 2995 δεύτεροι,
2739 2927 3217 2995 προσεγγίζοντες,
3246 2930 3435 3000 θυμὸν,
3469 2934 3505 3002 ἦ
3531 2936 3660 2988 ἐπι..

360 3022 735 3093 proximantes
757 3032 976 3076 movent
997 3024 1154 3087 iram,
1181 3032 1275 3077 aut
1294 3027 1795 3093 concupiscentiam
1819 3043 1947 3097 pne-

2127 3014 2257 3083 μίαν
2311 3014 2465 3086 παρά
2513 3019 2678 3085 φύσιν
2709 3017 2940 3071 κινοῦσι.
3014 3019 3201 3073 Ταῦτα
3249 3021 3358 3092 γὰρ
3397 3025 3469 3077 τὰ

361 3120 445 3165 ter
476 3122 751 3166 naturam.
800 3110 895 3166 llze
941 3114 1141 3182 quippe
1180 3114 1459 3182 passiones
1493 3131 1811 3171 communes
1850 3132 1949 3170 uo-

362 3207 445 3269 ois
476 3217 529 3263 et
563 3209 970 3263 irrationalibus
1001 3210 1371 3264 animantibus
1400 3212 1693 3275 exsistunt,
1721 3213 1823 3266 sub
1857 3228 1946 3265 ra-

359 3301 548 3355 tionali
579 3315 774 3355 natura
806 3302 1066 3365 latentes,
1093 3301 1271 3372 534,
1301 3301 1424 3357 ideo
1451 3301 1685 3371 Spiritus
1724 3313 1945 3359 sanctus

359 3394 427 3448 ad
465 3393 771 3447 incidentes
803 3392 1024 3461 quidem
1076 3395 1127 3444 in
1162 3393 1434 3447 humanas
1477 3395 1831 3463 cogitationes
1858 3394 1944 3449 di-

359 3487 470 3542 cit:
503 3505 523 3539 ι
564 3484 675 3554 Ego
715 3485 823 3538 dixi
854 3503 867 3537 :
902 3484 982 3536 Dii
1019 3484 1175 3547 estis,
1214 3496 1269 3539 et
1298 3485 1395 3538 lilii
1419 3485 1685 3541 Altissimi
1717 3503 1937 3554 omnes;

356 3594 455 3633 vos
488 3587 671 3631 autem
706 3577 848 3631 sicut
898 3577 1151 3632 homines
1182 3577 1511 3641 moriemini,
1540 3589 1591 3632 et
1624 3579 1767 3634 sicut
1800 3597 1941 3636 unus

357 3672 424 3726 de
452 3669 792 3739 principious
824 3668 1029 3723 cadetis
1056 3668 1123 3721 ³⁸.
1167 3687 1185 3719 ι
1235 3668 1313 3721 Ad
1346 3684 1441 3724 eos
1485 3679 1688 3736 autem,
1732 3672 1824 3740 qui
1864 3672 1940 3725 ir-

356 3761 701 3814 rationaliter
730 3769 1036 3823 moventur,
1071 3760 1200 3828 quid
1244 3761 1364 3814 ait?
1404 3780 1422 3812 ι
1450 3760 1625 3816 Nolite
1652 3766 1763 3816 heri
1801 3765 1943 3819 sicut

360 3868 537 3923 equus
581 3861 635 3905 et
657 3852 861 3916 mulus,
890 3852 1090 3921 quibus
1120 3868 1228 3905 non
1267 3862 1349 3908 est
1391 3854 1715 3909 intellectus.
1753 3857 1808 3909 In
1847 3872 1939 3917 ca-

355 3962 483 4012 mo,
523 3955 578 4000 et
616 3944 775 3999 freno
806 3944 1056 3998 maxillas
1096 3960 1288 3998 eorum
1331 3946 1662 4015 constringe,
1704 3948 1794 4016 qui
1830 3964 1937 4001 non

354 4038 737 4107 approximant
758 4036 825 4088 ad
853 4044 902 4089 te
928 4036 992 4088 ³⁸.
1020 4056 1037 4087 ›
1065 4037 1258 4089 Anima
1291 4053 1439 4098 vero,
1465 4053 1587 4106 quae
1613 4039 1934 4106 peccaverit,

356 4131 474 4197 ipsa
511 4128 795 4181 morietur.
840 4126 1187 4181 Manifestum
1213 4135 1317 4190 est,
1349 4127 1497 4196 quod
1527 4127 1776 4181 homines
1798 4128 1939 4184 sicut

353 4222 607 4275 homines
653 4221 967 4285 morientes,
1006 4221 1073 4273 ab
1109 4220 1422 4273 hominibus
1472 4220 1839 4290 sepelientur,
1883 4234 1936 4276 at

352 4312 469 4382 qui,
513 4321 571 4365 ut
597 4311 942 4364 irrationales
980 4322 1157 4364 morte
1190 4310 1518 4374 afﬁciuntur,
1555 4312 1670 4365 sive
1701 4312 1929 4375 cadunt,

353 4420 385 4460 a
415 4403 723 4460 vulturibus
743 4412 798 4457 et
823 4402 1002 4457 corvis
1032 4403 1459 4469 devorabuntur,
1492 4418 1522 4455 e
1551 4418 1787 4473 quorum
1816 4405 1935 4474 pul-

352 4495 438 4560 lis,
474 4496 524 4548 hi
551 4494 768 4563 quidem
802 4493 1059 4546 invocant
1102 4482 1414 4554 Dominum,
1446 4492 1539 4547 alii
1568 4508 1698 4547 vero
1726 4492 1937 4548 foedan—

350 4597 441 4641 tur
475 4586 528 4639 in
556 4584 936 4655 sanguinibus.
986 4582 1087 4649 Qui
1123 4585 1290 4639 habet
1325 4599 1486 4639 aures
1530 4584 1804 4649 audiendi,
1836 4601 1934 4640 au-

349 4682 485 4736 diat.

916 4792 1151 4848 CAPUT
1191 4793 1355 4848 XXII.

418 4914 648 4980 Quando
674 4913 903 4982 impurae
937 4911 1184 4980 quaedam
1232 4910 1590 4981 cogitationes
1620 4913 1775 4968 ocius
1816 4913 1933 4968 fue-

348 5006 461 5061 rint
492 5005 761 5075 eﬂ‘ugatae,
806 5004 1148 5073 inquiramus
1193 5018 1440 5070 causam,
1479 5003 1625 5058 unde
1665 5004 1719 5057 id
1764 5005 1933 5059 conti-

350 5098 489 5170 gerit
518 5116 531 5152 :
558 5106 742 5152 utrum
779 5107 1001 5167 prepter
1030 5095 1107 5149 rei
1137 5095 1446 5164 penuriam,
1486 5109 1554 5149 eo
1582 5096 1727 5164 quod
1762 5106 1933 5152 mate-

348 5194 462 5247 ries
488 5207 630 5261 aegre
658 5191 729 5244 sit
751 5189 1041 5260 parabilis;
1084 5196 1179 5241 aut
1228 5197 1455 5257 preptcr
1492 5202 1633 5255 eam,
1687 5205 1808 5259 qure
1831 5204 1925 5243 no-

349 5285 436 5340 bis
458 5285 616 5351 inest,
651 5283 967 5354 passionum
995 5284 1349 5347 vacuitatem,
1391 5297 1495 5336 non
1529 5282 1927 5351 praevaluerunt

352 5377 615 5431 adversus
647 5391 747 5430 nos
773 5375 1022 5430 inimici?
1053 5375 1300 5443 Exempli
1338 5389 1506 5429 causa
1529 5392 1542 5427 :
1567 5374 1624 5429 Si
1648 5375 1773 5444 quis
1802 5388 1926 5427 ana-

352 5470 718 5534 choretarum,
769 5476 1027 5538 suggestu
1058 5467 1343 5531 daemonis,
1388 5466 1707 5522 recordatus
1734 5465 1919 5532 fuerit,

426 5643 473 5675 ³³
508 5642 611 5696 lsa.
638 5658 746 5710 xxv,
781 5644 867 5697 12.
946 5645 992 5677 ³⁸
1026 5643 1066 5699 ll
1098 5645 1231 5717 Reg.
1266 5661 1402 5712 vvn,
1440 5644 1533 5702 48.

2052 3106 2207 3158 κοινά
2244 3108 2420 3175 ἡμῶν,
2447 3108 2540 3160 καὶ
2566 3108 2673 3161 τῶν
2696 3110 2905 3178 ἀλόγων
2939 3110 3094 3174 ζώων
3121 3114 3513 3184 τυγχάνουσιν,
3548 3120 3654 3172 ὑπὸ

2049 3199 2146 3267 τῆς
2198 3197 2419 3268 λογικῆς
2476 3200 2863 3271 καλυπτόμενα
2922 3202 3157 3270 φύσεως.
3210 3206 3302 3259 Διὸ
3347 3208 3506 3275 λέγει
3561 3212 3657 3264 καὶ

2046 3287 2109 3340 τὸ
2136 3290 2360 3361 Πνεῦμα
2382 3290 2443 3343 τὸ
2466 3292 2643 3360 ἆγιον,
2677 3294 2813 3363 πρὺς
2842 3295 2939 3364 μὲν
2968 3297 3455 3369 τοῖς-ἀνθρωπίνοις
3493 3319 3657 3375 περιο

2048 3380 2346 3444 πίπτοντας
2374 3381 2675 3453 λογισμοῖς,
2711 3403 2729 3435 ι
2754 3384 2894 3452 Ἐγὼ
2923 3382 3075 3438 εῑπαο
3099 3387 3225 3440 Θεοί
3253 3392 3397 3456 ἐστε,
3416 3394 3522 3444 καὶ
3546 3395 3654 3447 υἱοὶ

2057 3471 2314 3541 Ὑψίστου
2332 3474 2529 3535 πάντες
2550 3489 2564 3503 '
2591 3475 2746 3545 ὑμεῖς
2760 3476 2816 3529 δὲ
2832 3477 2908 3541 ὡς
2932 3462 3210 3547 ἀνθρωττοι
3238 3481 3446 3553 ἀποθνή
3457 3500 3649 3550 σκετε,

2044 3565 2139 3616 καὶ
2190 3565 2266 3626 ὡς
2311 3559 2394 3629 εἷς
2444 3566 2552 3620 τῶν
2594 3568 2872 3639 ἀρχόντων
2898 3570 3192 3624 πίπτετε.»
3238 3573 3381 3642 Πρὸς
3420 3575 3481 3627 δὲ
3522 3580 3652 3641 τοὺς

2043 3657 2393 3726 κινουμένους
2418 3658 2648 3726 ἀλόγως,
2665 3660 2718 3712 τί
2753 3678 2919 3731 φησι;
2953 3679 2971 3711 ι
2997 3662 3088 3732 Μὴ
3115 3663 3326 3730 γίνεσθε
3344 3662 3419 3727 ὡς
3450 3665 3648 3731 ἵππος,

2043 3750 2137 3803 καὶ¹
2168 3750 2412 3820 ἡμίονος,
2456 3747 2539 3814 οἷς
2575 3753 2676 3805 οὐκ
2718 3753 2833 3807 ἔστι
2863 3754 3075 3817 σύνεσις
3095 3796 3110 3819 ,
3139 3758 3196 3808 ὲν
3224 3756 3389 3827 κημῷ
3417 3761 3520 3813 καὶ
3546 3779 3649 3831 χα-

2041 3840 2169 3909 λινῷ
2201 3843 2297 3904 τὰς
2332 3843 2587 3911 σιαγόνας
2615 3845 2793 3899 αὐτῶν
2836 3845 3018 3914 ἀγξαι,
3045 3847 3156 3899 τῶν
3199 3850 3274 3919 μὴ
3306 3850 3649 3918 ἐγγιζόντων

2041 3933 2178 4002 πρὸς
2211 3933 2291 3988 σέ.
2320 3952 2339 3985 ι
2414 3936 2477 3988 Ἥ
2524 3936 2581 3989 δὲ
2622 3937 2767 4007 ψυχὴ
2797 3941 2829 4007 ἡ
2876 3939 3282 4010 ἁμαρτάνουσα,
3318 3942 3461 4013 αὕτη
3506 3945 3649 3998 ἀπο-

2041 4021 2306 4078 θανεῖται.
2368 4025 2662 4096 Πρόδηλον,
2684 4028 2766 4081 ὅτι
2789 4030 2837 4080 οἱ
2869 4029 2969 4094 μὲν
2996 4030 3269 4099 ἄνθρωποι
3307 4033 3385 4095 ὡς
3426 4033 3651 4105 ἀνθρω-

2040 4131 2130 4168 ποι
2172 4116 2644 4193 ἀποθνήσκοντες,
2698 4120 2801 4173 ὑπὸ
2845 4122 3153 4193 ἀνθρώπων
3190 4125 3555 4194 ταφήσονται,
3594 4128 3645 4179 οἱ

2038 4204 2209 4270 δὲὼς
2263 4206 2447 4275 ἄλογοι
2503 4208 2928 4279 θανατούμενοι,
2985 4213 3105 4283 ἦτοι
3148 4213 3475 4277 πίπτοντες,
3538 4216 3647 4269 ὑπὸ

2038 4298 2250 4366 γυπῶν,
2300 4300 2333 4368 ἢ
2378 4300 2627 4369 κοράκων
2678 4301 3071 4372 βρωθήσονται,
3114 4296 3191 4358 ὧν
3224 4307 3274 4357 οἱ
3322 4310 3566 4372 νεοσσοὶ,
3592 4312 3641 4362 οῖ

2045 4391 2143 4459 μὲν
2197 4390 2580 4445 ἐπικαλοῦνται
2617 4393 2708 4445 τὸν
2765 4392 2996 4464 Κύριον,
3054 4397 3103 4449 oi
3145 4396 3203 4448 δὲ
3274 4397 3549 4469 φύρονται
3584 4402 3644 4453 ἓν

2039 4483 2290 4552 αἵμασιν.
2344 4486 2401 4539 '0
2422 4485 2560 4555 ἔχων
2587 4480 2702 4539 ὦτα
2724 4487 2967 4553 ἀκούειν,
2998 4488 3264 4544 ἀκουέτω.

2639 4799 2889 4853 ΚΕΦΑΛ.
2920 4799 3048 4852 KB'.

2115 4908 2281 4961 Ὅταν
2351 4906 2492 4971 τινὲς
2539 4907 2649 4960 τῶν
2698 4909 3027 4981 ἀκαθάρτων
3090 4910 3376 4982 λογισμῶν
3424 4914 3635 4986 ταχέως

2040 4999 2481 5069 φυγαδευθῶσιν,
2547 5001 2873 5072 ζητήσωμεν
2908 5003 3007 5072 τὴν
3045 5004 3227 5057 αἰτίαν
3271 5005 3442 5059 πόθεν
3480 5007 3635 5060 τοῦτο

2041 5092 2358 5162 συμϐέϐηκε
2381 5109 2396 5123 ο
2434 5093 2663 5164 πότερον
2697 5095 2785 5147 διὰ
2816 5094 2913 5166 τὴν
2942 5097 3137 5149 σπάνιν
3155 5095 3251 5148 τοῦ
3283 5100 3632 5168 πράγματος.

2036 5183 2131 5235 τοῦ
2152 5184 2509 5256 δυσπόριστον
2537 5180 2800 5258 εἶναιτὴν
2824 5186 2977 5257 ὓλην,
3007 5188 3039 5257 ἢ
3071 5187 3161 5240 διὰ
3193 5187 3292 5259 τὴν
3321 5189 3635 5259 προσοῦσαν

2039 5278 2173 5346 ἡμῖν
2226 5278 2494 5333 ἀπάθειαν
2532 5279 2634 5331 οὐκ
2670 5279 2896 5351 ἴσχυσαν
2935 5280 3058 5334 καθ’
3128 5281 3286 5352 ἡμῶν
3320 5284 3374 5335 οἱ
3418 5282 3632 5353 ὲχθροίς

2034 5369 2182 5440 Οἴον,
2223 5374 2277 5426 εἴ
2303 5390 2389 5438 τις
2406 5372 2515 5428 τῶν
2551 5374 2977 5445 ἀναχωρούντων
3004 5373 3341 5447 ἐνθυμηθείη
3386 5376 3491 5429 ὑπὸ
3524 5374 3637 5429 δαί-

2034 5484 2215 5537 μονος,
2243 5467 2343 5539 τῆς
2365 5464 2589 5539 πρώτης
2631 5466 2837 5532 πόλεως
2878 5469 3258 5541 πνευματικὴν
3301 5468 3636 5542 κυϐέρνησιν

1613 5646 1659 5680 ³⁵
1685 5644 1834 5703 Psal.
1867 5660 2050 5713 ωωιιι,
2076 5644 2135 5715 6,
2160 5645 2213 5700 7.
2292 5646 2336 5679 ³⁸
2375 5644 2522 5702 Psal.
2560 5660 2712 5714 xm,
2740 5647 2794 5704 9.
