3808 6226
100 301 237 367 1225

1112 301 1213 361 DE
1276 299 1647 360 MALIGNIS
1673 299 1809 359 COG
1822 298 2328 359 lTATIONIBUS.

3206 294 3340 358 1226

92 418 485 489 πιστευθῆναι,
524 412 677 479 οὗτος
716 416 904 486 δῆλον,
945 416 1029 469 ὅτι
1064 415 1126 467 οὑ
1161 415 1400 485 χρονίσει
1421 415 1511 467 τὸν
1538 414 1680 482 λογι-

1806 414 1921 482 ιιιυιΙ
1948 413 2134 483 prima:
2151 413 2301 468 urbis
2312 412 2416 468 sibi
2429 411 2738 467 concredita
2754 409 2918 465 fuerit
2930 410 3009 480 spi
3019 410 3227 466 ritualis
3244 427 3313 481 gu
3325 439 3345 451 -

95 512 232 579 σμὸν
261 508 450 563 τοῦτον
481 507 904 578 φανταζόμενος,
940 509 1031 560 καὶ
1061 508 1094 578 ἡ
1123 507 1269 560 αἰτία
1296 508 1359 560 ὲκ
1388 507 1495 559 τῶν
1528 506 1682 573 λεγο-

98 601 276 669 μένων
304 598 513 667 γίνεται
550 596 824 667 γνώριμος
847 610 862 625 ⁶
911 598 959 649 εί
981 595 1037 649 δέ
1070 613 1155 658 τις
1179 594 1407 658 πόλεως,
1451 597 1543 648 καὶ
1582 594 1680 664 τῆς

94 692 369 760 τυχούσης
405 689 635 756 γίνεται,
676 688 771 741 καὶ
810 686 1009 757 ὁμοίως
1048 685 1343 754 λογίζεται,
1380 681 1534 749 οὗτος
1580 704 1677 755 μαι

96 783 293 851 κάριος
316 783 418 852 τῆς
446 780 716 843 ἀπαθείας
745 780 909 833 ἐστίν.
958 780 1195 848 Ὁμοίως
1229 780 1287 833 δὲ
1331 779 1424 834 καὶ
1458 780 1548 832 ἐπὶ
1575 779 1682 832 τῶν

96 877 276 929 ἄλλων
302 874 584 945 λογισμῶν
613 874 965 945 εὑρεθήσεται
1015 875 1044 925 ὁ
1079 873 1316 937 τοιοῦτος
1350 874 1550 945 τρόπος
1594 871 1681 935 ἐξ·

97 966 451 1035 εταζόμενος.
508 964 696 1018 Ταῦτα
738 964 794 1017 δὲ
827 966 1122 1032 ἀναγκαῖον
1172 964 1369 1018 εἰδέναι
1413 964 1548 1034 πρὸς
1586 963 1684 1033 τὴν

100 1054 383 1124 ἡμετέραν
439 1051 779 1123 προθυμίαν,
845 1054 938 1104 καὶ
986 1051 1251 1122 δύναμιν,
1299 1053 1387 1105 ἵνα
1433 1051 1682 1121 εἴδωμεν,

100 1144 382 1217 πότερονῆ
404 1142 497 1197 τὸν
522 1142 792 1213 Ἰορδάνην
810 1142 1184 1213 παρήλθομεν,
1213 1144 1305 1196 καὶ
1321 1142 1489 1211 ἐγγύς
1519 1145 1685 1212 ἐσμεν

99 1232 203 1300 τῆς
237 1230 450 1290 πόλεως
497 1228 605 1283 τῶν
643 1228 991 1299 Φοινίκων,ἢ
1033 1231 1114 1281 ἔτι
1148 1232 1207 1282 ὲν
1249 1233 1317 1301 τῇ
1364 1232 1556 1301 ἐρήμῳ
1604 1232 1685 1284 δι-

104 1324 337 1393 άγομεν,
370 1324 467 1375 καὶ
506 1321 612 1375 ὑπὸ
649 1322 757 1375 τῶν
806 1321 1119 1391 ἀλλοφύλων
1155 1322 1487 1391 τυπτόμεθα.
1540 1322 1687 1375 Πάνυ

102 1414 215 1482 γάρ
240 1412 486 1475 ποικίλος
516 1428 607 1481 μοι
625 1412 870 1480 φαίνεται
898 1412 998 1481 τῆς
1022 1410 1383 1482 φιλαργυρίας
1404 1412 1433 1463 ὁ
1457 1411 1685 1481 δαίμων,

105 1507 204 1559 καὶ
242 1505 379 1577 πρὸς
400 1504 617 1576 ἀπάτην
645 1504 970 1575 εὐμήχανος,
1014 1503 1073 1567 ὃς
1104 1503 1363 1567 πολλάκις
1404 1505 1690 1566 στενωθεὶς

107 1597 217 1651 ὑπὸ
245 1597 346 1667 τῆς
380 1596 556 1665 άκρας
599 1597 900 1666 ἀποταγῆς,
936 1594 1027 1649 τὸν
1057 1595 1338 1666 οἰκονόμον
1382 1595 1564 1660 εὐθὺς,
1597 1583 1692 1646 καὶ

1782 506 2045 567 beruatio,
2085 502 2435 559 manifestum
2459 514 2561 569 est,
2586 502 2731 573 quod
2756 503 2802 557 is
2832 517 2941 556 non
2969 502 3346 557 immorabitur

1782 598 1938 651 istam
1960 598 2340 666 cogitationem
2359 596 2751 666 contemplans,
2769 604 2823 650 et
2837 610 3002 650 causa
3018 610 3082 650 ex
3100 596 3207 661 bis,
3227 614 3348 667 quae

1780 690 2055 754 dicuntur,
2082 689 2296 759 cognita
2324 688 2463 743 fuit:
2496 687 2552 742 Si
2589 689 2714 758 quis
2744 698 2922 742 autem
2940 688 3084 757 quod
3103 689 3173 743 sit
3196 690 3347 744 urbis

1781 789 1836 833 et
1862 782 2278 851 qualiscunque,
2317 796 2381 835 ac
2424 780 2677 836 similiter
2708 781 2927 850 cogitet,
2961 781 3008 836 is
3038 781 3229 837 beatus
3266 790 3350 835 est

1782 873 1851 925 ob
1876 873 2188 942 passionum
2220 873 2518 926 carentiam
2547 891 2561 925 ι
2587 872 2666 925 sic
2695 872 2856 926 etiam
2889 872 3095 942 pariter
3140 874 3194 927 in
3227 874 3349 927 aliis

1786 963 2209 1033 cogitationibus
2236 963 2611 1032 hujuscemodi
2650 964 2865 1029 modus,
2911 965 2956 1018 si
2988 965 3350 1029 examinelur,

1782 1056 2167 1127 comperietur.
2200 1056 2326 1111 Haec
2369 1066 2548 1110 autem
2590 1060 2958 1113 necessarium
2986 1069 3069 1114 est
3109 1060 3250 1115 scire
3286 1060 3351 1114 ad

1787 1160 2031 1204 nostram
2097 1148 2256 1219 535
2303 1150 2471 1203 animi
2523 1150 2898 1216 alacritatem;
2948 1168 3012 1208 ac
3068 1153 3252 1217 robur,
3298 1162 3359 1208 ιιι

1787 1257 2097 1305 noscamus,
2145 1251 2348 1305 utrum,
2403 1251 2498 1296 aut
2540 1241 2827 1297 Jordanem
2882 1246 3354 1313 pertransivimus,

1788 1333 2073 1402 simusque
2118 1348 2285 1402 pmpe
2332 1332 2648 1388 Phtenicum
2694 1336 2915 1399 urbem,
2950 1343 3043 1389 aut
3087 1334 3266 1389 adhuc
3300 1336 3354 1389 in

1789 1424 2085 1478 solitudine
2137 1424 2436 1494 degamus,
2490 1434 2543 1479 et
2585 1425 2857 1480 cedamur
2897 1426 2966 1481 ab
3012 1426 3353 1497 alienigenis.

1790 1515 1958 1570 Valde
1980 1516 2179 1585 quippe
2202 1526 2454 1572 versutus
2482 1528 2535 1571 et
2565 1518 2793 1573 callidus
2823 1518 2955 1574 mihi
2987 1519 3198 1573 videtur
3230 1534 3358 1573 ava-

1790 1608 1929 1662 ritiae
1958 1608 2193 1672 daemon,
2219 1610 2396 1679 adque
2424 1609 2797 1678 decipiendum
2845 1611 3147 1666 industrius
3175 1626 3237 1666 ac
3267 1627 3358 1666 so-

109 1690 455 1760 φιλόπτωχον
483 1688 854 1760 ὑποκρίνεται,
881 1687 976 1741 καὶ
998 1689 1126 1752 τοὺς
1154 1688 1381 1759 μηδέπω
1418 1688 1691 1759 παρόντας

1806 1715 1920 1762 .ers,
1954 1700 2047 1768 qui
2075 1701 2275 1770 saepius
2318 1711 2469 1756 arcte
2508 1717 2728 1771 pressus
2758 1718 2788 1756 a
2829 1718 3042 1757 summa
3075 1702 3357 1758 renuntia-

107 1757 435 1853 ὑποδέχεται
473 1757 657 1848 ξένους
683 1780 1069 1852 γνησιώτερον,
1114 1757 1208 1835 καὶ
1230 1781 1407 1845 ἄλλοις
1433 1757 1692 1850 λειπομέ-

1806 1792 1939 1846 tione
1969 1793 2179 1859 mundi,
2211 1792 2497 1848 confestim
2530 1795 2815 1865 providum
2842 1794 3356 1858 administratorem,

107 1893 224 1941 νοις
256 1874 574 1930 ἀποστέλλει
619 1874 919 1937 διακονίαν,
960 1874 1057 1928 καὶ
1099 1874 1451 1944 δεσμωτήρια
1486 1872 1693 1935 πόλεως

109 1968 530 2031 ἑπισκέπτεται,
564 1968 660 2020 καὶ
696 1967 824 2031 τοὺς
862 1967 1342 2039 πιπρασκομένους
1387 1966 1549 2036 δῆθεν
1601 1964 1692 2029 ἒξ-

108 2058 398 2130 αγοράςει,
429 2054 643 2127 γυναιξί
666 2073 726 2109 τε
750 2056 1008 2110 κολλᾶται
1034 2054 1334 2117 πλουσίαις,
1362 2052 1603 2113 καὶτοὺς
1632 2044 1691 2103 εὑ

111 2148 311 2203 παθεῖν
351 2148 668 2219 ὀφείλοντας
715 2148 1093 2210 ὑποδείκνυσι,
1143 2148 1238 2200 καὶ
1280 2144 1474 2208 ἄλλους
1532 2142 1695 2198 πάλιν

113 2240 489 2305 ἀποτάξασθαι
522 2241 763 2295 νουθετεῖ
788 2242 1071 2311 βαλάντιον
1099 2239 1261 2310 ἁδρὸν
1300 2236 1695 2306 κεκτημένους,

112 2336 213 2387 καὶ
240 2333 413 2395 οὑτως
450 2335 795 2406 ἐξαπατήσας
828 2333 967 2387 κατὰ
1002 2332 1199 2403 μικρὸν
1231 2330 1330 2402 τὴν
1360 2328 1561 2399 ψυχὴν,
1595 2328 1696 2397 τῆς

122 2428 243 2491 mla
256 2429 486 2499 ργυρίας
513 2428 683 2499 αὑτὴν
708 2425 989 2495 λογισμοῖς
1015 2420 1329 2489 ὑποϐάλλει,
1367 2419 1466 2475 καὶ
1495 2418 1574 2489 τῷ
1596 2418 1695 2488 τῆς

114 2520 428 2585 κενοδοξίας
450 2518 785 2591 παραδίδωσι
819 2517 1032 2587 δαίμονι

697 2826 948 2880 ΚΕΦΑΛ.
981 2821 1110 2879 ΚΓ.

203 2942 296 3007 Ὧς
331 2942 534 3011 πλῆθος
571 2940 785 3007 εἰσάγει
818 2938 926 2994 τῶν
960 2938 1291 3006 δοξαξόντων
1325 2936 1418 2990 ἐπὶ
1441 2938 1561 2999 ταῖς
1622 2936 1699 2987 0i-

1792 1892 2175 1953 amantemque
2195 1899 2492 1954 pauperum
2521 1888 2760 1951 simulat,
2787 1896 2842 1941 et
2871 1903 2985 1952 eos,
3004 1887 3095 1956 qui
3117 1887 3357 1943 nondum

1793 1976 2010 2039 adsunt,
2043 1976 2241 2045 hospes
2280 1978 2597 2045 generosius
2638 1978 2861 2048 excipit,
2892 1990 2948 2034 et
2978 1980 3100 2036 aliis
3126 1979 3362 2035 absenti-

1794 2067 1897 2121 bus
1928 2068 2094 2122 mittit
2116 2068 2505 2133 ministerium,
2541 2080 2596 2126 et
2622 2071 2805 2126 visitat
2832 2086 3079 2128 carceres
3106 2071 3276 2136 urbis,
3311 2080 3364 2123 (ιι

1800 2157 2105 2212 divenditos
2137 2159 2386 2215 videlicet
2428 2162 2674 2226 redimit,
2722 2171 2776 2217 et
2824 2162 3087 2218 divitibus
3131 2162 3367 2216 adhaere-

1795 2246 1901 2301 scit
1934 2247 2277 2315 mulieribus,
2299 2258 2351 2304 et
2376 2266 2491 2313 eos,
2537 2251 2632 2322 qui
2686 2252 2949 2307 beneﬁcio
2982 2251 3120 2307 allici
3147 2252 3363 2313 debent,

1796 2339 2127 2407 subindicat,
2168 2352 2222 2395 et
2254 2358 2284 2396 e
2313 2342 2529 2398 diverso
2559 2344 2715 2411 alios,
2744 2345 2836 2415 qni
2864 2345 3198 2416 marsupium
3236 2360 3364 2414 pos-

1796 2431 1979 2485 sident
2001 2434 2339 2501 epulentum,
2394 2434 2669 2499 admonet,
2698 2444 2759 2489 ut
2790 2438 2989 2492 mundo
3012 2437 3323 2491 renuntient
3350 2453 3365 2488 :

1795 2524 2005 2593 sicque,
2027 2538 2149 2578 cum
2182 2526 2441 2594 paulatim
2468 2527 2707 2582 animam
2730 2528 3020 2598 deceperit,
3045 2530 3217 2600 ipsam
3244 2544 3371 2584 ava-

1797 2618 1939 2673 ritite
1968 2618 2189 2687 subiicit
2218 2619 2662 2691 cogitationibus,
2710 2623 2980 2695 traditque
3016 2623 3250 2678 daemoni
3276 2639 3370 2677 va-

1803 2725 1887 2763 na:
1924 2711 2130 2780 gloriae.

2360 2824 2589 2881 CAPUT
2622 2825 2808 2881 XXIII.

1873 2933 1988 2987 Tali
2018 2946 2176 3004 pacto
2215 2936 2477 3002 (avaritia:
2514 2937 2746 3005 dannon)
2789 2938 3190 2994 tnultitudinem
3216 2939 3375 2993 indu-

119 3037 421 3109 κονομίαις·
435 3034 660 3099 ταύταις
696 3035 788 3087 τὸν
817 3033 1042 3105 Κύριον,
1078 3031 1171 3084 καί
1199 3047 1352 3093 τινας
1373 3030 1493 3083 κατ’
1522 3026 1697 3095 ὀλίγον

1806 3028 1874 3081 cit
1896 3028 2287 3082 celebrantium
2324 3027 2609 3082 Dominum
2637 3029 2707 3083 ob
2729 3028 2893 3084 hasce
2919 3031 3171 3099 providas
3202 3032 3376 3087 admi-

118 3102 271 3202 περὶ.
307 3131 609 3202 ἱερωσύνης
682 3102 1073 3189 συλλαλοὺντας
1132 3122 1448 3193 προϐάλλων
1515 3119 1697 3172 λοιπὸν

1810 3118 2193 3184 nistrationes,
2247 3119 2618 3188 paulatimque
2668 3120 2993 3189 proferendo
3036 3122 3248 3192 aliquos
3309 3126 3376 3177 de

120 3221 567 3292 προμαντεύεται
623 3218 794 3289 ταχὴν
835 3219 1062 3272 θάνατον
1112 3214 1207 3268 τοῦ
1267 3214 1420 3275 ὄντος
1495 3211 1704 3281 ἱερέως,

122 3316 222 3368 καὶ
261 3312 337 3376 ὡς
368 3312 469 3365 οὑκ
520 3310 587 3365 ἃν
634 3310 852 3383 ἐκφύγῃ
898 3307 1069 3379 μυρία
1098 3308 1329 3376 ποιήσας
1360 3302 1703 3374 προστίθησι,

123 3409 224 3460 καὶ
251 3405 423 3469 οὑτως
457 3405 486 3457 ὁ
530 3402 873 3472 ταλαίπωρος
914 3400 1035 3461 νοῦς
1074 3398 1308 3460 ὲνδεθεὶς
1348 3397 1557 3459 τούτοις
1597 3398 1708 3458 τοῖς

121 3499 428 3568 λογισμοῖς,
451 3499 565 3559 τοῖς
606 3497 704 3567 μὲν
744 3494 818 3565 μὴ
858 3491 1313 3560 καταδεξαμένοις
1355 3489 1463 3542 τῶν
1506 3487 1710 3557 ἀνθρώ·

122 3607 247 3644 πων
303 3588 627 3658 διαμάχεται
654 3624 673 3650 ,
744 3588 855 3648 τοῖς
908 3584 966 3638 δὲ
1006 3582 1164 3635 τοῦτο
1215 3580 1703 3648 καταδεξαμένοις,

124 3683 363 3754 ἑτοίμοις
392 3681 543 3752 δῶρα
570 3678 873 3750 χαρίζεται,
894 3677 987 3730 καὶ
1017 3676 1116 3746 τῆς
1150 3672 1567 3744 εὐγνωμοσύνης
1613 3672 1709 3724 αὑ-

125 3778 259 3839 τοὺς
279 3774 633 3844 ἀποδέχεται·
671 3772 822 3834 τινάς
853 3769 910 3822 δὲ
940 3768 1401 3830 διστασιάζοντας,
1426 3767 1537 3828 τοῖς
1558 3764 1711 3816 δικα-

128 3871 291 3931 σταῖς
347 3865 717 3938 παραδίδωσι,
763 3865 859 3917 καὶ
910 3862 1009 3932 τῆς
1079 3860 1289 3923 πόλεως
1369 3857 1710 3927 ὲξορίζεσθαι

126 3958 503 4031 παραγγέλλει
526 3975 541 3987 ο
605 3954 812 4009 τούτων
856 3954 912 4007 δὲ
954 3952 1140 4008 λοιπὸν
1176 3952 1324 4005 ἔνδον
1369 3951 1575 4013 ὄντων,
1617 3947 1711 4000 καὶ

128 4052 518 4123 στρεφομένων
551 4049 661 4102 τῶν
691 4048 986 4118 λογισμῶν,
1018 4045 1181 4109 εὐθὺς
1208 4044 1302 4097 καὶ
1327 4046 1356 4097 ὀ
1379 4046 1476 4114 τῆς
1505 4043 1712 4111 ὑπερη-

126 4143 332 4214 φανίας
367 4142 654 4211 ὲφίσταται
688 4139 915 4210 δαίμων,
960 4137 1249 4207 ἀστραπάς
1293 4136 1534 4205 συνεχεῖς
1570 4132 1712 4187 κατά

124 4237 224 4289 τὸν
236 4234 380 4307 ἀέρα
403 4235 501 4305 τῆς
533 4233 729 4303 κέλλης
744 4231 950 4295 τυπῶν,
966 4231 1060 4285 καὶ
1080 4230 1378 4300 δράκοντας
1402 4226 1713 4298 πτερωτοὺς

126 4327 495 4397 ἐπιπέμπων,
546 4324 665 4391 καὶ,
712 4323 774 4377 τὸ
825 4323 1134 4377 τελευταῖον
1183 4322 1391 4384 κακὸν,
1456 4321 1713 4388 στέρησιν

1809 3210 2113 3263 sacerdotio
2140 3212 2205 3263 ad
2241 3211 2472 3265 invicem
2508 3213 2903 3281 colloquentes,
2946 3213 3176 3268 celerem
3222 3214 3378 3269 dein-

1809 3303 1875 3355 de
1899 3312 2124 3355 mortem
2151 3303 2449 3357 sacerdotis
2476 3305 2793 3359 exsistentis
2815 3305 3163 3370 vaticinatur,
3209 3315 3379 3377 utque

1813 3408 1919 3445 non
1966 3393 2204 3462 effugiat,
2251 3394 2418 3448 tnillia
2456 3395 2717 3463 cllingens
2748 3396 2953 3465 adjicit,
3004 3396 3192 3467 sicque
3224 3414 3380 3453 mens

1812 3484 1999 3537 infelix
2032 3484 2178 3537 hisce
2213 3484 2414 3554 illigata
2458 3486 2898 3555 cogitationibus,
2930 3500 3131 3558 pugnat
3159 3490 3377 3559 quidem

1814 3581 2015 3631 acriter
2042 3577 2311 3631 adversus
2343 3577 2592 3631 bomines
2624 3588 2961 3644 recusantes,
3007 3580 3058 3635 id
3107 3598 3236 3637 vero
3266 3599 3381 3637 am-

1812 3668 2155 3736 plexantibus
2181 3668 2323 3722 dona
2351 3681 2596 3738 prompte
2626 3670 2872 3740 largitur,
2909 3671 3261 3743 ipsorumque
3291 3676 3382 3729 bo-

1811 3771 1938 3808 nam
1986 3767 2243 3821 mentem,
2272 3772 2366 3810 seu
2393 3757 2667 3823 virtutem,
2693 3776 2813 3829 qua:
2842 3761 3163 3817 beneﬁcium
3202 3766 3384 3819 iidem-

1812 3863 1920 3918 quc
1944 3848 2136 3901 bonam
2167 3849 2435 3917 agnoscit,
2466 3851 2751 3919 approbat,
2789 3862 2845 3907 et
2872 3859 3214 3910 cemmendat
3246 3876 3259 3910 :
3288 3862 3381 3912 sed

1811 3950 1866 3994 et
1898 3938 2061 4012 536
2099 3940 2143 3993 si
2175 3939 2397 4008 quidam
2452 3941 2684 4011 litigent,
2738 3943 2900 3997 tradit
2939 3959 3035 3999 eos
3084 3944 3381 4013 iudicibus,

1814 4037 2141 4103 mandatque
2175 4044 2232 4089 ut
2262 4051 2327 4089 ex
2365 4035 2503 4089 urbe
2552 4036 2851 4089 multentur
2877 4037 3103 4091 exsilio:
3128 4050 3382 4094 cazterum

1815 4128 1964 4183 hisce
1993 4128 2412 4199 cogitationibus
2444 4128 2673 4183 interius
2706 4128 3115 4196 exsistentibus,
3158 4148 3222 4188 ac
3264 4149 3386 4188 ver-

1815 4220 2080 4283 santibus,
2110 4220 2293 4274 statim
2330 4219 2599 4289 superbiae
2623 4236 2841 4291 quoque
2870 4220 3105 4287 daemon,
3131 4226 3290 4293 quasi
3321 4242 3387 4280 ex

1814 4308 2031 4364 insidiis
2086 4317 2307 4379 repente
2343 4309 2541 4378 prodit,
2591 4308 2808 4379 fulgura
2855 4312 3113 4367 continua
3146 4315 3200 4368 itt
3241 4317 3390 4369 cella:

126 4416 350 4489 φρενῶν
400 4413 796 4487 ἐργαζόμενον,
871 4412 987 4468 ἀλλ’
1023 4413 1185 4482 ἡμεῖς
1229 4411 1439 4471 τούτοις
1470 4409 1583 4469 τοῖς
1624 4405 1685 4457 λο

1819 4416 1945 4455 aere
1976 4401 2315 4470 imprimens,
2367 4401 2647 4471 alatosque
2693 4402 2960 4465 dracones
3013 4404 3235 4475 insuper
3267 4408 3391 4461 mit—

123 4510 356 4578 γισμοῖς
394 4505 669 4560 ἀπώλειαν
696 4504 1075 4575 ἐπευξάμενοι,
1114 4500 1231 4573 μετ’
1262 4500 1607 4572 εὐχαριστίας
1650 4500 1718 4568 τῇ

126 4601 302 4671 πενίᾳ
334 4598 683 4667 συζήσωμεν,
737 4615 756 4649 ι
778 4597 942 4651 υύδὲν
963 4596 1072 4666 γὰρ
1099 4594 1500 4665 εἰσηνέγκαμεν
1520 4593 1600 4654 είς
1628 4590 1719 4643 τὸν

126 4694 361 4762 κόσμον,
404 4690 524 4744 οὑδὲ
552 4690 857 4758 ἐξενεγκεῖν
886 4706 937 4740 τι
956 4686 1113 4758 δῆλον
1133 4688 1215 4740 ὅτι
1232 4684 1508 4755 δυνάμεθα
1526 4700 1540 4713 ο
1571 4682 1721 4753 ἔχον-

125 4796 228 4843 τες
271 4778 327 4831 δὲ
354 4777 593 4849 τροφάς,
639 4778 735 4830 καὶ
773 4775 1165 4845 σκεπάσματα,
1205 4772 1414 4833 τούτοις
1450 4770 1720 4843 ἀρκεσθη-

127 4868 366 4939 σόμεθα,
385 4887 404 4919 ι
431 4868 767 4939 μεμνημένοι
805 4866 900 4920 καὶ
914 4866 1150 4929 Παύλου,
1188 4863 1343 4937 ῥίζαν
1369 4862 1586 4916 πάντων
1608 4860 1718 4913 τῶν

126 4957 326 5013 κακῶν
364 4958 465 5027 τὴν
503 4956 865 5028 φιλαργυρίαν
907 4957 1172 5019 εἰπόντος.
1219 4955 1428 5016 Πάντες
1484 4953 1534 5003 οἱ
1578 4950 1717 5005 ἀκά-

128 5050 332 5119 θαρτοι
390 5048 642 5119 λογισμοὶ
691 5047 780 5100 διὰ
822 5046 891 5099 τά
921 5046 1068 5116 πάθη
1102 5046 1441 5117 χρονίζοντες
1477 5044 1535 5095 ὲν
1563 5044 1715 5114 ἡμῖν,

130 5141 439 5209 κατάγουσι
474 5141 567 5194 τὸν
614 5140 741 5194 νοῦν
794 5141 875 5203 εἰς
928 5139 1182 5210 ὄλεθρον,
1242 5139 1337 5191 καὶ
1402 5136 1714 5191 ἀπώλειανο

128 5234 334 5303 ὥσπερ
362 5235 471 5303 γὰρ
500 5234 559 5285 τὸ
594 5233 772 5303 νόημα
793 5231 888 5285 τοῦ
918 5232 1085 5303 ἄρτου
1120 5232 1359 5303 χρονίζει
1399 5234 1457 5284 ὲν
1491 5232 1569 5301 τῷ
1600 5247 1722 5283 πει-

129 5327 302 5380 νῶντι
345 5324 434 5379 διὰ
461 5323 561 5395 τὴν
596 5329 805 5389 πεῖναν,
861 5324 959 5378 καὶ
998 5324 1060 5377 τὸ
1097 5325 1273 5395 νόημα
1315 5324 1409 5377 τοῦ
1446 5323 1636 5388 ὕδατος
1665 5325 1722 5377 ἐν

127 5417 217 5489 τῷ
255 5416 483 5487 διψῶντι
533 5416 624 5470 διὰ
686 5416 783 5488 τὴν
825 5416 1005 5486 δίψαν,
1049 5415 1193 5471 οὑτω
1236 5418 1329 5469 καὶ
1370 5418 1438 5469 τὰ
1475 5418 1725 5485 νοήματα

127 5507 249 5562 τῶν
280 5506 603 5577 κτημάτων.
639 5506 731 5559 καὶ
769 5504 878 5558 τῶν
908 5505 1228 5577 χρημάτων,
1255 5503 1495 5575 χρονίζει
1515 5505 1604 5558 διὰ
1627 5505 1725 5574 τὴν

129 5595 475 5664 πλεονεξίαν,
507 5599 603 5651 καὶ¹
631 5598 699 5651 τὰ
722 5599 971 5669 νοήματα
997 5598 1107 5651 τῶν
1140 5598 1462 5668 βρωμάτων,
1495 5598 1588 5651 καὶ
1616 5598 1726 5649 τῶν

217 5742 312 5796 ⁸⁷1
348 5741 490 5797 Titii.
524 5756 599 5803 γι,
631 5741 684 5804 7,
718 5740 772 5793 8.
848 5739 892 5771 ³⁸
932 5739 1060 5793 ibid.
1093 5740 1177 5793 10.

512 5835 783 5895 ΡΑτιιοι..
819 5833 934 5892 GR.
974 5833 1238 5894 LXXIX.

1822 4502 1960 4558 tens,
1996 4490 2250 4561 quodque
2280 4501 2581 4545 extremum
2639 4502 2722 4547 est
2752 4494 2978 4559 malum,
3015 4497 3213 4551 utentis
3258 4512 3391 4550 cau-

1817 4599 1949 4639 sans
1998 4585 2381 4653 privationem.
2417 4584 2526 4640 Nos
2557 4601 2710 4651 vero,
2745 4596 2929 4657 utpote
2980 4589 3069 4657 qui
3103 4590 3391 4658 cogitatio-

1817 4676 1981 4731 nibus
2016 4677 2134 4733 istis
2169 4679 2310 4732 luem
2342 4688 2663 4748 exoptamus
2686 4688 2740 4733 et
2774 4680 3074 4744 interitum,
3112 4697 3235 4735 cum
3264 4699 3391 4751 gra-

1816 4769 2015 4824 tiarum
2046 4771 2257 4825 actione
2281 4773 2583 4842 paupertati
2616 4772 2991 4827 convivatnus.
3030 4793 3048 4825 ι
3071 4772 3213 4827 Nihil
3244 4776 3390 4829 enim

1824 4865 1878 4918 in
1920 4866 2067 4920 hunc
2124 4867 2386 4919 mundum
2440 4866 2749 4933 intulimus,
2806 4879 2860 4923 et
2913 4869 3258 4924 manifestum
3308 4880 3393 4923 est

1823 4956 1965 5026 quod
2001 4972 2101 5012 nec
2122 4958 2324 5028 aliquid
2355 4958 2565 5013 deferre
2611 4960 2933 5027 poterimus.
2972 4960 3242 5015 Habentes
3265 4977 3395 5015 vero

1824 5048 2079 5103 alimenta
2107 5058 2169 5102 et
2186 5052 2522 5116 vestimenta,
2544 5051 2628 5105 bis
2646 5052 2884 5105 contenti
2909 5052 3082 5107 simus
3098 5053 3139 5083 ³⁷
3161 5070 3175 5119 ;
3200 5069 3397 5107 memo-

1827 5152 1913 5192 res
1933 5147 1985 5192 et
2010 5136 2186 5201 Pauli,
2219 5138 2312 5208 qui
2359 5139 2595 5192 radicem
2636 5140 2891 5193 vitiorum
2939 5143 3178 5194 omnium
3213 5144 3397 5197 avari-

1823 5231 1955 5284 tiam
2012 5231 2348 5299 nuncupavit
2373 5230 2438 5285 ³⁸.
2491 5229 2696 5287 Omnes
2758 5232 2987 5301 impura:
3041 5234 3399 5303 cogitationes

1824 5323 2035 5378 diutino
2066 5334 2309 5393 tempore
2337 5324 2389 5378 in
2434 5325 2613 5389 nobis,
2646 5325 2716 5380 ob
2748 5325 3053 5395 passiones,
3094 5338 3397 5389 manentes.

1827 5415 2106 5470 deducunt
2158 5424 2391 5470 mentem
2456 5416 2512 5469 in
2569 5416 2927 5485 perditionem
2993 5428 3048 5471 et
3098 5418 3325 5471 exitium
3380 5437 3394 5472 :

1828 5507 2286 5579 quemadmodum
2322 5508 2466 5562 enim
2515 5509 2772 5578 cogitatio
2807 5508 2964 5578 panis
2996 5509 3087 5563 diu
3123 5519 3304 5564 manet
3346 5513 3401 5566 in

1828 5601 2106 5657 esuriente
2143 5608 2362 5671 propter
2408 5600 2629 5667 famem,
2659 5610 2715 5657 et
2746 5602 3001 5671 cogitatio
3035 5617 3190 5672 aqua:
3225 5602 3276 5656 in
3327 5603 3403 5657 si-

2934 5788 2972 5811 Α.

2964 5822 3047 5896 39
