3808 6226
480 279 612 344 1227

476 395 641 450 tiente
670 403 888 462 propter
918 391 1063 447 sitim
1108 409 1123 446 :

476 484 829 552 pecuniarum
861 485 1166 554 perdurant
1196 492 1414 555 propter
1440 485 1792 554 cupiditatem
1834 486 2044 540 haben-

473 578 562 643 di;
597 585 651 631 et
690 575 941 631 notiones
994 591 1269 640 escarum,
1318 585 1372 630 et
1402 591 1613 642 earum,
1650 592 1770 646 quae
1796 592 1858 630 ex
1903 578 2045 632 escis

475 667 780 737 pariuntur,
814 668 1054 736 turpium
1086 664 1905 737 cogitationum,‘immorantur
1950 668 2043 723 diu

473 768 694 830 propter
721 760 1027 829 passiones.
1060 757 1262 814 Verum
1291 768 1347 814 et
1366 761 1418 813 in
1442 760 1865 830 cogitationibus
1895 776 2047 815 vanae

474 853 678 923 gloriae,
718 861 880 923 atque
912 852 964 906 in
1018 852 1137 906 aliis
1171 852 1422 922 cogitatis
1449 853 1699 907 similiter
1728 855 1833 907 ista
1874 854 2046 907 clare-

475 953 648 999 scent.
695 942 833 999 Fieri
869 952 1047 998 autem
1082 960 1188 998 non
1227 953 1422 1014 potest,
1453 945 1597 1013 quod
1634 960 1787 999 mens
1835 945 1902 999 ab
1929 946 2046 1000 istis

464 1033 639 1087 rebus
669 1031 955 1097 suﬁ'ocata,
1004 1032 1112 1085 Deo
1154 1040 1315 1097 astet,
1370 1029 1703 1101 justitiacque
1754 1048 1953 1087 corona
1989 1049 2047 1087 se

475 1123 744 1178 redimiat.
778 1121 844 1177 Et
883 1139 947 1177 ex
978 1123 1063 1177 his
1111 1139 1303 1193 nempe
1346 1125 1763 1193 cogitationibus
1792 1126 2045 1179 deorsum

460 1224 653 1270 «tracta
692 1215 997 1270 miserrima
1026 1214 1115 1269 illa
1147 1230 1300 1269 mens
1345 1216 1397 1269 in
1425 1216 1728 1286 Evangeliis
1755 1217 1820 1280 ³⁹,
1848 1216 2047 1271 Christi

474 1308 803 1377 cognitionis
870 1308 1159 1377 prandium
1211 1309 1533 1363 recusavit:
1578 1324 1878 1378 rursusque
1922 1309 2044 1374 ille,

454 1400 565 1471 [qui
600 1400 884 1455 devinctus
924 1399 1028 1453 fuit
1061 1414 1257 1454 manus
1297 1409 1350 1453 ct
1380 1399 1563 1467 pedes,
1598 1410 1758 1470 atque
1795 1401 1845 1453 in
1893 1409 2047 1454 tene-

471 1492 603 1545 bras
636 1491 934 1546 exteriores
980 1492 1274 1561 projectus,
1307 1490 1465 1561 537
1502 1507 1567 1546 ex
1612 1493 1729 1547 istis
1761 1494 2047 1563 c0gitatio-

472 1579 635 1637 nibus
682 1581 995 1636 subtextum
1032 1582 1263 1635 habebat
1302 1582 1698 1645 indumentttm,
1729 1599 1911 1652 quem,
1953 1584 2046 1653 qui

454 1680 778 1738 “vocaverat,
804 1672 1030 1727 minime
1054 1673 1277 1739 dignum
1308 1673 1678 1742 hujuscemodi
1704 1675 1906 1743 nuptiis
1926 1689 2047 1729 esse

1938 285 1997 344 S.
2024 286 2189 347 NILI
2260 297 2263 299 ‘

1172 392 1243 446 ita
1288 402 1341 447 et
1372 393 1602 462 cogitata
1651 393 1964 462 passionum
1988 404 2033 449 el

2147 398 2476 466 τικτομένων
2525 397 2767 468 αἰσχρῶν
2817 396 3093 467 λογισμῶν
3134 399 3200 452 ἐκ
3242 398 3353 451 τῶν
3403 399 3697 470 βρωμάτων,

3587 288 3698 352 1228

2146 487 2382 560 χρονίζει
2412 488 2503 542 διὰ
2526 490 2595 541 τὰ
2626 488 2797 558 πάθη.
2856 488 3017 542 Ἀλλά
3049 490 3144 542 καὶ
3188 491 3281 543 ἐπὶ
3309 491 3421 543 τῶν
3448 492 3543 559 τῆς
3570 509 3699 544 κενο-

2144 580 2324 645 δοξίας
2348 579 2644 649 λογισμῶν,
2675 580 2769 633 καὶ
2787 580 2880 632 ἐπὶ
2904 579 3015 633 τῶν
3039 580 3214 634 ἄλλων
3235 580 3514 650 λογισμῶν
3533 584 3705 651 apo-1.);

2147 671 2617 742 φανερωθήσεται.
2684 670 2800 725 Ούκ
2839 672 2954 723 ἐστι
2978 660 3045 724 ’δὲ
3081 672 3206 724 νοῦν
3268 673 3593 742 πνιγόμενον
3618 675 3708 725 in)

2144 764 2402 818 τοιούτων
2443 766 2788 834 παραστῆναι
2835 763 2974 834 Θεῷ,
3012 764 3105 817 καὶ
3148 764 3239 817 τὸν
3263 765 3363 834 τῆς
3388 764 3707 833 δικαιοσύνης

2146 856 2518 926 ἀναδήσασθαι
2565 857 2847 924 στέφανον.
2924 856 3018 908 Ἐκ
3046 856 3253 909 τούτων
3282 857 3394 927 γάρ
3434 858 3546 909 τῶν
3581 857 3706 923 λογι-

2149 948 2301 1016 σμῶν
2330 948 2760 1015 κατασπώμενος
2783 946 2877 998 καὶ
2903 947 3109 1008 ἐκεῖνος
3127 948 3155 998 ό
3170 950 3227 999 ὲν
3249 950 3362 1006 τοῖς
3380 948 3708 1014 Εὑαγγελίοις

2146 1035 2454 1106 τρισάθλιος
2494 1035 2638 1101 νοῦς,
2681 1036 2742 1088 τὸ
2780 1036 2878 1104 τῆς
2921 1034 3159 1105 Χριστοῦ
3201 1038 3463 1102 γνώσεως
3517 1037 3709 1106 ἄριστον

2148 1128 2537 1197 παρῃτήσατο⁹
2570 1127 2663 1179 καὶ
2704 1126 2865 1179 πάλιν
2914 1126 3335 1195 ὁδεσμούμενος
3380 1130 3590 1197 χεῖρας,
3636 1131 3710 1181 καὶ

2148 1221 2336 1284 πόδας,
2391 1220 2485 1272 καὶ
2535 1221 2616 1281 εἰς
2657 1218 2718 1271 τὸ
2773 1218 3035 1289 ἐξώτερον
3068 1220 3257 1281 σκότος
3296 1219 3621 1287 βαλλόμενος
3660 1225 3710 1273 ἐκ

2147 1310 2352 1363 τούτων
2378 1309 2483 1363 τῶν
2510 1309 2789 1379 λογισμῶν
2809 1309 3225 1378 καθυφασμένον
3273 1306 3387 1379 εἶχε
3417 1311 3483 1363 τὺ
3512 1311 3707 1379 ἔνδυμα.

2147 1401 2317 1472 ὅνπερ
2369 1400 2470 1453 οὐκ
2518 1400 2669 1464 ἀξιον
2726 1401 2833 1453 τῶν
2884 1399 3141 1453 τοιούτων
3187 1402 3385 1471 γάμων
3418 1405 3448 1454 ὁ
3496 1401 3711 1463 καλέσας

2120 1476 2464 1575 ’ἀπεφήνατο
2489 1486 2657 1543 εἶναι’
2700 1490 2779 1542 διὸ
2804 1489 3009 1561 ἐνδυμά
3040 1491 3159 1543 ἐστι
3208 1492 3471 1561 γαμικὸν,
3497 1493 3709 1545 ἀπάθεια

2147 1584 2325 1653 ψυχῆς
2373 1582 2597 1651 λογικῆς
2640 1583 2913 1652 κοσμικὰς
2962 1584 3352 1653 ἀρνησαμένης
3410 1584 3709 1653 ἐπιθυμίας.

2149 1675 2245 1736 Τίς
2277 1674 2333 1726 δὲ
2383 1675 2415 1744 ή
2450 1673 2599 1725 αἰτία
2627 1672 2719 1725 τοῦ
2750 1673 2816 1725 τὰ
2838 1674 3084 1742 νοήματα
3110 1674 3217 1725 τῶν
3246 1674 3528 1742 αίσθητῶν
3553 1692 3711 1744 πραγ-

472 1764 753 1833 respondit
782 1782 795 1819 :
824 1764 944 1819 ideo
968 1764 1223 1833 nuptialis
1253 1776 1335 1820 est
1366 1768 1531 1820 vestis
1559 1768 1796 1822 vacuitas
1827 1768 2033 1837 passio-

2147 1769 2349 1838 μάτων,
2386 1766 2704 1836 χρονίζοντα
2748 1765 3084 1836 διαφθείρειν
3121 1766 3221 1835 τὴν
3267 1767 3481 1833 γνῶσιν
3515 1767 3713 1837 εἴρηται

466 1873 601 1911 num
625 1859 821 1914 animae
856 1859 1160 1925 rationalis,
1194 1861 1498 1916 mundanas
1536 1862 1873 1931 repudiantis
1901 1878 2038 1917 con-

2143 1862 2200 1913 ὲν
2219 1864 2330 1924 τοῖς
2353 1862 2484 1932 περὶ
2515 1862 2827 1931 προσευχῆς
2863 1860 3203 1927 κεφαλαίοις.

475 1954 867 2024 cupiscentias.
918 1955 1050 2022 Quae
1072 1971 1203 2011 vero
1249 1972 1411 2011 causa
1457 1958 1545 2023 sit,
1596 1959 1739 2028 quod
1778 1959 2009 2029 cogitata
2070 1957 2431 2023 sensibilium,
2481 1957 2688 2011 diutius
2732 1956 3075 2010 immorantia
3110 1956 3450 2024 disperdant,
3501 1974 3565 2014 ac
3593 1960 3713 2028 peri-

452 2059 623 2106 ruant
644 2051 1006 2122 cognitionem
1048 2067 1142 2108 seu
1170 2052 1440 2122 judicium
1477 2054 1531 2107 in
1567 2054 1817 2124 capitulis
1842 2056 1909 2110 de
1952 2055 2196 2111 oratione
2221 2055 2425 2110 dictum
2452 2053 2553 2107 fuit
2583 2068 2782 2107 rerum.

1028 2182 1257 2240 CAPUT
1288 2182 1482 2239 XXIV.

535 2291 921 2362 Oppositorum
984 2296 1175 2351 activae
1217 2296 1337 2351 vitae
1395 2298 1700 2353 daemonum
1762 2308 1873 2355 tres
1917 2309 2046 2355 sunt

446 2383 742 2454 tprincipes
765 2386 817 2438 in
847 2387 1018 2455 prima
1050 2389 1196 2442 velut
1221 2389 1274 2442 in
1310 2391 1427 2444 acie
1470 2401 1693 2457 stantes,
1733 2408 1874 2461 quos
1910 2393 2044 2447 sub-

466 2477 717 2546 sequitur
737 2478 915 2532 omnis
955 2479 1379 2549 alienigenarum
1415 2486 1841 2547 castramctatio,
1881 2484 2042 2553 quive

448 2565 519 2620 ~in
550 2567 690 2633 bello
733 2570 889 2637 primi
926 2580 1093 2636 stant,
1111 2581 1164 2626 et
1194 2573 1404 2627 animas
1427 2589 1521 2643 per
1555 2576 1795 2644 impnras
1835 2577 2043 2647 cogita-

466 2656 641 2710 tiones
672 2668 990 2726 provocant,
1036 2668 1090 2711 et
1135 2660 1413 2728 pelliciunt
1455 2661 1520 2715 ad
1569 2663 1830 2716 malitiam
1886 2663 2040 2717 nimi-

464 2763 584 2800 rum
618 2749 653 2801 ii
689 2749 778 2818 qui
821 2751 957 2820 gulae
990 2752 1379 2820 cupiditatibus
1418 2762 1657 2822 praesunt
1691 2756 1769 2825 (ut
1805 2757 2043 2810 diximus

463 2839 639 2908 capite
663 2840 882 2909 primo),
915 2851 967 2895 et
1006 2841 1041 2895 ii
1070 2843 1160 2911 qui
1191 2844 1347 2899 nobis
1387 2846 1667 2899 avaritiam
1723 2856 2037 2917 suggerunt,

460 2941 514 2985 et
544 2931 580 2985 ii
615 2933 705 3001 qui
751 2932 817 2986 ad
849 2934 1141 2988 humanam
1182 2937 1408 3006 gloriam
1447 2954 1547 2993 nos
1589 2941 1849 2994 excitant.
1887 2938 2039 2993 Desi-

461 3023 660 3078 derans
708 3023 1101 3095 igitur‘puram
1146 3025 1376 3082 fundere
1420 3030 1748 3095 orationem,
1803 3047 1933 3086 cave
1970 3032 2040 3085 ab

464 3115 761 3180 iracundia,
800 3124 853 3169 et
898 3116 1126 3186 diligens
1168 3122 1582 3188 temperantiam
1637 3123 1855 3177 contine
1906 3139 2040 3177 ven-

460 3217 619 3272 trem,
659 3222 764 3262 non
815 3209 908 3262 des
950 3223 1145 3278 panem
1178 3209 1300 3263 alvo
1343 3222 1470 3275 tuae,
1491 3221 1545 3266 et
1594 3212 1648 3267 in
1686 3228 1825 3282 aqua
1860 3215 2038 3283 ipsum

459 3308 656 3367 attere,
687 3309 740 3353 et
769 3299 965 3370 aﬁlige,
991 3300 1154 3371 vigila
1178 3301 1231 3355 in
1256 3303 1523 3369 oratione,
1552 3320 1616 3360 ac
1640 3307 1897 3360 ultionem
1922 3306 2037 3361 sive

2709 2164 2964 2218 ΚΕΦΑΛ.
3004 2164 3131 2216 KA'.

2217 2280 2337 2333 Τῶν
2370 2278 2764 2347 ἀντικειμένων
2793 2277 3068 2346 δαιμόνων
3116 2279 3183 2346 τῇ
3221 2281 3543 2349 πρακτικῇ,
3582 2284 3717 2351 τρεῖς

2136 2374 2282 2445 εἰσιν
2332 2372 2596 2442 ἄρχοντες
2656 2370 3056 2439 πρωτοστάται,
3108 2364 3190 2431 οἷς
3237 2369 3435 2422 ἕπεται
3492 2374 3641 2442 πᾶσα
3684 2377 3714 2441 ἡ

2146 2466 2469 2539 παρεμϐολὴ
2504 2465 2613 2518 τῶν
2665 2464 3021 2534 ἀλλοφύλων,
3073 2464 3271 2526 οἵτινες
3321 2465 3541 2534 πρῶτοι
3588 2484 3715 2518 κατα

2144 2559 2234 2611 τὸν
2269 2558 2505 2626 πόλεμον
2534 2559 2779 2609 ἵστανται
2806 2596 2819 2619 ,
2855 2556 2949 2608 καὶ
2994 2554 3090 2618 τάς
3125 2555 3303 2624 ψυχας
3328 2557 3420 2609 διὰ
3463 2554 3573 2611 τῶν
3595 2561 3717 2612 ἀκα-

2147 2651 2361 2721 θάρτων
2405 2648 2685 2718 λογισμῶν
2718 2646 3077 2699 ἐκκαλοῦνται
3108 2648 3245 2718 πρὸς
3274 2648 3377 2718 τὴν
3407 2652 3639 2703 κακίαν·
3673 2653 3717 2702 οι

2143 2744 2241 2807 τάς
2280 2744 2379 2812 τῆς
2426 2741 2873 2812 γαστριμαργίας
2912 2739 3121 2809 ὀρέξεις
3162 2745 3642 2809 πεπιστευμένοι,
3672 2744 3717 2794 οἱ

2145 2837 2243 2906 τὴν
2301 2836 2669 2905 φιλαργυρίαν
2719 2836 2849 2905 ἡμῖν
2893 2833 3326 2899 ὑποϐάλλοντες,
3374 2836 3481 2887 καὶ
3509 2838 3558 2887 oi
3595 2836 3720 2904 πρὸς

2143 2927 2243 2999 τὴν
2271 2929 2379 2980 τῶν
2413 2926 2718 2997 ἀνθρώπων
2742 2926 2899 2992 δόξαν
2927 2927 3075 2997 ἡμᾶς
3106 2925 3538 2995 ἐκκαλούμενοι.
3579 2928 3719 2979 Ἐπι-

2145 3021 2334 3091 θυμῶν
2364 3016 2457 3074 οῦν
2489 3020 2742 3090 καθαρᾶς
2766 3019 3077 3089 προσευχῆς
3096 3059 3111 3081 ,
3157 3018 3503 3088 διατήρησον
3538 3020 3718 3090 θυμὲ-ε,

2144 3112 2239 3164 καὶ
2272 3112 2500 3181 ἀγαπῶν
2531 3110 2909 3180 σωφροσύνην,
2947 3110 3138 3180 κράτει
3177 3110 3428 3178 γαστρὸς
3454 3152 3470 3175 ,
3519 3112 3595 3180 μὴ
3626 3110 3717 3178 δῷς

2142 3204 2306 3274 ἄρτον
2371 3206 2436 3274 σῇ
2484 3203 2693 3273 κοιλίᾳ,
2764 3202 2859 3254 καὶ
2916 3203 2975 3253 έν
3034 3199 3189 3253 ῦδατι
3247 3199 3479 3253 ἔκθλιϐε
3538 3202 3715 3267 αὑτὴν,

2143 3293 2412 3364 ἀγρύπνει
2462 3296 2519 3345 ἐν
2566 3294 2883 3362 προσευχῇ,
2935 3291 3031 3343 καὶ
3082 3292 3468 3360 μνησικακίαν
3516 3292 3717 3361 μακρὰν

460 3393 777 3447 memoriam
828 3393 1153 3463 injuriarum
1201 3395 1389 3463 procul
1438 3410 1467 3449 a
1516 3403 1573 3450 te
1623 3398 1842 3467 repelle,
1873 3399 2033 3453 verba

2147 3384 2368 3454 ποίησον
2400 3383 2507 3435 ἀπὸ
2541 3383 2636 3435 σοῦ
2665 3423 2678 3444 ,
2716 3382 2863 3447 λόγοι
2894 3379 3212 3448 Πνεύματος
3242 3378 3409 3447 ἁγίου
3446 3380 3526 3449 μὴ
3558 3380 3719 3432 ἐκλει-

440 3484 694 3554 Βρίτίιυε
728 3484 903 3539 sancti
934 3500 1040 3539 non
1064 3484 1318 3541 deﬁciant
1348 3502 1375 3539 a
1403 3497 1471 3553 te,
1499 3487 1751 3559 foresque
1792 3488 2037 3560 Scriptu-

444 3593 642 3632 ‘rarum
684 3580 839 3649 pulsa
871 3578 1123 3633 manibus
1159 3578 1444 3644 virtutum,
1496 3589 1629 3635 tunc
1681 3582 1887 3637 orietur
1942 3583 2036 3637 tibi

455 3670 637 3724 cordis
698 3668 989 3725 aﬁectuum
1044 3670 1323 3736 vacuitas,
1392 3680 1741 3742 mentemque
1797 3674 2033 3729 similem

454 3763 617 3817 astris
642 3762 694 3816 in
723 3762 969 3816 oratione
994 3762 1303 3832 perspicies.
1365 3761 1408 3815 E
1429 3764 1745 3820 notionibus
1782 3768 2030 3835 quaedam

454 3861 603 3915 sunt,
639 3867 761 3922 qua:
798 3851 969 3904 nostri
1015 3850 1181 3905 animi
1215 3852 1575 3921 principatum
1623 3854 1942 3924 imprimunt
1968 3871 2032 3910 ac

434 3942 707 4009 "formant,
765 3952 818 3997 et
865 3943 1120 4014 ﬁgurant,
1181 3946 1430 4014 quaedam
1482 3962 1612 4001 vero
1661 3949 2028 4017 cognitionem

450 4035 794 4089 solummodo
828 4034 1089 4105 praebent,
1122 4036 1291 4089 menti
1317 4037 1531 4106 signum
1556 4054 1663 4091 non
1695 4039 2028 4107 imprimen-

442 4135 552 4180 tes.
586 4125 815 4191 Etenim,
846 4146 871 4177 ~¢
912 4128 965 4180 In
1002 4126 1281 4196 principio
1343 4137 1462 4183 erat
1518 4129 1768 4197 Verbpm,
1803 4138 1855 4182 et
1892 4127 2029 4184 Ver-

444 4219 578 4273 bum
612 4228 728 4271 erat
755 4219 894 4287 apud
939 4220 1105 4272 Deum
1126 4217 1191 4279 ⁸ο,
1226 4237 1243 4269 ›
1270 4218 1493 4288 deponit
1519 4220 1738 4289 quidem
1768 4221 1819 4273 in
1862 4221 2026 4275 corde

451 4310 745 4372 notionem,
778 4326 880 4361 non
916 4318 1093 4361 tamen
1123 4306 1286 4378 538
1312 4309 1489 4377 ipsum
1517 4308 1733 4377 ﬁgurat,
1749 4323 1923 4377 neque
1950 4308 2028 4363 si-

447 4412 571 4473 gnat
595 4400 971 4469 impressione.
1008 4397 1099 4453 Sic
1135 4419 1152 4450 ι
1195 4399 1466 4467 accipiens
1490 4398 1801 4467 panem“,)
1832 4397 2028 4467 ﬁgurat

448 4502 702 4557 mentem,
738 4499 793 4546 et
833 4511 850 4542 ι
883 4489 1109 4559 fregisse
1129 4492 1174 4522 δ’
1199 4530 1214 4556 ,
1241 4508 1259 4540 ι
1292 4489 1557 4559 imprimit
1584 4490 1752 4543 menti
1783 4489 2021 4560 signum.

434 4580 669 4649 “Verum,
699 4602 717 4633 ι
756 4580 878 4635 Vidi
905 4580 1194 4635 Dominum
1242 4580 1520 4635 sedentem
1550 4596 1714 4649 super
1760 4581 2021 4636 thronum

428 4674 716 4729 sexcelsnm
750 4681 805 4725 et
854 4672 1121 4725 elevatum
1138 4670 1207 4735 “,
1241 4687 1260 4721 ι
1303 4670 1566 4739 imprimit
1602 4671 1769 4725 menti
1804 4671 2020 4741 signum

2142 3473 2392 3525 πέτωσάν
2428 3490 2511 3535 σε,
2552 3474 2644 3525 καὶ
2678 3471 2847 3542 θύρας
2890 3468 3056 3540 κροῦε
3086 3469 3275 3538 χερσὶν
3318 3470 3567 3539 ἀρετῶν.
3599 3471 3718 3521 Τότε

2140 3565 2391 3617 ἀνατελεί
2418 3581 2500 3616 σοι
2526 3563 2755 3633 καρδίας
2786 3560 3024 3615 ἀπάθεια
3053 3602 3068 3623 ,
3100 3559 3197 3613 καὶ
3234 3558 3366 3611 νοῦν
3398 3560 3717 3629 ἀστεροειδῆ

2138 3656 2258 3725 ὄψει
2291 3658 2350 3709 ἐν
2383 3658 2682 3726 προσευχῇ.
2726 3654 2847 3706 Τῶν
2882 3654 3195 3722 νοημάτων,
3224 3650 3298 3702 τά
3340 3651 3449 3718 μὲν
3482 3654 3643 3703 τυποῖ
3668 3652 3722 3701 τὸ

2137 3748 2464 3819 ἡγεμονικὸν
2494 3747 2688 3817 ἡμῶν,
2730 3746 2826 3799 καὶ
2876 3741 3241 3814 σχηματίζει,
3300 3746 3370 3797 τὰ
3416 3744 3479 3796 δὲ
3524 3744 3721 3811 γνῶσιν

2139 3843 2300 3912 μόνον
2327 3841 2559 3911 παρέχει
2593 3840 2665 3909 μὴ
2694 3838 2969 3891 τυποῦντα
3012 3837 3103 3889 τὸν
3129 3836 3254 3889 νοῦν
3274 3878 3289 3898 ,
3329 3837 3475 3907 μηδὲ
3514 3853 3722 3905 σχημα-

2132 3932 2369 3995 τίζοντα.
2401 3931 2474 3983 Τὸ
2503 3929 2630 3999 γὰρ,
2673 3948 2691 3979 ι
2738 3930 2826 3981 Ἑν
2857 3930 2999 3998 ἀρχῇ
3035 3924 3102 3999 ἦν
3132 3930 3161 3980 ὁ
3190 3929 3367 3996 Λόγος
3387 3970 3405 3992 ,
3440 3931 3543 3983 καὶ
3568 3933 3599 3981 ὁ
3626 3928 3722 3981 Δός

2132 4042 2226 4093 γος
2249 4022 2316 4093 ἦν
2353 4025 2487 4093 πρὸς
2510 4024 2602 4076 τὸν
2635 4022 2790 4086 Θεὸν,
2835 4040 2854 4074 ›
2898 4020 3279 4073 ἐναποτίθεται
3312 4021 3420 4090 μέν
3456 4039 3513 4074 τι
3547 4023 3725 4090 νόημα

2130 4120 2196 4187 τῇ
2232 4117 2467 4187 καρδία,
2509 4116 2571 4168 οὑ
2611 4116 2718 4186 μὴν
2750 4114 3077 4185 σχηματίζει
3105 4113 3281 4182 αὐτὴν
3304 4153 3319 4178 ,
3372 4115 3505 4167 οὐδὲ
3540 4116 3722 4200 r4355.

2131 4211 2203 4263 Τὸ
2232 4211 2353 4279 μὲν,
2390 4227 2408 4259 ι
2445 4207 2637 4261 Λαόὼν
2686 4208 2874 4277 ἄρτον,
2909 4225 2927 4258 ι
2966 4207 3299 4277 σχηματίζει
3330 4206 3429 4259 τὸν
3459 4207 3631 4268 νοῦν,
3668 4207 3723 4257 τὸ

2129 4301 2209 4364 δὲ,
2240 4319 2259 4348 σ
2288 4301 2509 4366 κλάσαι,
2541 4320 2560 4351 ι
2590 4300 2754 4353 πάλιν
2783 4300 2945 4351 τυποῖ
2971 4298 3063 4349 τὸν
3093 4297 3240 4351 νοῦν.
3275 4298 3350 4349 Τὸ
3378 4300 3467 4364 δὲ,
3508 4321 3529 4350 ς
3573 4295 3723 4351 Εἷὼν

2127 4391 2217 4444 τὸν
2252 4391 2457 4461 Κύριον
2499 4389 2808 4459 καθήμενον
2835 4389 2929 4441 ἐπὶ
2962 4388 3151 4458 θρόνου
3197 4389 3415 4458 ὑψηλοῦ
3445 4432 3462 4453 ,
3496 4392 3606 4443 καὶ
3633 4392 3721 4441 ἐπ-

2124 4486 2388 4554 ηρμένου,
2425 4502 2444 4534 ι
2480 4486 2642 4536 τυποῖ
2671 4482 2763 4535 τὸν
2801 4482 2927 4534 νοῦν
2970 4482 3140 4553 χωρὶς
3186 4480 3283 4534 τοῦ
3312 4522 3327 4545 ,
3368 4502 3389 4534 ι
3430 4480 3599 4537 Εἶδον
3638 4484 3720 4535 τὸν

2125 4575 2351 4647 Κύριον,
2389 4595 2408 4627 ι
2448 4576 2542 4629 καὶ
2573 4575 2635 4628 τὸ
2669 4575 2768 4644 μὲν
2804 4574 2968 4644 ῥητὸν
2998 4574 3142 4627 δοκεῖ
3175 4573 3397 4629 τυποῦν
3431 4577 3533 4629 τὸν
3576 4576 3718 4637 νοῦν,

2123 4670 2183 4722 τὸ
2210 4670 2267 4722 δὲ
2303 4672 2591 4739 σημαῖνον,
2618 4669 2677 4721 ού
2714 4671 2901 4720 τυποῖ.
2945 4666 3190 4737 Ἐώρακε
3222 4667 3337 4737 γὰρ
3382 4668 3719 4740 προφητικῷ

442 4768 559 4818 sine
608 4783 627 4815 ι
664 4764 770 4818 vidi
801 4761 1114 4826 Dominum,
1149 4780 1168 4814 ι
1214 4770 1271 4816 et
1315 4761 1522 4815 dictum
1552 4761 1772 4831 quidem
1805 4763 2021 4818 videtur

2147 4761 2391 4831 ιφθαλμῷ
2442 4761 2541 4828 τὴν
2604 4762 2767 4830 φύσιν
2818 4762 2917 4830 τὴν
2978 4761 3201 4829 λογικὴν
3248 4761 3583 4830 ῦψωθείσαν
3639 4763 3719 4813 δια

428 4854 752 4923 imprimere
799 4850 1016 4920 aliquod
1062 4850 1278 4920 signum
1313 4849 1503 4914 menti,
1537 4849 1683 4920 quod
1716 4859 1898 4906 autem
1941 4852 2018 4906 si-

440 4942 678 5012 gniﬁcat,
707 4956 810 4993 non
854 4938 1153 5008 imprimit;
1184 4937 1319 4993 vidit
1347 4938 1546 5008 quippe
1579 4938 1740 4993 oculo
1786 4940 2018 5009 prophe-

438 5036 547 5087 tico
581 5042 828 5085 naturam
869 5029 1191 5084 rationalem
1222 5029 1513 5095 elevatam,
1574 5045 1698 5100 qua:
1751 5031 2012 5099 practice,

436 5141 533 5181 seu
563 5125 849 5179 actualiter
869 5121 1105 5191 suscepit
1140 5121 1192 5175 in
1233 5136 1293 5175 se
1321 5121 1436 5189 ipsa
1481 5121 1850 5190 cognitionem
1884 5120 2009 5187 Dei;

433 5218 507 5270 ibi
541 5230 777 5283 namque
821 5214 1020 5267 dicitur
1073 5211 1265 5267 sedere
1300 5211 1466 5277 Deus,
1506 5213 1597 5267 ubi
1634 5212 2007 5282 dignoscitur;

438 5309 556 5363 ideo
584 5322 717 5377 pura
740 5320 894 5360 mens
927 5305 1126 5360 dicitur
1164 5305 1258 5358 Dei
1300 5305 1551 5358 thronus.
1592 5304 1802 5359 Dicitur
1826 5315 2006 5360 autem

434 5409 487 5453 et
522 5398 734 5464 mulier,
778 5398 1006 5452 thronus
1039 5396 1339 5459 dedecoris,
1364 5396 1483 5451 loco
1505 5397 1740 5462 dicendi,
1763 5396 1909 5467 quod
1937 5397 2010 5452 sit

429 5480 615 5543 anima
633 5488 809 5557 justas
836 5503 921 5543 res
946 5487 1072 5542 odio
1100 5486 1334 5553 habens;
1367 5487 1602 5542 dedecus
1628 5503 1756 5543 vero
1782 5488 2003 5555 animat,

517 5667 562 5696 ‘9
594 5663 781 5716 Matth.
822 5679 957 5758 15x11,
986 5665 1137 5721 2-H.
1218 5665 1441 5722 “Joan.
1474 5683 1512 5732 ι,
1556 5666 1608 5720 1.

1686 5666 1728 5699 ⁸¹
1773 5665 1965 5723 Matth.
2005 5683 2154 5734 xxvr,
2187 5666 2275 5722 26.
2353 5669 2398 5701 "
2428 5665 2561 5721 ibid.

2122 4855 2433 4922 πρακτικῆς
2463 4851 2762 4921 δεξαμένην
2795 4853 2852 4903 ὲν
2882 4852 3049 4920 ἑαυτῇ
3093 4851 3193 4920 τὴν
3236 4851 3455 4919 γνῶσιν
3481 4854 3592 4924 τὴν
3628 4850 3717 4903 τεῦ

2119 4943 2276 4997 Θεοῦ.
2322 4944 2468 4995 Ἐκεῖ
2498 4942 2606 5012 γὰρ
2654 4942 2874 5009 λέγεται
2901 4940 3233 5005 καθέζεσθαι
3268 4940 3437 5005 Θεὸς,
3464 4945 3601 4997 ἔνθα
3641 4961 3719 5007 τις

2120 5033 2416 5095 νώσκεται,
2441 5032 2574 5085 διότι
2606 5032 2699 5084 καὶ
2735 5031 2925 5101 θρόνος
2954 5031 3175 5098 λέγεται
3200 5032 3341 5085 Θεοῦ
3375 5035 3514 5097 νοῦς
3543 5034 3718 5087 x16:-

2119 5125 2232 5194 ρός.
2260 5124 2492 5189 Λέγεται
2516 5123 2571 5175 δὲ
2601 5124 2694 5176 καὶ
2722 5122 2908 5193 θρόνος
2943 5122 3169 5191 ἀτιμίας
3212 5125 3358 5193 γυνὴ
3386 5166 3403 5189 ,
3438 5128 3569 5179 ἀντὶ
3596 5125 3714 5182 τοῦ,

2117 5214 2264 5285 ψυχὴ
2315 5213 2547 5284 μισοῦσα
2577 5211 2781 5275 δίκαια,
2824 5212 3023 5282 ἀτιμία
3069 5212 3125 5264 δὲ
3167 5212 3350 5284 ψυχῆς
3382 5218 3585 5279 κακία,
3630 5216 3721 5267 καί

2118 5304 2376 5372 ἀγνωσία.
2420 5305 2493 5357 Τὸ
2527 5304 2707 5356 τοίνυν
2764 5304 2942 5374 νόημα
2986 5304 3079 5356 τοῦ
3129 5304 3293 5370 Θεοῦ,
3336 5310 3447 5360 οὐκ
3502 5312 3567 5361 ἐν
3610 5309 3721 5364 τοῖς

2115 5395 2345 5449 τυποῦσι
2390 5396 2483 5448 τὸν
2514 5395 2661 5458 νοῦν,
2712 5393 2851 5447 ἀλλὰ
2893 5397 3008 5457 τοῖς
3044 5397 3289 5464 νοήμασι
3334 5401 3459 5463 τοῖς
3503 5398 3588 5469 μὴ
3626 5415 3720 5447 τυ-

2116 5488 2276 5540 ποῦσι
2315 5487 2405 5540 τὸν
2430 5485 2574 5539 νοῦν.
2613 5486 2759 5539 Διότι
2784 5485 2875 5541 τὸν
2912 5489 3358 5559 προσευχόμενον
3388 5491 3473 5544 δεῖ
3501 5488 3721 5543 παντά-

2640 5664 2687 5698 ”
2723 5666 2827 5723 lsa.
2868 5682 2943 5729 Vl,
2980 5667 3029 5722 ι.
