3808 6226
150 316 299 379 1229

1181 316 1282 377 DE
1338 316 1711 377 MALIGNIS
1742 316 2401 380 COGITATIONIBUS.

3270 313 3407 379 1230

144 452 297 489 πασι
352 431 686 504 χωρίζεσθαι
714 431 824 488 τῶν
845 432 1163 489 τυπούντων
1187 434 1280 488 τὸν
1310 434 1461 490 νοῦν.
1496 436 1609 490 Καὶ
1647 435 1743 507 ζη-

1855 436 2049 491 malitia
2070 446 2175 502 est,
2201 446 2255 492 et
2289 434 2618 507 ignorantia.
2659 433 2822 490 Notio
2848 433 3013 506 igitur
3056 431 3149 487 Dei
3188 445 3293 487 non
3323 430 3411 487 in-

145 528 365 597 τήσεις,
393 526 576 596 εἴπερ,
627 525 704 590 ὡς
730 524 844 596 ἔχει
894 526 990 580 ἐπὶ
1014 526 1126 579 τῶν
1183 527 1479 597 σωμάτων,
1507 528 1604 580 καὶ
1630 527 1743 580 τῶν

144 617 434 688 λογισμῶν
462 616 675 682 αὐτῶν,
713 616 886 681 οὕτως
926 618 1068 689 ἔχει,
1118 620 1213 672 καὶ
1240 620 1334 672 ἐπί¹
1371 619 1481 671 τῶν
1513 618 1743 688 ἀσωμά-

147 728 288 774 των,
325 709 557 763 καὶτῶν
591 708 765 777 λόγων
791 709 994 772 αὐτῶν,
1044 709 1139 763 καὶ
1180 711 1355 773 ἄλλως
1384 710 1485 778 μὶν
1531 711 1560 762 ὁ
1618 708 1744 772 νοῦς

147 802 543 873 τυπωθήσεται
596 802 742 873 ὁρῶν
790 801 937 866 νοῦν,
994 803 1090 856 καὶ
1132 802 1307 866 άλλως
1360 802 1744 873 διατεθήσεται

148 895 303 965 ὁρῶν
347 894 439 947 τὸν
484 893 646 962 λόγον
684 893 886 961 αύτοῦ;
944 893 1227 948 Ἐντεῦθεν
1273 894 1332 947 δὲ
1376 893 1744 963 γινώσκομεν,

149 989 279 1053 πῶς
312 990 345 1061 ἡ
374 988 577 1058 γνῶσις
609 990 642 1059 ἡ
670 989 1018 1059 πνευματικὴ
1066 988 1329 1058 ἀφίστησι
1360 986 1452 1039 τὸν
1484 987 1609 1039 νοῦν
1637 985 1744 1039 τῶν

150 1082 453 1151 νοημάτων
482 1079 593 1134 τῶν
625 1080 943 1134 τυπούντων
970 1078 1153 1142 αὐτὸν,
1180 1077 1466 1132 ἀτύπωτον
1494 1078 1554 1131 δὲ
1582 1077 1745 1131 αὐτὸν

153 1174 465 1245 παρίστησι
502 1172 581 1243 τῷ
609 1172 763 1242 Θεῷ,
796 1172 930 1224 διότι
960 1170 1022 1224 τὸ
1045 1169 1139 1223 τοῦ
1169 1167 1305 1222 Θεοῦ
1341 1169 1527 1239 νόημα
1554 1169 1656 1222 οὐκ
1686 1170 1745 1222 ἐν

154 1270 279 1330 ’τοῖς
312 1266 577 1320 τυποῦσίν
604 1266 754 1318 ἐστιν
778 1281 791 1294 ·
820 1265 883 1316 ού
913 1264 1022 1335 γάρ
1050 1264 1167 1315 ἐστι
1191 1262 1350 1332 σῶμα
1387 1266 1416 1316 ό
1444 1262 1597 1330 Θεὸς,
1628 1262 1745 1317 ἀλλ’

157 1360 223 1411 ἐν
250 1360 365 1420 τοῖς
396 1356 471 1427 μὴ
502 1356 734 1409 τυποῦσι
772 1356 994 1427 μᾶλλον.
1030 1355 1203 1410 Πάλιν
1224 1356 1335 1408 τῶν
1372 1354 1746 1427 θεωρημάτων

156 1449 275 1501 τῶν
306 1449 382 1520 μὴ
410 1448 723 1501 τυπούντων
750 1448 841 1501 τὸν
869 1446 1015 1511 νοῦν,
1045 1446 1113 1500 τὰ
1141 1446 1240 1517 μὲν
1264 1447 1453 1501 οὐσίαν
1485 1448 1745 1517 σημαίνει

158 1541 499 1610 ἀσωμάτων,
531 1541 601 1594 τὰ
637 1540 695 1593 δέ
742 1540 869 1603 τοὺς
907 1539 1100 1607 λόγους
1134 1538 1316 1592 αὐτῶν
1337 1554 1350 1569 ·
1401 1541 1496 1593 καὶ
1528 1539 1625 1610 οὐχ
1670 1539 1747 1601 ὼς

159 1632 392 1685 ἐπὶτῶν
422 1632 692 1701 σωμάτων
714 1630 1037 1704 συμϐαίνει,
1064 1628 1208 1683 οὕτω
1230 1629 1328 1683 καὶ
1352 1630 1577 1684 ἐπὶτῶν
1604 1634 1747 1684 ἀσω-

162 1725 393 1794 μάτωνο
438 1726 532 1779 ἐπὶ
579 1726 678 1795 μὲν
709 1724 817 1794 γάρ
849 1724 958 1776 τῶν
988 1722 1259 1793 σωμάτων
1292 1722 1363 1777 τά
1411 1724 1508 1793 μὲν
1542 1721 1744 1775 ἐτύπου

161 1817 260 1869 τὸν
289 1816 414 1871 νοῦν
438 1857 453 1882 ,
485 1816 556 1870 τά
583 1817 641 1870 δὲ
671 1818 772 1870 οὑκ
811 1815 1013 1869 ὲτύπου
1034 1830 1049 1846 ·
1090 1812 1329 1869 ἐνταῦθα
1375 1814 1434 1867 δὲ
1465 1811 1744 1884 ούδέτερον

161 1907 348 1979 νόημα
378 1911 470 1962 τὸν
503 1908 627 1962 νοῦν
652 1910 832 1963 τυποῖ.

1843 531 2093 583 venietur
2131 527 2272 583 inter
2296 529 2570 594 notiones,
2600 543 2723 599 qua:
2754 527 2919 583 menti
2960 525 3175 598 signum
3216 524 3410 594 impri—

1843 627 2018 685 munt,
2052 635 2239 674 verum
2269 620 2411 675 inter
2457 620 2727 679 notiones,
2767 634 2889 689 quae
2928 632 3037 672 non
3094 616 3415 686 imprimunt

1843 708 2061 777 aliquod
2092 709 2307 779 signum
2342 710 2532 765 menti.
2584 708 2808 779 Oportet
2853 708 3000 763 enim
3049 705 3197 777 quod
3230 706 3277 762 is
3315 705 3412 775 qui

1843 810 1965 853 orat
1991 815 2116 855 sese
2143 802 2384 856 totaliter
2435 818 2465 855 a
2516 800 2832 857 notionibus
2876 808 3110 870 separet,
3157 813 3279 869 qua)
3306 801 3415 852 ιω-

1844 892 2087 963 primunt
2130 893 2343 965 signum
2389 894 2577 948 menti.
2617 892 2685 947 Et
2724 892 2967 963 inquires
3020 907 3112 957 an,
3148 899 3293 946 utse
3328 904 3417 944 res

1846 984 2009 1061 habet
2055 985 2109 1039 in
2175 986 2516 1055 corporibus.
2564 986 2922 1055 ipsorumque
2966 980 3415 1051 cogitationibus,

1845 1074 1925 1130 sic
1966 1090 2026 1130 se
2090 1075 2291 1131 habeat
2341 1077 2505 1131 etiam
2564 1076 2619 1130 in
2668 1074 3023 1145 incorporeis,
3068 1074 3417 1144 ipsorumque

1845 1170 2116 1242 cogitatis,
2168 1185 2265 1225 seu
2300 1169 2679 1240 conceptibus,
2729 1176 2783 1223 et
2826 1169 2964 1223 alias
2990 1166 3210 1237 quidem
3261 1178 3419 1219 mens

1845 1263 2035 1318 videns
2085 1272 2321 1319 mentem
2384 1262 2730 1327 informetur,
2787 1276 2884 1316 seu
2955 1259 3325 1329 imprimatur,
3365 1264 3423 1312 et

1845 1356 1982 1411 alias
2021 1354 2342 1422 disponatur
2388 1355 2580 1410 videns
2619 1356 2791 1425 ipsius
2822 1351 3188 1423 conceptum?
3211 1349 3424 1406 Exinde

1845 1464 1973 1503 vero
2029 1450 2433 1518 cognoscimus,
2493 1447 2771 1518 quomodo
2834 1446 3076 1515 cognitio
3120 1441 3424 1514 spiritualis

1845 1549 2080 1594 mentem
2127 1550 2340 1609 separet
2404 1556 2437 1593 a
2489 1539 2827 1604 nmionibus,
2875 1554 2997 1608 qua:
3054 1536 3157 1609 ipsi
3202 1535 3422 1605 signum

1845 1629 2187 1698 imprimunt,
2217 1642 2449 1697 eamque
2496 1627 2658 1683 sistat
2698 1627 2808 1681 Deo
2862 1626 3013 1681 omni
3064 1622 3424 1693 impressione

1845 1729 2156 1786 carentem;
2189 1721 2316 1789 quia
2360 1721 2614 1775 nimirum
2639 1721 2790 1774 notio
2806 1720 2873 1774 de
2904 1718 3011 1773 Deo
3038 1732 3147 1772 non
3172 1726 3257 1771 est
3284 1715 3427 1769 inter

1853 1812 2105 1868 notiones
2138 1812 2513 1882 imprimentes
2554 1813 2772 1883 aliquod
2820 1813 3035 1882 signum
3086 1808 3274 1876 menti,
3325 1820 3429 1862 nec

1771 1898 1822 1962 Β
1850 1906 2001 1961 enim
2044 1904 2189 1961 Deus
2241 1914 2326 1960 est
2368 1920 2586 1976 corpus,
2618 1903 2714 1960 sed
2756 1905 2929 1976 magis
2962 1904 3101 1958 inter
3158 1916 3275 1964 eas,
3302 1912 3429 1970 quae

163 2018 281 2056 non
305 2004 644 2073 imprimunt.
674 2002 887 2058 Rursus
916 2017 948 2057 e
986 1997 1564 2072 contemplationibus,
1588 2013 1711 2068 qua:
1746 1999 1915 2054 menti
1946 2000 2407 2071 non'imprimunt
2424 2004 2663 2075 signum,
2689 2003 2885 2073 aliqua:
2906 2000 3126 2070 quidem
3154 1996 3318 2068 539
3337 2010 3432 2051 es-

161 2096 403 2152 sentiam
460 2095 764 2166 signiﬁcant
840 2095 1311 2163 incorporearum,
1358 2091 1555 2161 aliquae
1608 2106 1739 2147 vero
1775 2090 2017 2147 rationes
2056 2093 2339 2163 ipsorum;
2404 2111 2583 2166 neque
2646 2096 2804 2151 sicuti
2835 2095 3102 2163 contingit
3133 2092 3188 2147 iu
3229 2106 3432 2161 corpo-

166 2190 348 2253 ribus,
380 2190 450 2243 ita
473 2191 605 2244 etin
637 2189 973 2259 iucorporeis
993 2189 1052 2242 lit
1076 2208 1090 2243 :
1118 2188 1172 2242 in
1200 2186 1524 2257 corporibus
1582 2188 1780 2242 etenim
1820 2188 1926 2243 alia
1969 2190 2190 2259 quidem
2267 2191 2430 2245 menti
2471 2194 2686 2261 signum
2730 2191 3114 2262 imprimebaut
3160 2190 3263 2262 (ut
3285 2187 3431 2243 disi-

166 2291 340 2355 mus),
373 2287 477 2341 alia
510 2300 643 2341 vero
672 2301 783 2340 non
824 2285 1245 2354 imprimebant;
1274 2285 1364 2341 hic
1395 2293 1577 2340 autem
1614 2296 1806 2340 neutra
1839 2287 1992 2340 notio
2014 2286 2232 2357 signum
2267 2287 2530 2358 imprimit
2560 2289 2754 2349 menti.

736 2402 988 2456 ΚΕΦΑΛ.
1025 2401 1155 2456 KE'.

242 2514 418 2569 Ὅταν
453 2515 482 2566 ό
510 2514 612 2584 τῆς
640 2514 1088 2588 γαστριμαργίας
1134 2514 1307 2569 πολλά
1351 2514 1448 2568 καὶ
1482 2513 1747 2577 πολλάκις

164 2606 586 2676 ἀγωνισάμενος
611 2606 824 2676 δαίμων
856 2608 931 2679 μὴ
962 2608 1157 2678 ίσχύσῃ
1186 2607 1497 2677 διαφθεῖραι
1529 2606 1628 2673 τὴν
1664 2624 1752 2660 τε·

160 2698 505 2770 ¹νξυπωμένην
534 2700 889 2769 ἐγκράτειαν,
908 2700 1029 2754 τότε
1051 2702 1130 2763 εἰς
1154 2699 1447 2770 ἐπιθυμίαν
1467 2700 1754 2769 ἀσκήσεως

2397 2399 2626 2457 CAPUT
2675 2400 2841 2456 XXV.

1922 2515 2155 2582 Quando
2209 2516 2348 2588 gula:
2391 2516 2741 2585 daemonium,
2779 2531 2904 2572 cum
2948 2530 3046 2586 per
3075 2514 3267 2581 multa,
3299 2513 3434 2570 mul-

1848 2608 2120 2677 totiesque
2209 2609 2540 2671 decertarit,
2616 2623 2725 2662 non
2806 2607 3039 2662 valuerit
3110 2606 3433 2677 impressam

1850 2701 2136 2758 destruere
2171 2701 2587 2767 continentiam,
2632 2710 2762 2755 tunc
2811 2700 2879 2754 ad
2914 2714 3145 2755 summa:
3170 2698 3436 2755 exercita-

167 2791 485 2863 ἀκροτάτης
519 2791 780 2861 ἐμϐάλλει
814 2790 905 2845 τὸν
944 2792 1091 2858 νοῦν,
1144 2789 1204 2857 ἐξ
1251 2785 1325 2847 ὧν
1372 2795 1468 2846 καὶ
1511 2792 1579 2845 τὰ
1625 2791 1753 2863 περὶ

1859 2794 2024 2849 tionis
2069 2794 2399 2849 desiderium
2463 2802 2701 2849 mentem
2756 2791 3018 2862 impellit;
3075 2790 3436 2862 quamobrem

166 2884 265 2937 ’τὸν
316 2883 517 2954 Δανιὴλ.
546 2886 627 2947 είς
668 2883 832 2955 μέσον
868 2884 1061 2956 φέρει,
1107 2884 1206 2956 τὴν
1243 2885 1504 2956 πενιχρὰν
1537 2885 1753 2954 ἐκείνην

1858 2896 1973 2941 tum
2003 2901 2067 2941 ea
2112 2886 2181 2941 de
2234 2884 2454 2940 Daniele
2510 2886 2566 2940 in
2610 2884 2851 2939 medium
2892 2882 3124 2955 profert,
3169 2883 3432 2945 nimirum

165 2976 350 3048 ζωὴν,
380 2976 475 3029 καὶ
506 2975 576 3029 τά
610 2976 899 3048 σπέρματα
923 3017 937 3040 ,
970 2977 1062 3029 καί
1110 2994 1275 3030 τινων
1317 2977 1497 3031 ἄλλων
1536 2978 1749 3048 ἀναχω·

1857 2992 2148 3047 pauperem
2188 2976 2334 3031 illam
2371 2976 2558 3039 vitam,
2610 2985 2663 3030 et
2706 2975 2915 3030 semina
2946 2990 2962 3027 :
2997 2983 3112 3029 tum
3166 2974 3433 3044 quosdam

173 3068 360 3141 ρητῶν
390 3068 719 3140 μνημονεύει
755 3068 1099 3139 βεϐιωκότων
1136 3069 1224 3123 διὰ
1253 3068 1455 3132 παντὸς
1489 3068 1683 3135 οὕτως,
1713 3069 1747 3141 ἦ

1857 3065 1993 3121 alios
2041 3066 2400 3120 anachoretas
2457 3073 2874 3129 commemorat,
2929 3064 3025 3135 qui
3074 3078 3292 3135 semper
3350 3063 3433 3119 sic

166 3160 539 3233 ἀρξαμένων,
585 3162 679 3215 καὶ
734 3160 939 3215 τούτων
999 3162 1243 3233 μιμητὴν
1304 3161 1552 3231 γενέσθαι
1618 3178 1749 3215 κατ-

1864 3157 2154 3219 vixerunt,
2203 3166 2298 3211 aut
2348 3158 2703 3227 inceperunt,
2761 3156 3067 3227 horumque
3120 3166 3276 3224 urget
3317 3155 3436 3211 fieri

167 3254 474 3322 ἀναγκάζει
493 3269 506 3283 °
526 3253 613 3308 ἵνα
631 3254 729 3324 τὴν
751 3253 991 3326 ἄμετρον
1016 3254 1228 3307 διώκων
1249 3253 1597 3326 ἐγκράτειαν,
1614 3254 1753 3308 ἀπο-

1855 3248 2110 3303 temuium
2144 3263 2210 3303 ac
2245 3247 2573 3303 imitatorem
2610 3255 2693 3314 ut,
2733 3249 2862 3304 dum
2904 3247 3253 3303 immodicam
3304 3263 3438 3304 cou-

168 3343 315 3414 ’τύχῃ
343 3345 439 3398 καὶ⁵
466 3344 568 3415 τῆς
600 3345 946 3416 συμμετρίας
977 3345 1072 3399 τοῦ
1104 3345 1357 3416 σώματος
1407 3346 1483 3416 μὴ
1514 3346 1754 3417 ἐπαρκέ-

172 3453 372 3500 σαντος
400 3437 490 3490 διὰ
518 3437 618 3509 τὴν
646 3437 857 3491 οίκείαν
886 3437 1196 3505 ἀσθένειαν,
1220 3439 1390 3502 ὅντως
1417 3438 1655 3506 εὐλογῶν
1676 3437 1754 3509 τῷ

172 3526 416 3597 σώματι,
455 3530 551 3583 καὶ
581 3529 971 3601 καταρώμενος
1008 3533 1076 3601 τῇ
1108 3530 1308 3601 καρδίᾳ
1328 3544 1343 3561 ⁸
1375 3526 1419 3598 ᾧ
1455 3531 1530 3601 μὴ
1565 3530 1753 3583 πείθε-

170 3613 305 3667 σθαι
332 3615 540 3669 δίκαιον
566 3616 793 3682 τούτους
822 3618 1030 3687 νομίζω
1050 3659 1066 3683 ,
1126 3619 1263 3690 μηδὲ
1298 3618 1604 3689 ἀπέχεσθαι
1648 3620 1751 3691 ἀρ·-

168 3722 294 3773 του,
318 3709 411 3762 καὶ
438 3709 643 3776 ἐλαίου,
661 3710 755 3763 καὶ
788 3709 1003 3774 ὓδατος.
1029 3711 1246 3783 Ταύτην
1275 3711 1385 3782 γὰρ
1411 3710 1511 3781 τὴν
1542 3711 1753 3766 δίαιταν

173 3800 320 3854 πάνυ
351 3800 645 3872 καλλίστην
672 3802 721 3855 οί
755 3801 977 3872 ἀδελφοὶ
1024 3803 1398 3874 πεπειράκασι
1420 3844 1435 3869 ,
1478 3804 1571 3857 καὶ
1599 3804 1755 3857 τοῦτο

169 3892 238 3945 ού
277 3892 415 3961 πρὸς
442 3892 627 3964 κόρον,
665 3895 761 3947 καὶ
790 3894 938 3959 ἅπαξ
965 3898 1047 3959 είς
1075 3896 1175 3967 τὴν
1203 3896 1443 3968 ἡμέραν.
1476 3896 1755 3967 Θαυμάζω

174 3984 290 4055 γάρ
315 3985 369 4036 εί
392 4002 496 4051 τις,
525 3986 692 4055 ἄρτου
722 3986 818 4041 καὶ
847 3985 1040 4052 ὕδατος
1076 3990 1493 4059 κορεννύμενος,
1526 3989 1754 4060 δυνήσε-

174 4092 269 4128 ται
298 4074 391 4128 τὸν
413 4074 514 4144 τῆς
544 4075 816 4140 ἀπαθείας
858 4078 1221 4144 ὑποδέξασθαι
1250 4079 1534 4147 στέφανον.
1583 4079 1754 4133 Ἀπά-

174 4169 333 4219 θειαν
359 4167 417 4220 δέ
446 4166 587 4235 λέγω
605 4206 621 4231 ,
652 4168 713 4221 ού
739 4168 838 4241 τὴν
862 4170 1160 4224 κατάλυσιν
1188 4170 1287 4241 τῆς
1318 4170 1440 4224 κατ’
1468 4170 1755 4240 ἐνέργειαν

174 4258 459 4329 ἁμαρτίας
483 4302 498 4325 ,
536 4258 672 4331 αὕτη
704 4260 813 4334 γὰρ
860 4262 1158 4332 ἐγκράτεια
1186 4261 1440 4331 λέγεται,
1485 4262 1620 4316 ἀλλὰ
1655 4263 1756 4335 τὴν

1854 3351 2097 3398 sectatur
2135 3341 2555 3404 continentiam,
2598 3339 2895 3397 frustretur
2938 3341 3103 3396 etiam
3153 3339 3436 3396 moderato

1852 3434 2103 3504 corporis
2140 3441 2311 3499 statu,
2356 3450 2465 3489 non
2513 3434 2582 3489 iis
2620 3434 2859 3489 contenti
2899 3440 3123 3503 propter
3155 3432 3435 3504 propriam

1854 3525 2268 3593 inﬁrmitatem;
2318 3540 2446 3581 vere
2508 3525 2725 3596 corpori
2775 3524 3149 3582 benedicendo
3197 3524 3436 3597 (daemon

1854 3618 1968 3689 ille)
2006 3627 2061 3674 et
2090 3620 2241 3674 cordi
2292 3618 2708 3674 malediceudo:
2741 3618 2831 3674 cui
2867 3618 3015 3687 ipsos
3054 3633 3165 3673 non
3211 3617 3437 3674 obedire

1852 3710 2065 3780 justum
2096 3726 2327 3773 censeo.
2375 3726 2553 3782 neque
2594 3710 2869 3767 abstinere
2917 3725 3079 3782 pane,
3120 3718 3174 3766 et
3201 3710 3351 3776 oleo,
3382 3720 3440 3767 et

1855 3818 2032 3873 aqua;
2068 3803 2209 3858 hanc
2247 3806 2392 3858 enim
2422 3804 2637 3859 vivendi
2670 3804 2900 3857 formam
2934 3818 3149 3859 summe
3172 3804 3436 3873 optimam

1862 3894 2060 3948 fratres
2120 3894 2329 3963 experti
2381 3902 2549 3962 sunt;
2602 3893 2816 3964 hocque
2849 3908 2957 3950 non
3000 3895 3068 3950 ad
3106 3895 3437 3961 satietatem,

1856 3996 1913 4042 et
1937 3986 2106 4042 semel
2156 3996 2364 4041 tantum
2410 3986 2466 4040 in
2532 3985 2700 4042 diem.
2740 3985 2998 4041 Admiror
3054 3986 3256 4056 quippe
3291 3987 3439 4057 quod

1856 4078 2002 4148 quis,
2036 4077 2081 4132 si
2105 4092 2243 4147 pane
2266 4086 2321 4132 et
2340 4092 2483 4148 aqua
2506 4078 2738 4133 satiatus
2771 4076 2957 4143 fuerit,
2984 4078 3155 4148 possit
3176 4093 3437 4134 coronam

1857 4170 2074 4241 assequi
2102 4170 2353 4224 carentia:
2382 4171 2719 4240 passionum.
2754 4168 3094 4226 Vacuitatem
3119 4172 3439 4242 passionum

1856 4276 2015 4322 voco.
2040 4278 2148 4318 non
2178 4263 2518 4318 eversionem
2560 4262 2789 4318 actualis
2843 4263 3072 4333 peccati,
3105 4264 3218 4319 haec
3247 4278 3445 4335 nempe

175 4348 326 4402 κατὰ
352 4348 593 4403 διάνοιαν
618 4352 746 4413 τοὺς
772 4352 1042 4421 ἐμπαθεῖς
1065 4352 1360 4423 λογισμοὺς
1389 4354 1753 4424 περικόπτου-

1859 4353 2060 4408 dicitur
2078 4352 2428 4419 continentia,
2449 4352 2541 4409 sed
2558 4367 2700 4418 eam,
2724 4367 2845 4423 qua:
2865 4352 3304 4410 intellectualiter
3324 4369 3445 4425 pas-

178 4457 309 4505 σαν,
353 4441 544 4510 ἥντινα
584 4444 681 4497 καὶ
713 4444 1091 4515 πνευματικὴν
1137 4446 1440 4517 περιτομὴν
1481 4444 1577 4499 τοῦ
1623 4464 1753 4519 κρυ-

1861 4445 2111 4501 sionibus
2136 4444 2357 4501 affectas
2390 4445 2748 4516 cogitationes
2776 4445 3159 4511 circumsecat,
3190 4462 3356 4518 quam
3388 4456 3445 4501 et

180 4532 325 4586 πτοῦ
376 4534 633 4588 Ἰουδαίου
681 4537 711 4589 ὁ
759 4536 916 4605 ἅγιος
969 4535 1184 4601 Παῦλος
1236 4537 1538 4607 ὠνόμασεν.
1588 4539 1651 4591 Εί
1699 4539 1753 4592 δὲ

1862 4538 2200 4607 spiritualem
2222 4537 2697 4594 circumcisionem
2741 4538 2942 4594 occulti
2995 4536 3169 4593 Judmi
3218 4546 3445 4594 sanctus

178 4623 389 4693 ἀθυμεῖ
414 4626 522 4695 ξτις
579 4625 673 4679 ἐπὶ
719 4629 833 4690 τοῖς
880 4626 1142 4697 λεχθεῖσι,
1192 4628 1623 4698 μνημονευσάτω
1663 4628 1753 4682 τοῦ

1864 4626 2068 4684 Paulus
2100 4627 2512 4696 nominavit“;
2554 4628 2598 4683 si
2628 4643 2760 4684 vero
2787 4629 2916 4703 quis
2936 4629 3180 4684 animum
3208 4629 3445 4699 despon-

181 4718 417 4781 σκεύους
448 4719 549 4788 τῆς
580 4717 838 4789 ἐκλογῆς,
882 4719 1231 4785 Ἀποστόλου,
1266 4720 1325 4771 ἐν
1358 4718 1503 4790 λιμῷ
1540 4721 1635 4773 καὶ
1680 4719 1753 4773 δί-

1863 4722 1991 4778 deat
2045 4721 2317 4791 superbis
2367 4736 2490 4792 quae
2537 4721 2684 4777 dicta
2725 4732 2879 4787 sunt,
2936 4721 3254 4778 recordetur
3297 4723 3445 4777 vasis

178 4811 277 4880 ψει
309 4809 403 4863 τὸν
450 4810 651 4882 δρόμον
682 4810 1025 4875 τελέσαντος.
1063 4811 1330 4881 Μιμεϊται
1360 4810 1419 4865 δέ
1450 4810 1545 4864 καὶ
1588 4812 1617 4864 ὁ
1660 4809 1753 4881 τῆς

1862 4814 2146 4870 electionis
2194 4813 2463 4884 Apostoli,
2506 4813 2601 4884 qui
2645 4814 2700 4869 in
2751 4814 2899 4872 fame
2944 4830 3010 4871 ac
3069 4814 3158 4871 siti
3218 4829 3445 4870 cursum

178 4898 447 4970 ἀληθείας
470 4901 767 4965 ἀντίπαλος
794 4902 823 4953 δ
852 4903 950 4972 τῆς
979 4900 1209 4971 ἀκηδίας
1231 4899 1650 4972 δαίμωντοῦτον
1669 4902 1753 4955 τὸν

1866 4905 2029 4978 540
2067 4905 2487 4961 consummavit.
2523 4905 2665 4973 Quin
2704 4916 2759 4962 et
2804 4906 3049 4962 veritatis
3098 4905 3446 4962 adversarius

178 4992 452 5062 δαίμονα,
515 4993 825 5065 ἀκροτάτην
887 4994 1242 5065 ἀναχώρησιν
1301 4994 1379 5066 τῷ
1444 4994 1753 5066 καρτερικῷ

1868 5000 2077 5054 daemon
2126 4998 2217 5053 ille
2273 4998 2515 5061 desidiae,
2578 4998 2745 5053 istum
2796 4999 3047 5054 imitatur
3098 4999 3442 5064 daemonem,

180 5084 529 5150 ὑποϐάλλων,
564 5087 645 5149 είς
677 5086 843 5157 ζῆλον
874 5086 1357 5157 προσκαλούμενος
1391 5084 1637 5141 Ἰωάννου
1665 5087 1759 5141 τοῦ

179 5178 520 5245 Βαπτιστοῦ,
556 5180 652 5232 καὶ
676 5179 776 5250 τῆς
805 5180 1061 5252 ἀπαρχῆς
1094 5179 1205 5232 τῶν
1228 5178 1600 5251 ἀναχωρητῶν
1642 5180 1762 5232 Ἀν-

177 5270 527 5337 τωνίου,τνα,
556 5273 631 5342 μὴ
657 5271 934 5342 βαστάσας
961 5272 1060 5341 τὴν
1086 5272 1329 5341 χρονίαν,
1354 5272 1449 5324 καὶ
1470 5270 1765 5344 ἀπάνθρω-

180 5379 293 5417 πον
338 5362 707 5434 ἀναχώρησιν,
763 5363 913 5436 φύγῃ
960 5365 1080 5434 μετ’
1126 5364 1415 5435 αίσχύνης,
1461 5366 1553 5419 τὸν
1602 5364 1766 5418 τόπον

180 5455 525 5521 καταλιπὼν,
593 5457 688 5511 καὶ
754 5457 916 5521 αὐτὸς
963 5456 1149 5511 λοιπὸν
1200 5456 1557 5529 καυχώμενος
1611 5459 1765 5532 εῐπῃ,

190 5546 455 5617 εἸσχυσα
486 5548 625 5619 πρὸς
659 5549 880 5603 αὐτόν..

262 5756 312 5787 ⁸⁵
339 5753 496 5812 Rom.
527 5773 587 5824 ιι,
620 5758 710 5815 29.
789 5757 834 5791 "
861 5758 1006 5815 Psal.
1037 5772 1137 5826 xu,
1166 5758 1221 5815 6.

1868 5106 2138 5146 summam
2170 5092 2537 5147 secessionem
2567 5091 2856 5147 tolerantia
2887 5091 3115 5162 praedito
3148 5105 3447 5162 suggerens

1868 5181 1936 5237 ad
1983 5181 2383 5236 aemulationem
2456 5180 2803 5250 provocando
2860 5179 3089 5237 Joannis
3150 5180 3444 5250 Baptista,

1868 5282 2029 5341 atque
2054 5270 2420 5340 primitiarum
2449 5269 2912 5325 auacboretarum
2942 5270 3191 5332 Antonii,
3220 5278 3299 5332 ut.
3334 5284 3447 5323 non

1869 5370 2096 5433 portans
2133 5361 2455 5417 diuturnum
2477 5368 2531 5415 et
2552 5359 2917 5415 inhumanum
2942 5375 3246 5427 secessum,
3276 5360 3449 5430 fugiat

1869 5470 1993 5510 cum
2042 5452 2271 5524 pudore,
2325 5452 2507 5508 locum
2554 5451 2965 5521 derelinquens,
3009 5458 3065 5507 et
3102 5451 3217 5521 ipse
3257 5458 3445 5521 postea

1867 5543 2263 5618 gloriabundus
2288 5543 2475 5603 dicat:
2519 5563 2539 5598 ι
2569 5542 2836 5601 Przvalui
2867 5543 3132 5601 adversus
3156 5557 3283 5598 eum
3313 5540 3383 5597 ι’.
3418 5557 3443 5596 ι
