3808 6226
155 349 299 415 1233

1204 350 1301 412 DE
1335 351 1707 412 MALIGNIS
1744 350 2398 413 COGITATIONIBUS.

3272 346 3406 411 1234

148 487 302 538 τητα
347 466 671 538 μελετῶσιν,
714 468 802 520 ῐνα
840 467 931 520 τὸν
972 466 1229 521 ταπεινὸν
1254 468 1396 523 κατὰ
1424 469 1517 521 τὸν
1547 469 1736 539 καιρὸν
1764 476 1809 531 Λ

1840 477 2045 532 tantur,
2074 478 2270 525 cuncta
2313 474 2679 532 commovent,
2714 474 2881 520 totam
2921 480 3015 535 per
3048 465 3191 520 diem
3216 465 3407 521 adver-

149 562 259 633 τῆς
294 561 603 633 προσευχῆς
647 561 1101 629 συκοφαντήσωσι
1132 559 1277 624 νοῦν,
1321 560 1507 614 καὶτὸ
1557 561 1730 631 μακά-

157 671 278 722 ριον
326 652 492 707 αὑτοῦ
533 652 915 706 κατασϐέσωσι
964 652 1101 721 φῶς.
1141 653 1304 724 Ὁρᾷς
1350 655 1445 707 καὶ
1495 656 1523 707 ὁ
1578 654 1733 721 ἅγιος

152 746 371 810 Παῦλος
420 746 476 800 τί
536 764 670 817 φησι
729 745 807 816 τῷ
859 745 1039 816 Τίτῳ;
1075 764 1093 797 ‹
1138 746 1227 799 Ἐν
1273 749 1341 817 τῇ
1388 746 1731 818 διδασκαλίᾳ,

152 838 397 907 ἄφθορον
420 838 600 905 λόγον,
634 838 785 908 ὑγιῆ,
817 836 1265 906 ἀκατάγνωστον,
1300 838 1386 891 ἵνα
1413 841 1442 892 ὁ
1473 839 1532 905 ἐξ
1573 842 1733 894 ὲναν-

149 930 281 993 τίας
312 931 555 1003 ἐντραπῇ
584 969 601 994 ,
636 930 803 1001 μηδὲν
830 916 969 1000 ἔχων
1014 929 1193 997 λέγειν
1226 931 1356 1003 περὶ
1401 931 1558 1002 ἡμῶν
1597 931 1735 1001 φαῦ-

152 1021 278 1074 λον·
316 1040 335 1072 ›
365 1024 394 1075 ὁ
416 1022 474 1075 δὲ
505 1022 777 1093 μακάριος
802 1022 967 1076 Δαδὶδ
1003 1022 1095 1077 καὶ
1125 1023 1486 1094 προσεύχεται
1535 1024 1727 1093 λέγων·

159 1132 181 1164 ι
229 1113 425 1168 Ῥῦσαῑ
468 1132 534 1185 με
570 1113 680 1168 ἀπὸ
723 1115 1087 1182 συκοφαντίας
1119 1114 1482 1183 ἀνθρώπων,›
1519 1117 1733 1187 ἀνθρώ-

151 1219 299 1266 πους
327 1203 422 1257 καὶ
449 1204 577 1267 τοὺς
599 1202 859 1274 δαίμονας
887 1203 1172 1274 ὀνομάζων
1192 1204 1280 1259 διὰ
1309 1204 1370 1258 τὸ
1389 1208 1491 1277 τῆς
1517 1206 1733 1276 φύσεως

149 1290 406 1359 λογικόν·
441 1293 581 1347 ἀλλὰ
627 1295 721 1347 καὶ
777 1296 805 1347 ὁ
846 1295 1040 1366 Σωτὴρ
1091 1296 1151 1347 ὲν
1194 1297 1307 1359 τοῖς
1352 1293 1729 1365 Εὐαγγελίοις,

151 1382 359 1453 ἐχθρὸν
389 1383 681 1455 ἄνθρωπον
722 1380 845 1438 εἷπε
894 1386 987 1439 τὸν
1034 1386 1335 1459 σπείραντα
1362 1388 1496 1458 ἡμῖν
1527 1387 1598 1441 τὰ
1631 1390 1731 1460 τῆς

152 1475 357 1537 κακίας
386 1473 621 1539 ζιζάνια.
660 1469 738 1530 Οὗ
762 1476 856 1531 καὶ
883 1477 1215 1548 ρυσθείημεν
1248 1477 1433 1549 χάριτι
1460 1478 1556 1532 τοῦ
1590 1481 1731 1551 Χρι-

151 1565 291 1619 στοῦ
322 1567 418 1619 καὶ
449 1566 588 1620 Θεοῦ
615 1566 777 1638 ἡμῶν
799 1607 815 1634 ,
857 1561 902 1636 ᾧ
931 1567 1131 1640 πρέπει
1166 1568 1305 1640 τιμὴ
1335 1569 1431 1625 καὶ
1471 1568 1597 1637 δόξα
1648 1570 1729 1634 εἰς

147 1656 286 1719 τοὺς
314 1657 536 1723 αἰῶνας.
574 1659 768 1731 Ἀμήν.

1838 577 1933 617 sus
1966 578 2068 617 nos
2116 563 2269 618 dolos
2315 561 2667 624 meditantur,
2712 571 2772 614 ut
2822 558 3088 615 orationis
3134 567 3402 629 tempore,

1839 663 2073 708 mentem
2126 655 2385 709 humilem
2427 653 2861 719 calumnientur,
2891 660 2946 706 et
2975 650 3145 720 ipsius
3183 652 3404 707 beatum

1840 745 2021 799 lumen
2084 742 2456 813 exstinguant.
2485 741 2649 797 Vides
2678 740 2809 811 quid
2848 750 2904 795 et
2936 747 3159 797 sanctus
3200 738 3404 796 Paulus

1839 836 1985 892 dicat
2033 836 2200 889 Tito:
2232 854 2251 886 ‹
2288 834 2347 887 In
2391 834 2667 899 doctrina,
2718 833 2949 888 verbum
3002 833 3402 901 incorruptum,

1840 943 2033 985 sanum
2063 925 2555 996 irreprehensibilc,
2595 934 2652 979 ut
2684 927 2729 980 is
2752 967 2768 991 ,
2805 927 2899 996 qui
2938 941 3003 980 ex
3030 926 3261 999 adverso
3294 934 3400 989 est,

1836 1019 2044 1089 pudore
2102 1016 2443 1073 suffundatur
2486 1017 2625 1071 nihil
2674 1018 2882 1072 habens
2934 1018 3001 1072 de
3059 1017 3222 1071 nobis
3274 1017 3403 1085 quid

1838 1109 2040 1163 malum
2083 1109 2229 1165 dicat
2266 1110 2336 1164 δ’.
2388 1127 2409 1161 ι
2455 1108 2520 1163 Ει
2568 1109 2758 1165 beatus
2814 1109 2983 1164 David
3028 1119 3149 1164 orat
3204 1111 3402 1173 etiam,

1835 1202 2072 1258 dicens:
2131 1220 2148 1254 ι
2180 1202 2372 1257 Libera
2414 1217 2501 1257 me
2555 1217 2586 1256 a
2641 1202 2912 1257 calumnia
2952 1202 3235 1257 hominum
3264 1201 3347 1267 ευ,
3379 1221 3398 1253 ι

1838 1294 2119 1350 Daemones
2166 1294 2315 1364 ipsos
2364 1293 2611 1347 homines
2649 1308 2889 1356 vocans,
2930 1302 3151 1363 propter
3197 1300 3406 1346 natura

1835 1386 2134 1453 rationale;
2189 1385 2283 1441 sed
2306 1394 2361 1441 et
2411 1385 2661 1440 Salvator
2687 1385 2740 1440 in
2771 1384 3080 1455 Evangeliis
3120 1384 3403 1439 inimicum

1834 1476 2111 1533 hominem
2160 1484 2441 1547 nuncupat
2467 1492 2613 1541 eum,
2654 1477 2747 1546 qui
2778 1476 2998 1530 malitiae
3028 1476 3189 1531 nobis
3236 1476 3404 1532 semi-

1836 1567 1989 1622 navit
2021 1567 2229 1622 zizania
2254 1567 2298 1598 ’ί
2330 1585 2344 1621 :
2388 1582 2419 1621 a
2440 1582 2549 1635 quo
2573 1567 2865 1622 liberemur
2888 1567 3061 1638 gratia
3086 1568 3313 1634 Christi,
3351 1574 3407 1623 et

1836 1659 1934 1715 Dei
1970 1659 2168 1726 nostri,
2199 1674 2363 1730 quem
2396 1659 2552 1716 decet
2597 1660 2771 1716 honor
2805 1668 2856 1716 et
2889 1661 3064 1730 gloria
3092 1661 3148 1716 in
3179 1662 3399 1719 mula.

1837 1751 2030 1808 Amen.

225 1926 275 1960 δ’
314 1924 424 1983 Tit.
461 1942 526 1993 ιι,
559 1927 614 1982 8.
688 1925 736 1960 ⁵ο
765 1924 912 1984 Psal.
943 1940 1133 1998 cum,
1170 1929 1297 1987 151.
1370 1930 1415 1963 ’ί
1446 1928 1644 1986 Matth.
1675 1926 1910 1994 xm,25.

169 2222 3375 2277 ._____._____________________________

796 2483 1365 2580 ΚΕΦΑΛΑΙΑ
1420 2486 1591 2580 AI"
1669 2490 1823 2580 KA

1837 2498 1915 2581 I"
1966 2489 2764 2591 ¹ΑΚΟΛΟΥΘΙΑΝ.

1471 2850 1839 2916 CAPITULA
1866 2853 2113 2915 XXXIII

998 3012 1121 3077 Per
1149 3016 1379 3095 gradus
1406 3018 1712 3098 quosdam
1743 3018 2041 3100 disposita
2072 3020 2569 3100 consequentia.

158 3209 301 3266 Sunt
335 3207 555 3283 Evagrii
592 3207 807 3267 Pontici
824 3219 877 3266 et
904 3210 1151 3284 leguntur
1169 3214 1310 3269 inter
1332 3214 1447 3284 ejus
1480 3231 1641 3285 opera
1667 3215 1885 3283 hujusce
1931 3214 2257 3288 Patrologia:
2297 3226 2429 3275 tom.
2468 3217 2592 3286 XL,
2617 3218 2700 3274 col
2721 3261 2738 3277 .
2762 3219 2922 3279 1265.
2951 3220 3125 3294 Incip.
3159 3225 3405 3297 Ἵκτερός

1357 3311 1547 3366 ἐστιν.
1578 3311 1703 3367 Des.
1728 3314 2219 3382 πεπιστευμέναι.

157 3592 2467 3633 __.__________________________

1138 3839 1922 3935 ΠΝΕΥΜΑἹἸΚΑΙ
2000 3849 2429 3938 ΓΝΩΜΑΙ

1448 4025 1641 4082 ΚΑΤΑ
1703 4026 2147 4083 ΔΛΦΑΒΗΤΟΝ.

700 4353 1193 4416 SPIRITUALES
1216 4338 1837 4421 SENTENTIZEIPER
1864 4359 2378 4421 ALPHABETUM
2419 4361 2848 4437 DISPOSITE,

158 4557 398 4628 Evagrio
440 4556 603 4611 etiam
669 4556 1024 4616 restituenda.
1084 4557 1215 4614 Vide
1268 4558 1360 4615 ubi
1400 4576 1582 4630 supra,
1650 4560 1752 4615 col.
1800 4562 1823 4616 1

1837 4561 1963 4623 267.
2014 4563 2190 4637 lncip.
2252 4565 2488 4623 Ἀτοπόν
2539 4571 2682 4626 ἐστι.
2738 4569 2867 4627 Des.
2930 4570 3033 4643 τῆς
3077 4569 3402 4642 πάντα’μι-

1667 4654 1887 4729 σούσης.

374 4963 3399 4996 _____________________________________

1238 5216 1556 5309 ALUE
1624 5204 2337 5310 SENTENT‘IIE

169 5432 323 5491 Inter
374 5432 591 5509 Evagrii
637 5453 796 5508 opera
840 5436 1042 5493 dudum
1072 5437 1272 5495 relata.
1306 5436 1410 5495 Adi
1435 5447 1636 5495 tomum
1682 5440 1823 5494 citati

1837 5456 1922 5505 im,
1982 5439 2084 5494 col.
2130 5437 2288 5497 1269.
2334 5438 2451 5497 Inc.
2492 5441 2660 5515 Ἀρχὴ
2696 5443 2938 5517 ἀγάπης.
2965 5442 3087 5500 Det.
3114 5441 3255 5502 κατὰ
3273 5441 3409 5497 Θεὸν

1593 5533 1775 5589 πάντα
1801 5535 1967 5588 ποιεῖ.
