3808 6226
1843 313 1905 373 S.
1945 312 2108 372 NILI

361 305 498 371 1235
1843 313 1905 371 S.
1945 312 2108 371 NILI
3476 307 3599 370 1236

351 449 3602 490 W

1322 591 1460 648 ΤΟΥ
1489 591 1722 648 ΑΥΤυΥ
1748 592 1840 645 EN
1878 592 2103 646 ΔΓΙΟΙΣ
2139 593 2410 647 ΠΑΤΡΟΣ
2463 592 2662 647 ΗΜΩΝ

1678 749 2252 872 ΝΕΙΛΟΥ

1163 975 1811 1063 ΠΑΡΑΙΝΕΣΙΣ
1865 977 2155 1064 ΠΡΟΣ
2230 975 2866 1067 ΜΟΝΑΧΟΥΣ.

1351 1305 1692 1370 EIUSDEM
1723 1309 1987 1371 SANCTI
2024 1313 2304 1377 PATRIS
2331 1314 2610 1376 NOSTRI

1837 1473 2128 1588 NILI

1179 1708 1888 1801 INSTITUTIO
1941 1711 2088 1799 AD
2139 1711 2815 1806 MONACHOS.

438 2053 918 2124 lntemperantiam
969 2054 1276 2111 eduliorum
1341 2056 1587 2126 praecidit
1649 2055 1943 2127 jejunium,

2132 2062 2427 2132 Ἀκρασίαν
2454 2062 2759 2133 μρωμάτων
2788 2061 3109 2134 περικόπτει
3143 2079 3389 2134 νηστεια,
3421 2064 3630 2118 ἀκολα-

370 2155 425 2200 et
453 2145 824 2201 fornicationis
850 2145 1128 2202 lasciviam
1160 2156 1406 2218 amputat
1434 2147 1768 2204 continentia
1813 2164 1936 2205 cum

2108 2171 2169 2206 αν
2212 2153 2270 2206 δὲ
2299 2153 2552 2227 πορνείας
2598 2157 2877 2227 περιαιρεί
2907 2155 3205 2228 ἐγκράτεια
3254 2155 3397 2226 μετὰ
3446 2173 3626 2228 προσ-

369 2237 634 2292 oratione.

2108 2245 2230 2315 ιχῆςο

440 2328 735 2384 Avaritiam
775 2328 1092 2385 idololatria:
1113 2338 1337 2386 matrem
1371 2331 1596 2387 cohibet
1631 2339 1941 2402 paupertas,

2117 2334 2486 2407 Φιλαργυρίαν
2532 2333 2629 2406 τὴν
2678 2334 2778 2405 τῆς
2819 2333 3229 2405 εἰδωλολατρίας
3267 2334 3485 2406 μητέρα
3534 2352 3628 2389 συ-

372 2435 690 2489 cnrpoream
721 2435 849 2476 vero
877 2422 1296 2479 sollicitudinem
1315 2423 1627 2499 praescindit
1655 2439 1800 2494 spes,
1824 2441 1945 2495 quae

2108 2430 2258 2484 ῖέλλει
2289 2427 2666 2500 ἀκτημοσὺνη,
2713 2427 2984 2499 μέριμναν.
3012 2427 3068 2480 δὲ
3097 2428 3415 2499 σωματικὴν
3463 2445 3628 2501 περι-

374 2512 430 2568 in
460 2511 628 2567 Deum
661 2512 917 2583 iactatur.

2108 2522 2238 2574 ὶτπει
2267 2520 2419 2582 ἐλπὶς
2446 2522 2478 2590 ἡ
2503 2521 2582 2584 είς
2613 2519 2763 2572 Θεόν.

2122 2610 2478 2680 Πλανώμενον
2531 2610 2655 2664 νοῦν
2723 2609 3001 2663 συστέλλει
3059 2609 3365 2678 ἀνάγνωσις
3418 2609 3631 2677 λογίων

2051 2702 2208 2767 Θεοῦ,
2245 2704 2339 2755 καὶ
2367 2702 2648 2774 ἀγρυπνία
2681 2701 2819 2772 μετὰ
2867 2704 3197 2772 προσευχῆς.

2122 2794 2306 2864 Θυμοῦ
2344 2794 2401 2847 δὲ
2434 2792 2804 2865 καταδρομὴν,
2839 2794 3212 2866 καταπραΰνει
3249 2791 3628 2865 μακροθυμία,

2054 2889 2149 2940 καὶ
2177 2887 2489 2957 ψαλμῳδία.

2137 2977 2392 3047 Ἀκηδίαν
2441 2975 2798 3033 καταστέλλει
2833 2975 3097 3046 ὑπομονὴ,
3129 2974 3224 3029 καὶ
3270 2975 3502 3046 δάκρυα,
3532 2973 3632 3025 1:3-

379 3062 584 3118 stitiam
615 3072 795 3118 autem
864 3064 1198 3118 mundanam
1256 3067 1431 3132 sedat,
1490 3082 1555 3122 ac
1613 3068 1774 3122 silere
1822 3067 1951 3122 facit

2108 3086 2166 3138 ην
2198 3067 2254 3119 δὲ
2305 3067 2575 3138 κοσμικὴν
2637 3066 2994 3135 κατασιγάζει
3020 3065 3080 3119 τὸ
3121 3065 3257 3136 πρὸς
3294 3064 3392 3127 τὰς
3432 3064 3636 3135 ἡδονὰς

446 2605 677 2661 Mentem
706 2615 977 2662 errantem
1011 2617 1225 2664 coercet
1262 2608 1423 2664 lectio
1457 2607 1768 2664 divinorum
1823 2623 1943 2664 ora-

375 2699 646 2763 culorum,
678 2708 731 2753 et
756 2699 937 2770 vigilia
962 2715 1085 2754 cum
1122 2701 1389 2756 oratione.

445 2789 515 2842 At
540 2789 633 2844 ira:
671 2789 1009 2846 invasionem
1042 2793 1252 2862 mitigat
1281 2791 1690 2863 longanimitas,
1724 2801 1779 2848 et
1803 2793 1947 2864 psal—

377 2895 593 2937 morum
623 2881 950 2936 decantatio.

447 2970 725 3043 Pigritiam
751 2975 1062 3045 comprimit
1087 2975 1413 3040 constantia,
1443 2985 1498 3032 et
1532 2978 1821 3050 lacrymaa;
1853 2977 1951 3031 Iri-

379 3157 563 3211 odium
604 3157 864 3212 adversus
892 3158 1216 3226 voluptates.

452 3247 745 3303 Humilitas
800 3258 855 3302 et
911 3248 1125 3303 aversio
1179 3249 1249 3303 ab
1283 3263 1467 3302 amore
1516 3248 1850 3320 principatus
1902 3259 1956 3304 et

2084 3163 2239 3216 ιϊσος.

2084 3177 2188 3216 ισο
2225 3201 2239 3214 .

2062 3179 2100 3230 μ
2128 3177 2436 3316 Φιλοξενίαν
2465 3252 2661 3304 κτᾶται
2681 3248 3169 3320 ταπεινοφροσύνη,
3201 3248 3294 3301 καὶ
3314 3247 3638 3318 φιλαρχίας,

379 3340 688 3395 eminentia:
748 3348 1065 3410 comparant
1121 3340 1574 3409 hospitalitatem:
1645 3341 1951 3411 superbiam

2108 3348 2157 3400 αἱ
2209 3345 2482 3416 ὑπεροχῆς
2523 3343 2862 3413 ἀποστροφὴ,
2908 3342 3290 3412 ὑπερηφανίαν
3317 3341 3399 3404 δὲ,
3429 3341 3490 3394 τὸ
3532 3342 3640 3412 ἀρ.

380 3446 511 3487 vero
541 3434 716 3502 (vetus
741 3433 967 3498 malum,
988 3434 1042 3487 in
1068 3443 1361 3502 conspectu
1391 3431 1604 3486 Domini
1636 3433 1951 3486 abominan-

2108 3440 2212 3492 ιίον
2244 3434 2433 3497 κακὸν,
2463 3433 2523 3486 τὸ
2561 3431 2849 3504 βδελυκτὸν
2879 3430 3109 3484 ἐνώπιον
3155 3431 3385 3500 Κυρίου⁹
3508 3431 3642 3483 ἅνθ-

382 3525 536 3590 dum,
583 3526 671 3581 cui
704 3525 912 3583 resistit
939 3525 1103 3582 etiam
1133 3524 1293 3593 Deus)
1317 3541 1535 3580 cessare
1567 3525 1697 3579 facit
1723 3525 1960 3579 immen-

383 3635 444 3676 sa
469 3620 769 3685 humilitas,
810 3634 932 3689 quae
988 3619 1153 3674 dicit:
1197 3637 1216 3670 ι
1257 3620 1368 3688 Ego
1417 3635 1539 3673 sum
1601 3628 1746 3674 terra
1789 3626 1843 3673 et
1884 3619 1951 3673 ci-

2108 3623 2341 3695 ρητος,ή
2389 3619 2659 3688 λέγουσαο
2699 3636 2717 3668 ι
2767 3616 2908 3683 Ἐγὼ
2950 3616 3067 3685 είμὶ
3116 3615 3186 3684 γῆ
3226 3616 3318 3668 καὶ
3359 3615 3580 3678 σποδός,
3620 3637 3638 3667 ι

388 3712 476 3768 nis
508 3714 588 3778 ⁵²;
629 3730 648 3764 ι
699 3721 754 3766 et
803 3727 1034 3767 rursus:
1101 3731 1120 3764 ι
1157 3711 1272 3767 Nisi
1314 3710 1576 3768 Dominus
1619 3711 1951 3767 aedificaverit

2108 3717 2175 3770 ,αὶ
2204 3713 2366 3768 πάλιν
2400 3729 2413 3741 ’
2455 3729 2472 3763 ι
2497 3710 2620 3764 Ἐὰν
2654 3709 2730 3780 μὴ
2762 3708 2969 3778 Κύριος
2998 3706 3329 3777 οἱκοδομήσῃ
3355 3699 3528 3769 οἷκον,
3564 3707 3643 3768 εἰς

387 3804 631 3869 domum,
666 3803 721 3858 in
755 3819 956 3858 vanum
993 3803 1281 3870 laboravit,
1313 3804 1408 3874 qui
1433 3803 1663 3860 mdilicat
1689 3819 1811 3860 eam
1835 3804 1903 3872 ⁵³,
1939 3823 1951 3855 1

2109 3810 2248 3877 άτην
2266 3804 2558 3859 ἐκοπίασεν
2589 3804 2618 3854 ὁ
2646 3799 2963 3872 οἰκοδομῶν,
2995 3797 3091 3852 καὶ
3120 3797 3409 3867 φυλάττειν
3439 3795 3647 3868 πειρώ-

396 3904 450 3949 et
479 3895 569 3963 qui
602 3903 832 3949 conatur
863 3893 1159 3948 custodire.

2112 3914 2249 3959 ενος.

460 3986 613 4043 Sicut
645 4003 787 4057 aqua
823 3986 953 4042 faece
999 3987 1282 4056 inquinata
1326 3986 1578 4056 depurari
1611 3985 1951 4061 543-555

2147 3989 2235 4052 Ὠς
2280 3985 2381 4043 οὑκ
2433 3984 2548 4037 ἐστι
2595 3979 2964 4052 τεθολωμένον
2995 3977 3140 4048 ὕδωρ
3189 3975 3530 4047 καθαρεῦσαι
3569 3975 3648 4047 μὴ

389 4093 497 4134 non
550 4086 728 4146 potest
757 4076 864 4131 nisi
907 4077 1168 4133 manserit
1197 4075 1442 4142 immota,
1469 4077 1542 4130 ita
1572 4091 1745 4146 neque
1793 4086 1951 4131 status

2108 4076 2260 4127 ,εἶναν
2302 4071 2616 4136 ἀσάλευτον,
2647 4069 2820 4131 οὑτως
2868 4068 2968 4120 οὑκ
3021 4066 3138 4120 ἔστι
3187 4066 3429 4138 μοναχοῦ
3477 4066 3650 4120 κατα-ε

2065 3532 2279 3584 ίσταται
2305 3528 2398 3581 καὶ
2424 3527 2451 3578 ὁ
2475 3525 2626 3589 Θεὸς,
2659 3523 2968 3578 καταπαύει
2995 3522 3464 3593 ταπεινοφροσὺνη
3497 3523 3644 3593 ἁμές

389 4169 643 4226 monachi
683 4168 906 4238 agnosci
935 4169 1078 4223 valet
1102 4170 1220 4224 sine
1239 4169 1442 4239 quiete.

466 4258 621 4313 Sicut
652 4259 990 4328 impossibile
1024 4269 1108 4313 est
1153 4266 1478 4314 certatorem
1514 4257 1765 4312 coronari
1787 4296 1802 4319 ,
1863 4255 1968 4311 nisi

395 4352 592 4410 luclam
624 4351 949 4415 exercuerit,
981 4351 1054 4406 ita
1085 4366 1189 4405 nec
1219 4359 1403 4420 potest
1424 4366 1544 4405 esse
1561 4351 1685 4420 quis
1708 4349 1972 4403 Christia-

395 4459 500 4500 nus
538 4443 747 4512 absque
771 4443 1187 4498 certaminibus.

466 4533 937 4607 Quemadmodum
973 4549 1084 4586 non
1125 4540 1209 4588 est
1237 4530 1464 4600 aequalis
1497 4529 1654 4594 libra,
1689 4544 1796 4582 una
1831 4542 1972 4596 prae-

396 4627 730 4699 ponderante
765 4633 938 4695 parte,
970 4624 1050 4679 sic
1082 4624 1196 4678 fieri
1218 4639 1322 4677 non
1356 4631 1530 4692 potest
1570 4632 1628 4675 ut
1659 4620 1971 4674 mandatum

401 4719 492 4774 Dei
542 4733 802 4791 prospere
847 4718 1177 4788 perficiatur,
1234 4731 1432 4770 carueo
1467 4732 1628 4770 sensu
1683 4715 1971 4786 praedomi-

399 4821 582 4867 nante.

472 4901 627 4957 Sicut
658 4915 767 4954 non
802 4906 979 4976 potest
1011 4896 1295 4956 addiscere
1325 4906 1520 4959 artem,
1552 4896 1646 4970 qui
1679 4897 1968 4966 diligenter

400 4993 450 5048 ei
495 5009 600 5047 non
639 4992 847 5046 dederit
883 5005 1127 5060 operam,
1158 4989 1230 5042 ita
1268 5005 1376 5042 non
1442 4997 1622 5057 potest
1669 4990 1972 5043 orationem

403 5085 706 5155 acquirere,
738 5082 832 5153 qui
861 5081 972 5136 Deo
1001 5089 1149 5135 recto
1180 5096 1290 5135 non
1335 5078 1623 5136 adhaeserit
1651 5078 1832 5135 corde.

466 5270 728 5342 Quisquis
770 5283 962 5340 puram
987 5283 1095 5322 non
1129 5264 1464 5336 comparavit
1509 5264 1829 5328 orationem,
1866 5277 1974 5316 non

408 5365 570 5423 habet
597 5372 930 5418 armaturam
959 5360 1024 5414 ad
1049 5359 1251 5414 bellum

479 5454 581 5522 Qui
627 5464 850 5510 ornatus
890 5461 996 5517 est,
1033 5461 1085 5506 et
1101 5451 1248 5506 velut
1277 5448 1457 5518 scopis
1481 5447 1799 5510 mundatus,
1823 5459 1978 5502 ever-

412 5545 488 5601 sis
547 5544 640 5599 Dei
669 5543 980 5608 virtutibus,
1010 5542 1316 5596 daemonum
1366 5539 1470 5594 erit
1495 5538 1885 5594 habitaculum.

488 5719 693 5778 "Gen.
729 5719 993 5785 "111,27.
1071 5719 1117 5750 ⁸³
1140 5716 1287 5774 Psal.
1315 5731 1501 5781 cxxvx,
1537 5715 1585 5770 ι.

2069 4183 2260 4220 στασιν
2289 4163 2605 4231 ἐπιγνῶναι,
2636 4162 2764 4215 ἄνευ
2791 4157 3044 4231 ἡσυχίας.

2153 4257 2241 4320 Ὠς
2293 4255 2553 4310 ἀδύνατόν
2610 4256 2756 4307 ἐστιν
2811 4251 3051 4322 ἀθλητὴν
3105 4248 3523 4318 στεφανωθῆναι
3572 4247 3651 4317 μὴ

2071 4345 2438 4409 παλαίσαντα,
2491 4343 2664 4407 οὑτως
2706 4344 2806 4396 οὑκ
2851 4340 2969 4394 εστι
3018 4339 3271 4409 γενέσθαι
3315 4337 3650 4408 Χριστιανὸν

2072 4438 2200 4491 ἄνευ
2233 4435 2476 4505 ἀγώνων.

2155 4529 2242 4592 Ὡς
2287 4529 2386 4581 οὑκ
2435 4527 2582 4580 ἔστιν
2627 4527 2742 4589 ἴσος
2782 4525 2811 4578 ὁ
2840 4523 3022 4592 ζυγὸς,
3061 4519 3355 4592 βαροῦντος
3403 4517 3500 4572 τοῦ
3535 4519 3654 4582 ἐνὸς

2081 4623 2302 4693 μέρους,
2351 4621 2521 4682 οὕτως
2549 4621 2650 4672 οὑκ
2698 4618 2814 4670 ἐστι
2861 4614 3206 4686 κατορθῶσαι
3235 4611 3459 4683 ἐντολὴν
3494 4609 3650 4675 Θεοῦ,

2001 4761 2045 4817 u
2079 4712 2548 4785 κατακρατοῦντος
2571 4710 2663 4763 τοῦ
2700 4706 2960 4780 σαρκικοῦ
2993 4705 3345 4776 φρονήματος

2152 4892 2361 4961 Ὠσπερ
2411 4889 2512 4942 οὑκ
2546 4888 2663 4940 ἐστι
2701 4887 2892 4956 μαθεῖν
2941 4886 3159 4954 τέχνην,
3196 4882 3270 4953 μὴ
3314 4882 3655 4953 σχολάσαντα

2080 4981 2377 5053 ἐπιμελῶς,
2410 4981 2582 5043 οὑτως
2612 4982 2712 5033 οὑκ
2741 4979 2855 5032 ἐστι
2886 4977 3193 5046 κτήσασθαι
3233 4976 3553 5045 προσευχὴν
3585 4975 3654 5043 μὴ

1990 5124 2011 5147 ο
2082 5073 2644 5146 προσκαρτερήσαντα
2681 5070 2759 5140 τῷ
2811 5068 2932 5138 Θεῷ
2975 5069 3035 5120 ὲν
3087 5065 3272 5136 εὐθείᾳ
3302 5064 3526 5135 καρδία.

2166 5257 2223 5310 Ὅ
2265 5255 2339 5325 μὴ
2384 5253 2722 5325 κεκτημένος
2764 5247 3076 5322 προσευχὴν
3099 5245 3368 5318 καθαρὰν,
3407 5243 3509 5298 οὑκ
3547 5242 3655 5311 ἔχει

2083 5348 2246 5401 ὅπλον
2280 5349 2359 5410 εἰς
2389 5347 2644 5415 πόλεμον.

2166 5443 2224 5495 '0
2269 5440 2700 5510 κεκοσμημένος,
2743 5438 2837 5491 καὶ
2881 5431 3262 5506 σεσαρωμένος
3301 5429 3410 5485 ἀπὸ
3451 5423 3661 5501 ἁρετῶί

2083 5535 2242 5603 Θεοῦ,
2276 5533 2693 5608 κατοικητήριον
2722 5530 2874 5588 ἔσται
2905 5529 3204 5600 δαιμόνων-
