3808 6226
71 264 232 329 123³³1
1206 269 1651 329 lNSTI'l‘UTIO
1682 273 1781 332 AD
1847 272 2271 332 MONAL‘HOS.
3218 268 3371 333 1238’

161 382 272 443 Ὠς
302 382 410 433 οὐκ
438 381 552 433 ἔστι
582 380 905 451 κατοικῆσαι
936 381 1158 451 βασιλέα
1187 384 1243 436 ἐν
1271 384 1406 455 οἴκῳ
1435 386 1685 452 πένητος,
1719 438 1722 446 ,

1876 386 1966 440 Uti
1999 402 2105 441 non
2139 387 2266 441 licet
2295 399 2474 457 regem
2508 385 2561 438 in
2590 384 2754 439 domo
2806 383 3060 453 pauperis
3094 384 3354 448 na‘bitare,

68 473 277 536 οὕτως
322 475 389 526 οὐ
431 474 744 543 κατοικήσει
774 474 1007 545 Χριστὸς
1045 476 1103 527 ὲν
1143 474 1285 547 ψυχῇ
1321 479 1687 554 ῥερυπωμένῃ

1842 494 1865 531 a
1902 493 2079 546 neque
2107 476 2361 531 Christus
2392 475 2674 555 .habitabit
2706 474 2758 528 in
2796 474 2998 541 anima,
3027 489 3147 543 quae
3178 475 3371 544 inquta

73 571 203 623 ἀπὸ
240 568 544 637 ἁμαρτίας.

1842 576 1917 622 ita
1943 576 2027 623 est
2056 583 2086 622 a
2127 576 2366 637 peccato.

160 662 400 731 Ὠσπερ
444 661 718 730 ἀνήμερος
764 658 926 723 τόπος
955 657 1256 729 ἡμεροῦται
1301 658 1368 712 δι’
1397 658 1690 729 ἐπιμελοῦς

1864 658 2036 714 Sicuti
2070 659 2223 714 locus
2252 658 2489 713 incultus
2522 673 2620 729 per
2663 664 2972 711 accuratam
3036 655 3361 710 elaboratio—

79 751 427 824 φιλεργίας,
459 751 634 815 οὓτως
682 751 828 822 ψυχὴ
859 750 1197 820 ἀγριωθεῖσα
1230 753 1350 815 ταῖς
1395 752 1691 823 ἁμαρτίαις

1842 767 1917 805 em
1970 751 2263 815 excolitur,
2310 750 2388 806 sic
2416 750 2596 804 anima
2636 748 2708 803 ob
2758 757 2976 825 peccata
3042 748 3359 811 silvescens,

80 841 441 913 ἡμεροῦται,
473 844 521 895 εί
550 842 699 912 νόμῳ
724 842 859 895 Θεοῦ
890 842 1294 896 πολιτεύσεται.

1842 844 2093 912 litigatur,
2129 842 2175 897 si
2208 843 2325 913 lege
2363 840 2458 897 Dei
2500 841 2853 911 gubernetur.

165 935 403 1005 ’Ὠσπερ
434 934 611 1005 πέτρα
644 930 781 987 οὖσα
809 936 867 987 ὲν
897 933 1140 1004 θαλάσσῃ
1172 932 1361 1004 ἑδραία
1395 933 1567 1003 μένει,
1598 934 1695 986 καὶ

86 1025 415 1087 ἀσάλευτος
437 1025 886 1095 κατακρουομένη
919 1025 1021 1078 ὑπὸ
1046 1026 1327 1094 κυμάτων,
1362 1025 1504 1078 οὕτω
1534 1026 1627 1080 καὶ
1668 1027 1697 1079 ὁ

85 1117 202 1182 τὰς
239 1117 453 1187 ἀρετάς
478 1116 855 1186 κατορθώσας,
884 1120 981 1170 καὶ
1008 1117 1235 1181 ταύταις
1285 1117 1420 1181 ὅλως
1449 1119 1695 1187 ἀνακρα-

90 1209 245 1274 θεὶς,
283 1208 349 1261 ού
389 1208 463 1280 μὴ
495 1208 729 1280 σαλευθῇ
760 1208 863 1261 ὑπὸ
888 1207 981 1262 τοῦ
1006 1207 1275 1262 διαὸόλου.

181 1384 409 1455 Ὠσπερ
459 1384 643 1456 ίατρδς
676 1385 814 1457 πρὸς
863 1386 963 1455 τὴν
1005 1386 1100 1439 τοῦ
1147 1386 1356 1448 πάθους
1400 1384 1703 1456 θεραπείαν

99 1479 332 1531 ἐπινοεῖ
359 1478 419 1529 τὸ
444 1478 756 1548 φάρμακον,
788 1477 960 1541 οὕτως
992 1479 1086 1531 καὶ
1126 1481 1159 1550 ἡ
1203 1479 1401 1547 γνῶσις
1440 1478 1532 1530 τοῦ
1564 1477 1699 1530 Θεοῦ

103 1568 539 1638 συντηρουμένη
569 1568 812 1621 διδάσκει
856 1569 945 1620 τὸν
981 1570 1277 1638 μετέχοντα
1328 1568 1517 1640 αὐτῆς,
1554 1569 1702 1633 ὅπως

104 1653 176 1712 ἂν
209 1658 581 1728 διαφυλαχθῇ,
620 1659 716 1710 καὶ
746 1660 834 1710 ἐπὶ
865 1657 1085 1727 μείζονα
1115 1658 1385 1725 προέλθοι.

1865 934 2334 1002 Quemadmodum
2364 934 2620 1003 scopulus
2649 932 2702 986 in
2735 932 2871 985 mari
2904 930 3115 1001 positus
3174 930 3364 984 tirmus

1796 1025 2261 1093 inconcussusque
2293 1032 2575 1093 permanet
2624 1023 2693 1077 ab
2752 1021 2914 1076 undis
2980 1021 3235 1086 collisus;
3290 1021 3364 1074 ita

1795 1126 1851 1172 et
1882 1116 1972 1186 qui
2002 1131 2261 1186 prospere
2295 1116 2525 1172 virtutes
2586 1115 2942 1183 compararit,
2994 1114 3238 1184 ipsisque
3296 1113 3368 1169 sit

1798 1208 2023 1263 omnino
2085 1216 2495 1276 attemperatus,
2552 1222 2829 1278 nunquam
2869 1222 2901 1262 a
2960 1206 3181 1263 diabolo
3233 1220 3368 1262 con-

1798 1300 2058 1355 cutietur.

1871 1394 2023 1448 Sicut
2048 1392 2293 1448 medicus
2361 1393 2659 1447 remedium
2736 1392 3007 1464 excogitat
3068 1391 3135 1446 ad
3190 1390 3370 1446 morbi

1799 1486 2156 1551 curationem,
2192 1485 2268 1539 ita
2318 1483 2413 1539 Dei
2451 1485 2690 1555 cognitio
2744 1485 3018 1541 custodita
3062 1483 3219 1539 docet
3243 1498 3367 1538 eum

1802 1579 1892 1648 qui
1924 1578 2198 1648 particeps
2218 1578 2365 1633 illius
2389 1585 2491 1644 est,
2516 1577 2791 1649 quomodo
2817 1592 2938 1633 sese
2963 1583 3164 1641 servet,
3195 1576 3372 1645 adque

1803 1670 2008 1739 majora
2036 1669 2333 1739 perveniat.

190 1752 415 1820 Ὢσπερ
478 1749 726 1821 χαράδρα
788 1751 986 1820 ἑαυτῆς
1037 1752 1324 1819 ἐμποεῖται
1378 1750 1477 1821 τὴν
1529 1751 1700 1805 διόδον

1874 1760 2341 1828 Quemadmodum
2390 1771 2605 1817 torrens
2652 1776 2685 1817 e
2732 1759 2992 1831 praecipiti
3046 1757 3206 1829 555
3252 1756 3372 1811 loco

109 1842 269 1895 οὕτω
299 1843 399 1895 καὶ
445 1842 688 1913 ἁμαρτία
736 1842 1137 1913 παραδεχθεῖσα
1180 1844 1581 1915 κατεργάζεται
1610 1842 1706 1897 τοῦ

1845 1868 2106 1907 ecurrens
2144 1853 2285 1906 viam
2318 1852 2423 1907 sibi
2453 1851 2666 1917 sternit,
2714 1851 2789 1905 ita
2843 1858 3120 1919 peccatum
3167 1846 3372 1901 admis—

112 1933 471 2003 κεκτημένου
502 1934 673 2004 αὐτῆς
700 1932 799 2004 τὴν
823 1933 1120 1989 ἀπώλειαν.

208 2026 301 2090 Ὠς
330 2026 431 2079 ούκ
460 2024 608 2079 ἔστιν
637 2026 717 2088 είς
753 2027 873 2080 λίνα
913 2026 1222 2097 ἐμπεσόντα
1250 2026 1448 2098 ἔλαφον
1468 2028 1709 2100 εὐχερῶς

118 2118 417 2187 ἐκφυγεῖν,
450 2119 621 2183 οὕτως
662 2120 724 2172 ού
772 2119 846 2191 μὴ
879 2120 1023 2191 φύγῃ
1083 2122 1354 2192 ἁμαρτίαν
1398 2122 1426 2174 ὁ
1462 2121 1562 2185 τὰς
1592 2123 1713 2175 ἔπι-

122 2207 334 2279 θυμίας
376 2210 636 2274 ἐκτελῶν,
674 2212 767 2264 καὶ
810 2214 866 2263 ἐν
898 2212 976 2281 τῷ
1007 2212 1193 2283 κόσμῳ
1239 2213 1414 2284 τούτῳ
1442 2215 1710 2285 ἀναστρε-

125 2302 404 2371 φόμενος·
436 2302 723 2373 ἐπιθυμίαι
752 2302 858 2375 γὰρ
889 2305 1148 2376 πονηραὶ,
1174 2306 1267 2359 καὶ
1295 2305 1501 2376 ἡδοναὶ,
1534 2306 1723 2377 σειραὶ

123 2394 406 2447 δύσλυτοα

206 2487 426 2557 Ὠσπερ
474 2487 738 2558 ἄμπελος,
792 2490 865 2560 μὴ
914 2488 1144 2542 ποιοῦσα
1192 2491 1439 2561 καρποὺς
1488 2489 1711 2555 καλοὺς,

130 2578 463 2631 ἐκκόπτεται
496 2580 581 2631 ἵνα
614 2581 689 2652 μὴ
718 2579 812 2633 τὸν
859 2580 1026 2632 τόπον
1075 2585 1346 2653 καταργῇ,
1396 2582 1569 2646 οὕτως
1618 2584 1715 2638 καλ⁸

131 2672 247 2724 ἀπὸ
299 2672 392 2724 τοῦ
446 2671 650 2742 Κυρίου
709 2672 1142 2743 ἐκριζωοήσεται
1191 2675 1297 2736 πᾶς
1346 2674 1374 2726 ὁ
1419 2673 1493 2745 μὴ
1547 2674 1714 2727 ποιῶν

134 2766 388 2835 καρποὺς
421 2765 732 2833 Πνεύματος
762 2766 939 2833 ἁγίου.

221 2854 309 2919 Ὠς
339 2857 641 2926 ἀμήχανον,
682 2856 757 2927 μὴ
787 2857 1047 2927 βλαϐῆναι
1077 2858 1361 2928 ἄνθρωπον
1381 2857 1717 2928 κρουσθέντα

138 2948 247 3001 ὑπὸ
277 2948 486 3018 βέλους,
508 2947 679 3013 οὕτως
703 2949 961 3002 ἀδύνατόν
990 2951 1126 3012 ἐστι,
1161 2950 1393 3020 μοναχὸν
1420 2949 1717 3015 καταδεξά-

142 3059 302 3111 μενον
333 3041 595 3109 λογισμὸν
622 3041 859 3111 πονηρὸν
893 3041 966 3113 μὴ
995 3042 1291 3112 τρωθῆναι.

1809 1960 1928 2000 sum
1958 1953 2207 2014 procreat
2234 1945 2459 1999 exitium
2494 1944 2658 2009 illius,
2692 1944 2785 2013 qui
2815 1943 2995 2013 ipsum
3038 1938 3302 2011 possedit.

1882 2037 1967 2092 Uti
1999 2053 2212 2101 cervus,
2252 2039 2345 2106 qui
2374 2038 2567 2092 incidit
2612 2037 2666 2091 in
2695 2037 2853 2102 retia,
2878 2035 3118 2106 effugere
3146 2048 3255 2088 non
3278 2047 3376 2103 po-

1810 2138 1934 2196 test,
1965 2130 2038 2185 ita
2060 2145 2168 2184 non
2200 2128 2387 2200 ell‘ugit
2414 2138 2699 2199 peccatum
2744 2128 2840 2197 qui
2888 2142 3018 2183 suas
3046 2125 3255 2195 perﬁcit
3280 2139 3376 2178 cu-

1811 2223 2083 2293 piditates,
2140 2222 2305 2291 inque
2337 2221 2442 2276 hoc
2490 2221 2696 2275 mundo
2728 2228 3114 2285 conversatur;
3170 2215 3379 2286 cupidi-

1813 2320 1952 2365 tates
1973 2310 2173 2379 quippe
2203 2324 2491 2379 perversae,
2518 2317 2573 2364 et
2616 2308 2939 2379 voluptates,
2978 2315 3182 2366 catenae
3227 2314 3391 2381 sunt,

1813 2418 1934 2473 qua:
1971 2400 2256 2456 diﬂiculter
2288 2401 2424 2456 solvi
2469 2410 2716 2470 possunt.

1884 2496 2036 2551 Sicut
2065 2494 2187 2549 vitis
2225 2509 2336 2549 non
2364 2493 2543 2548 ferens
2573 2492 2787 2549 fructus
2816 2492 2987 2553 bonos
3024 2487 3397 2552 “scinditur,

1815 2606 1884 2646 ne
1925 2590 2104 2645 locum
2133 2588 2337 2644 frustra
2388 2594 2640 2656 occupet,
2676 2586 2752 2643 ita
2788 2595 2842 2641 et
2867 2600 2897 2638 a
2921 2583 3152 2638 Domino
3183 2580 3383 2636 exstir-

1814 2682 2031 2754 pabitur
2072 2681 2265 2738 omnis,
2325 2678 2420 2749 qui
2477 2677 2713 2748 Spiritus
2773 2674 2949 2731 sancti
3009 2672 3218 2727 fructus
3273 2686 3381 2725 non

1817 2776 1973 2831 feret.

1889 2868 1958 2924 Ut
1986 2865 2325 2938 impossibile
2353 2873 2438 2920 est
2462 2862 2610 2934 quod
2644 2862 2811 2917 homo
2857 2876 2886 2915 a
2916 2859 3098 2931 jaculo
3138 2856 3386 2913 conﬁxus

1815 2977 1925 3021 non
1973 2961 2221 3024 laedatur,
2255 2960 2334 3014 sic
2362 2974 2469 3013 non
2496 2968 2578 3012 est
2613 2955 2877 3027 possibile
2909 2954 3259 3016 monachum,
3292 2951 3397 3022 qui,

1816 3054 2016 3110 malam
2047 3052 2284 3108 admittit
2309 3050 2715 3122 c0gitationem,
2742 3062 2851 3102 non
2880 3046 3175 3108 vulnerari.

214 3136 427 3204 Ὥσπερ
468 3136 495 3186 ὁ
523 3132 753 3200 ἐξελθὼν
783 3132 902 3187 ὀδοῦ
939 3134 1178 3198 εὐθείας,
1233 3133 1502 3195 πλανᾶται
1531 3132 1714 3188 ἐν’ἀλ-

1890 3144 2359 3213 Quemadmodum
2425 3141 2519 3212 qui
2581 3157 2611 3195 a
2658 3149 2807 3195 recta
2866 3138 2976 3193 exit
3022 3137 3109 3191 via
3160 3142 3389 3206 vagatur

141 3223 349 3293 λοδαπῇ
379 3222 554 3294 χώρᾳ,
592 3224 665 3294 μὴ
700 3223 1063 3294 ἐπιστάμενος
1097 3223 1199 3279 ποῦ
1228 3224 1541 3294 πορεύεται,
1572 3222 1715 3277 οὕτω

1842 3254 2005 3293 :rrans
2036 3237 2089 3291 in
2114 3236 2290 3291 aliena
2320 3234 2561 3305 regione,
2584 3233 2830 3288 nesciens
2863 3244 2973 3301 quo
2993 3228 3398 3299 progrediatur,

144 3315 238 3366 καὶ
270 3314 553 3385 ἄνθρωπος
587 3315 856 3369 πλανᾶται
892 3317 968 3386 μὴ
1019 3315 1293 3370 πιστεύων
1326 3316 1406 3378 είς
1434 3315 1715 3386 ὁμοούσιον

145 3406 373 3476 Τριάδα.

219 3498 429 3568 ’Ὥσπερ
484 3515 571 3561 τις
624 3498 705 3561 είς
754 3497 935 3561 πολλὰ,
976 3498 1354 3570 διαιρούμενος
1398 3498 1457 3551 ’ἐν
1494 3497 1609 3551 ἐστι
1650 3500 1718 3570 τῇ

150 3588 330 3657 φύσει,
364 3588 537 3653 οὕτως
565 3589 661 3642 καὶ
687 3591 720 3660 ή
761 3591 892 3658 ἁγία
925 3589 1114 3661 Τριὰς,
1153 3593 1200 3644 εί
1232 3592 1327 3643 καὶ
1355 3592 1466 3653 τοῖς
1492 3570 1728 3661 ὀνόμασι,

150 3682 245 3734 καὶ
287 3683 409 3743 ταῖς
439 3681 769 3737 ὑποστάσεσι
799 3681 1071 3754 διῄρηται,
1126 3684 1190 3753 τῇ
1243 3681 1401 3752 φύσει
1453 3681 1550 3753 μία
1579 3681 1716 3735 ἐστί.

152 3772 293 3825 Θεοῦ,
328 3771 490 3840 φύσιν
524 3774 584 3829 ού
622 3772 974 3839 καταλάϐοις,
1008 3772 1117 3826 οὐδ’
1153 3774 1200 3825 εί
1238 3776 1455 3845 πτεροῖς
1486 3774 1721 3845 πετόμε-

154 3880 261 3928 νος,
284 3866 311 3917 ὀ
339 3864 471 3927 Θεὸς
495 3864 879 3936 ἀκατάληπτός
908 3867 1049 3932 ὲστι,
1084 3864 1162 3918 διὸ
1192 3865 1285 3919 καὶ
1316 3865 1537 3936 κτίσαι-ης
1556 3865 1723 3935 ἡμῶν

156 3960 316 4011 ἐστιν.

227 4071 437 4141 Ὠσπερ
474 4070 535 4124 τὸ
576 4072 1120 4141 κατασκευαζόμενον
1152 4072 1344 4135 σκεῦος
1404 4071 1591 4139 ἀγνοεῖ
1628 4068 1722 4122 τοῦ

159 4159 669 4222 κατασκευάσαντος
708 4160 807 4230 τὴν
857 4160 1030 4232 ἀρχὴν
1077 4164 1171 4215 καὶ
1218 4164 1315 4232 τὴν
1360 4162 1543 4231 φύσιν.
1583 4159 1727 4213 οὕτω

160 4249 251 4302 καὶ
284 4248 569 4321 ἄνθρωπος
601 4250 663 4303 ού
697 4251 987 4322 δυνήσεται
1019 4252 1259 4325 ἐξευρεῖν
1304 4253 1439 4306 Θεοῦ
1476 4251 1637 4323 φύσιν
1691 4250 1725 4321 ἦ

161 4339 350 4409 ἀρχήν.

230 4451 432 4522 Τριάδα
461 4451 536 4523 μὴ
566 4453 954 4523 περιεργάζου,
989 4454 1126 4507 ἀλλὰ
1167 4455 1325 4525 μόνον
1360 4454 1604 4519 πίστευε,
1631 4420 1726 4509 καὶ

163 4544 471 4616 προσκύνει’
501 4548 530 4599 ὁ
558 4546 667 4617 γὰρ
698 4547 1195 4618 περιεργαζόμενος
1224 4548 1284 4602 ού
1314 4548 1583 4604 πιστεύει.

230 4746 519 4817 Κτήσασθε
549 4745 744 4813 σοφίαν
773 4746 866 4799 καὶ
901 4745 983 4823 μὴ.
1011 4743 1294 4819 ἀργύριον,
1327 4745 1588 4815 ποιήσατε
1621 4761 1732 4813 φω-

165 4836 333 4892 τεινὸν
358 4837 567 4907 ἔνδυμα
610 4835 849 4908 Χριστοῦ
880 4835 974 4890 τοῦ
1006 4836 1215 4906 Κυρίου
1244 4836 1423 4906 ἡμῶν,
1457 4837 1597 4905 ὑπὲρ
1628 4836 1729 4887 πᾶ-

171 4949 266 4986 σαν
294 4930 484 5003 στολὴν
527 4930 808 5000 βυσσίνην,
842 4929 925 4983 ὅτι
965 4928 1065 4983 ούκ
1107 4928 1379 5001 ὠφελήσει
1415 4930 1731 5000 ὑπάρχοντα

170 5028 226 5079 ἑν
249 5024 431 5095 ἡμέρα
465 5022 719 5077 θανάτου.

237 5140 443 5209 Ὥσπερ
473 5137 585 5211 πῦρ
626 5136 1014 5191 καταναλίσκει
1044 5136 1268 5207 δρυμὸν,
1309 5134 1450 5188 οὕτω
1492 5152 1731 5190 κατανα-

171 5230 462 5299 λωθὴσεται
490 5229 599 5292 πᾶς
640 5226 965 5299 ἁμαρτωλὸς
995 5226 1100 5280 ὑπὸ
1144 5226 1238 5287 τοῦ
1285 5226 1500 5279 αἰωνίου
1533 5226 1726 5298 πυρὸς,

173 5325 262 5378 καὶ
282 5324 338 5377 ού
372 5321 593 5376 δύναται
616 5320 957 5393 τελευτῆσαι·
992 5318 1238 5374 ἀθάνατα
1267 5319 1375 5390 γάρ
1402 5318 1735 5391 βασανισθή-

177 5430 338 5467 σεται.

244 5527 402 5581 Ούδὲν
435 5526 595 5599 μέγα,
623 5527 671 5579 εί
698 5525 958 5609 γινόμεθα
984 5524 1201 5588 δίκαιοι,
1220 5524 1248 5577 ὃ
1270 5523 1378 5595 γὰρ
1404 5522 1625 5593 ἐκτίσθη
1636 5539 1736 5594 μεν

181 5618 276 5672 ὑπὸ
318 5615 415 5671 τοῦ
461 5616 596 5670 Θεοῦ
648 5616 882 5688 πρῶτον,
920 5616 1075 5671 καλοὶ
1126 5616 1269 5682 λίαν,
1319 5613 1476 5667 τοῦτο
1514 5613 1739 5684 γενησόε

187 5708 309 5777 μεθα

1818 3332 1891 3387 ita
1922 3339 1977 3386 et
1998 3330 2162 3384 homo
2195 3328 2430 3393 aberrat,
2464 3326 2559 3397 qtti
2584 3340 2692 3380 non
2740 3322 2914 3380 credit
2966 3321 3023 3376 in
3067 3318 3387 3375 Trinitatem

1818 3421 2358 3480 consubstantialem.

1893 3514 2048 3569 Sicut
2079 3513 2297 3583 aliquis,
2327 3512 2381 3566 in
2409 3511 2562 3581 plura
2592 3509 2821 3573 divisus,
2849 3517 2934 3565 est
2974 3524 3143 3565 unum
3172 3519 3388 3569 natura,

1822 3613 1900 3668 sic
1923 3620 1978 3667 et
2005 3619 2192 3667 sancta
2234 3607 2493 3674 Trinitas,
2524 3606 2627 3663 etsi
2657 3589 3023 3677 distinguatur
3070 3596 3393 3660 nominibus

1824 3715 1877 3761 et
1924 3702 2313 3765 subsistentiis,
2350 3716 2457 3755 una
2502 3708 2586 3755 est
2612 3708 2826 3755 natura.
2859 3698 2953 3755 Dei
2998 3706 3250 3753 naturam
3283 3696 3390 3749 mi-

1825 3795 1972 3849 nime
2020 3791 2471 3862 comprehendes,
2522 3805 2702 3860 neque
2731 3790 2779 3844 si
2820 3804 2945 3845 cum
3016 3788 3120 3843 alis
3178 3786 3403 3849 velites.“

1826 3886 1971 3942 Deus
2004 3883 2570 3953 incomprehensibilis
2618 3892 2722 3947 cst,
2791 3882 3020 3953 ideoque
3076 3888 3261 3939 noster
3311 3886 3405 3935 est

1826 3978 2095 4033 conditor.

1900 4089 1972 4146 Ut
2003 4107 2097 4146 vas
2143 4091 2376 4146 eliictum
2434 4089 2651 4159 ignorat
2700 4087 3053 4158 principium,
3100 4094 3264 4157 atque
3299 4100 3400 4147 nag-

1834 4193 2010 4237 turam
2044 4184 2211 4255 ﬁguli,
2239 4184 2317 4238 sic
2342 4192 2395 4237 et
2426 4182 2610 4247 homo,
2665 4179 2767 4235 Dei
2811 4188 3084 4245 naturam,
3136 4188 3193 4240 et
3244 4178 3402 4248 prin-

1830 4277 2029 4347 cipium
2062 4291 2407 4348 nequaquam
2436 4274 2636 4346 poterit
2675 4272 3011 4328 adinvenire.

1902 4454 2223 4509 Trinitatem
2281 4467 2350 4507 ne
2391 4450 2665 4508 curiosius
2710 4448 2989 4520 exquiras,
3049 4447 3142 4503 sed
3192 4456 3413 4503 tantum.

1832 4548 2012 4613 crede,
2036 4556 2199 4618 atque
2239 4546 2429 4613 adora,
2460 4560 2587 4603 nam
2617 4543 2835 4601 curiose
2889 4550 3262 4613 perscrutans,
3293 4554 3407 4594 non

1831 4640 2021 4695 credit.

1898 4752 2177 4822 Acquirite
2223 4750 2569 4821 sapientiam,
2601 4759 2657 4807 et
2705 4764 2820 4806 non
2874 4754 3180 4817 argentum,
3242 4740 3405 4796 facite

1834 4842 2075 4896 lucidum
2128 4841 2505 4896 indumentum
2556 4839 2763 4895 Christi
2791 4838 3006 4893 Domini
3035 4834 3206 4891 nostri
3245 4832 3411 4904 556

1835 4933 2121 5003 plusquam
2152 4948 2370 4992 omnem
2419 4940 2624 4987 vestem
2652 4930 2949 4997 byssinam,
3010 4928 3137 5000 quia
3169 4941 3300 4997 Opes
3349 4925 3407 4979 in

1836 5024 1926 5079 die
1971 5023 2163 5078 mortis
2193 5024 2397 5077 nullius
2430 5030 2592 5077 erunt
2626 5020 2951 5092 juvamenti.

1907 5136 2376 5204 Quemadmodum
2424 5136 2564 5208 ignis
2601 5135 2875 5191 consumit
2921 5133 3283 5197 senticetum,
3333 5130 3405 5185 ita

1838 5232 2019 5286 omnis
2046 5239 2300 5300 peccator
2347 5229 2416 5284 ab
2467 5237 2670 5284 aeterno
2705 5236 3060 5282 consumetur
3116 5226 3258 5296 igne,
3310 5239 3412 5279 nec

1841 5329 2020 5391 potest
2050 5318 2210 5385 mori,
2278 5332 2403 5373 nam
2437 5316 2819 5372 immortaliter
2851 5315 3213 5385 torquebitur.

1908 5511 2052 5567 Nihil
2082 5526 2361 5580 magnum,
2417 5510 2461 5565 si
2492 5510 2626 5581 justi
2662 5510 2949 5576 fuerimus,
3006 5507 3149 5580 quod
3192 5509 3335 5563 enim
3381 5524 3409 5561 a

1844 5609 1958 5663 Deo
2007 5606 2241 5676 primum
2282 5606 2485 5662 conditi
2520 5620 2732 5673 sumus,
2770 5604 3050 5670 nimirum,
3084 5601 3213 5658 boni
3257 5600 3420 5656 valde

1846 5702 1901 5760 id
1948 5698 2261 5757 evademus.
