3808 6226
407 268 545 332 1239

402 478 602 526 servat.
1212 524 1215 525 ,

472 559 661 614 Omnis
720 560 986 629 sapientia
1035 567 1119 613 est
1176 558 1367 612 timere
1418 558 1705 617 Dominum
1746 560 1969 616 :omnis

403 666 531 707 vero
558 651 867 721 disciplina,
895 667 1016 722 quae
1041 651 1211 721 legem
1244 649 1459 705 Domini
1487 666 1594 706 non
1626 652 1803 718 docet,
1831 652 1970 708 stul-

405 742 521 796 tilia
556 750 640 797 est
673 750 729 796 et
777 741 1106 811 insipientia.

474 833 633 891 Fides
663 844 717 888 et
758 834 1060 905 baptismus
1115 851 1222 889 non
1255 842 1449 889 eruent
1486 833 1555 889 ab
1586 842 1794 889 aeterno
1843 834 1969 905 igne

400 924 606 993 abSquc
652 924 907 992 operibus
931 924 1176 995 iustitiae.
1210 924 1265 980 Si
1298 927 1439 980 enim
1478 926 1725 995 ejusdem
1769 942 1830 982 es
1874 944 1968 984 or-

399 1016 541 1071 dinis
563 1024 616 1071 et
646 1016 837 1071 classis
871 1032 994 1070 cum
1021 1016 1259 1078 Christo.
1285 1018 1536 1071 mandata
1564 1018 1682 1087 ejus
1712 1018 1962 1086 observa,

399 1116 454 1161 et
480 1107 527 1163 si
555 1108 731 1163 credis
780 1107 990 1172 futura,
1032 1118 1290 1163 aeternam
1345 1124 1547 1164 conare
1575 1111 1797 1179 assequi
1848 1111 1966 1180 glo-

399 1200 557 1265 riam,
588 1198 1009 1270 ﬂammeumque
1071 1200 1313 1271 gladium
1368 1202 1538 1268 time;
1585 1202 1631 1257 si
1672 1217 1800 1258 vero
1857 1217 1966 1258 non

399 1301 546 1347 recte
593 1293 835 1355 custodis
884 1303 1150 1365 praecepta
1203 1293 1317 1362 Dei,
1359 1309 1428 1349 ne
1466 1294 1698 1365 teipsum
1757 1294 1966 1351 iideiem

395 1383 566 1438 dicas.

462 1473 653 1531 Omnis
682 1485 928 1531 creatura
967 1476 1148 1533 obedit
1182 1475 1277 1532 Dei
1308 1486 1598 1547 praecepto.
1648 1476 1823 1533 Homo
1872 1493 1967 1534 so-

395 1566 481 1622 lus
555 1582 664 1623 non
738 1569 1076 1640 obtemperat
1124 1570 1195 1637 ei,
1238 1585 1334 1640 per
1395 1586 1557 1641 quem
1628 1568 1769 1625 facta
1839 1579 1969 1627 sunt

395 1674 599 1714 omnia.

1871 276 1931 334 S.
1986 274 2150 335 NILI

472 378 575 442 Qui
633 387 823 448 praeter
888 387 1136 433 naturam
1195 378 1344 445 vivit,
1400 378 1494 433 Dei
1544 378 1797 433 mandata
1858 394 1967 433 non
1998 387 2043 443 Α

3514 274 3662 338 Ῑὲω

2154 382 2214 434 'O
2243 380 2395 451 παρὰ
2428 379 2590 450 φύσιν
2618 380 2771 451 βιῶν,
2799 380 2863 435 ού
2888 383 3046 452 τηρεῖ
3076 381 3291 446 ἐντολὰς
3318 383 3480 437 Θεοῦ.

2141 559 2297 612 Πᾶσα
2325 558 2487 628 σοφία
2514 557 2795 627 φοδείσθαι
2820 558 2914 611 τὸν
2941 557 3167 629 Κύριον,
3216 560 3364 613 πᾶσα
3411 560 3475 612 δὲ
3520 579 3658 615 παι-

2067 651 2237 723 δείαή
2269 650 2344 723 μὴ
2373 651 2696 706 διδάσκουσα
2716 652 2878 721 νόμον
2900 651 3128 722 Κυρίου,
3159 652 3341 723 μωρία
3389 653 3522 705 ἐστὶ
3556 659 3656 709 καὶ

2068 746 2368 818 ἀφροσύνη.

2139 839 2212 891 Ού
2270 838 2493 911 ῥύσεται
2554 836 2737 899 πίστις
2797 836 2892 889 καὶ
2942 835 3224 907 βάπτισμα
3267 835 3363 889 τοῦ
3418 839 3653 889 αἰωνίου

2067 930 2262 1000 πυρὸς,
2294 928 2461 1000 χωρὶς
2494 927 2672 996 ἔργων
2700 925 3065 996 δικαιοσύνης.
3100 926 3163 979 Ei
3206 924 3315 997 γὰρ
3364 927 3656 992 συνετάξω

2066 1019 2143 1091 τῷ
2192 1019 2435 1091 Χριστῷ,
2484 1020 2643 1088 τήρει
2690 1017 2788 1081 τὰς
2818 1016 3039 1081 ἐντολὰς
3090 1016 3275 1083 αὑτοῦ,
3312 1018 3405 1070 καὶ
3461 1020 3515 1069 εἰ
3562 1034 3657 1069 πι-

2068 1110 2279 1174 στεύεις
2328 1110 2399 1163 τὰ
2446 1109 2728 1180 μέλλοντα,
2761 1106 3040 1161 άντιποιοῦ
3075 1111 3176 1178 τῆς
3224 1108 3381 1178 δόξης
3424 1108 3540 1177 τῆς
3575 1110 3657 1161 αἱ-

2065 1203 2247 1269 ωνίου,
2278 1202 2375 1255 καὶ
2418 1199 2685 1271 φοϐήθητι
2725 1198 2823 1271 τὴν
2870 1199 3128 1270 φλογίνην
3170 1199 3476 1270 ῥομφαίαν·
3513 1200 3565 1251 εί
3593 1199 3655 1251 δὲ

2064 1295 2125 1349 οὐ
2172 1292 2457 1365 κατορθοῖς
2503 1291 2574 1346 τὰ
2614 1290 3014 1363 προστάγματα
3043 1290 3139 1345 τοῦ
3188 1290 3346 1357 Θεοῦ,
3394 1291 3479 1363 μὴ
3523 1291 3653 1359 λέγε

2065 1387 2256 1441 πιστὸν
2285 1384 2529 1441 σεαυτὸν.

2137 1482 2296 1534 Πᾶσα
2323 1481 2356 1548 ἡ
2384 1478 2563 1543 κτίσις
2601 1475 2679 1548 τῷ
2709 1476 3089 1549 προστάγματι
3118 1474 3211 1529 τοῦ
3245 1474 3379 1528 Θεοῦ
3405 1474 3654 1544 πειθαρ-

2064 1575 2171 1646 χεῖ,
2216 1573 2244 1625 ὁ
2272 1572 2332 1627 δὲ
2358 1570 2643 1642 ἄνθρωπος
2673 1568 2832 1640 μόνος
2874 1568 3108 1633 ἀπειθεῖ,
3151 1568 3220 1622 δι’
3247 1568 3305 1621 δν
3342 1568 3548 1636 γέγονε
3584 1568 3654 1620 τὰ

2066 1665 2265 1720 πάντα.

464 1749 609 1806 Nihil
658 1752 1021 1823 praebebimus
1068 1752 1199 1817 Deo,
1265 1754 1312 1809 si
1359 1753 1726 1823 nosmetipsos
1781 1761 1964 1809 castos

2136 1757 2305 1811 Οὐδὲν
2366 1754 2678 1827 παρέξομεν
2730 1752 2850 1825 Θεῷ
2914 1754 2963 1806 εί
3029 1752 3342 1822 τηρήσομεν
3408 1750 3654 1811 tautae;

394 1847 786 1914 custodiamus,
816 1850 909 1904 sed
939 1848 1344 1920 nobismetipsis
1359 1849 1775 1905 conciliabimus
1798 1850 1964 1905 vitam

394 1946 830 2007 aeternorumque
859 1938 1126 1993 bonorum
1166 1937 1494 1993 ineﬂabilem
1534 1937 1875 1993 fruitionem.

465 2027 543 2085 Ne
576 2030 749 2097 dicas,
784 2031 928 2101 quod
973 2045 1081 2085 non
1136 2046 1356 2101 possum
1398 2030 1672 2086 custodire
1715 2030 1962 2085 divinum

399 2123 734 2185 mandatum,
770 2131 865 2177 aut
896 2133 1117 2193 propter
1161 2134 1393 2193 patrem,
1451 2132 1542 2177 aut
1582 2130 1801 2193 propter
1848 2138 1965 2176 ma-

397 2224 559 2281 trem,
601 2224 695 2269 aut
722 2225 941 2285 propter
988 2230 1234 2282 uxorem,
1289 2224 1383 2270 aut
1411 2224 1629 2286 propter
1653 2215 1814 2277 tilios,
1869 2224 1966 2268 aut

399 2316 617 2379 propter
660 2307 825 2363 alium
875 2308 1210 2378 quempiam,
1270 2323 1371 2363 nec
1402 2307 1545 2362 enim
1579 2315 1629 2361 te
1657 2306 1967 2361 liberabunt

396 2402 474 2456 illi
536 2401 605 2455 ab
662 2400 977 2455 imminente
1027 2400 1131 2464 ira,
1179 2409 1234 2454 et
1280 2414 1311 2453 a
1358 2414 1636 2469 nunquam
1699 2398 1966 2452 moriente

397 2508 600 2548 verme.
629 2491 822 2548 Omnis
872 2500 1078 2557 autem,
1131 2491 1226 2562 qui
1256 2490 1352 2545 tibi
1385 2491 1703 2546 adversatur
1730 2505 1798 2543 ne
1849 2490 1965 2544 vir-

398 2594 540 2641 tutes
577 2584 851 2655 Deumque
884 2585 1154 2655 acquiras,
1216 2584 1286 2638 sit
1342 2582 1436 2638 tibi
1494 2581 1858 2637 exsecrandus
1913 2590 1969 2635 et

396 2678 654 2744 odiosus;
695 2685 750 2733 et
780 2692 904 2732 cum
949 2678 1056 2733 isto
1104 2674 1391 2745 nequidcm
1421 2673 1705 2730 comedere
1733 2673 1963 2729 bonum-

393 2784 499 2826 εει.

2068 1852 2285 1920 ἁγνοὺς,
2319 1849 2433 1904 ἀλλ’
2478 1850 2688 1913 ἑαυτοῖς
2717 1848 2861 1919 ζωὴν
2892 1845 3316 1918 προξενήσομεν,
3362 1844 3460 1897 καὶ
3511 1842 3655 1896 ἀπύ-

2066 1944 2254 1997 λαυσιν
2281 1941 2645 2011 άνεκλάλητον
2668 1940 2774 1992 τῶν
2804 1938 3038 1992 αἰωνίων
3065 1935 3305 2005 ἀγαθῶν.

2137 2035 2226 2105 Μὴ
2254 2033 2434 2107 εἴπῃς,
2464 2033 2547 2085 ὅτι
2574 2031 2647 2084 Ού
2672 2029 2906 2100 δύναμαι
2942 2029 3177 2099 τηρῆσαι
3206 2026 3239 2097 ἢ
3268 2024 3356 2077 διὰ
3396 2022 3651 2096 πατέρα,

2066 2127 2221 2199 ἢδιὰ
2271 2125 2501 2196 μητέρα,
2536 2123 2571 2195 ἢ
2618 2123 2705 2177 διὰ
2752 2124 3003 2191 γυναῖκα,
3055 2119 3087 2190 ἢ
3138 2117 3226 2171 διά
3265 2115 3451 2176 τέκνα,
3492 2114 3531 2175 ἦ
3583 2114 3655 2166 δι’

2065 2219 2250 2287 ἕτερόν
2282 2234 2428 2283 τινα,
2456 2215 2554 2286 τὴν
2592 2215 2687 2268 τοῦ
2722 2212 2856 2267 Θεοῦ
2901 2210 3140 2281 ἐντολὴν,
3177 2209 3238 2264 ού
3287 2207 3392 2277 γὰρ
3434 2205 3657 2258 ἐκεῖνοί

2068 2329 2126 2364 σε
2158 2310 2411 2381 ρύςονται
2462 2308 2563 2377 τῆς
2606 2306 2961 2375 ἐπικειμένης
3007 2302 3198 2373 ὀργῆς,
3232 2302 3325 2354 καὶ
3364 2298 3458 2353 τοῦ
3512 2300 3654 2352 ἀτε-

2065 2406 2326 2475 λευτήτου
2356 2401 2657 2471 σκώληκος.
2689 2399 2869 2453 Ἔστω
2899 2398 2957 2452 δέ
2984 2413 3066 2449 σοι
3095 2397 3202 2457 πᾶς
3234 2395 3263 2447 ὁ
3284 2391 3651 2461 ἐναντιούμε-

2068 2514 2157 2559 νος
2195 2495 2329 2566 πρὸς
2361 2491 2695 2565 κατόρθωσιν
2741 2488 2901 2554 Θεοῦ,
2949 2489 3042 2543 καὶ
3069 2485 3300 2559 ἀρετῶν,
3350 2483 3653 2556 βδελυκτδς

2070 2589 2163 2641 καὶ
2201 2587 2447 2658 μισητὸς,
2476 2585 2553 2657 τῷ
2590 2584 2816 2655 τοιούτῳ
2845 2581 2980 2654 μηδὲ
3014 2579 3317 2634 συνεσθίειν
3340 2575 3533 2631 καλῶς.

1562 2974 3564 3009 __________________________..__

1406 3135 1544 3192 ΤΟΥ
1576 3136 1810 3192 ΑΥΤΟΥ
1857 3133 2062 3189 ΟΣΙΟΥ
2103 3131 2379 3188 ΠΑΤΡΟΣ
2428 3130 2626 3185 ΗΜΩΝ

1731 3292 2308 3415 NEIAOY

746 3513 987 3586 Γνῶμαι
1015 3513 1359 3588 ἀπάγουσαι
1387 3515 1506 3569 τῶν
1530 3512 1807 3584 φθαρτῶν
1832 3512 1931 3568 καί
1962 3511 2271 3568 κολλῶσαι
2298 3513 2424 3581 τοῖς
2460 3511 2785 3583 ἁφθάρτοις
2808 3508 2919 3566 τὸν
2946 3508 3294 3580 ἄνθρωπον.

1451 3841 1761 3902 EIUSDEM
1792 3844 2036 3901 SANCTI
2066 3842 2319 3903 PATRIS
2348 3842 2601 3901 NOSTRI

1899 4041 2153 4130 NILI

640 4231 978 4295 Sententiae
1004 4230 1391 4296 abducentes
1411 4231 1736 4298 hominem
1753 4250 1790 4297 a
1816 4234 2355 4315 corruptibilibus,
2389 4240 2451 4297 et
2479 4235 3062 4317 incorruptibilibus
3088 4240 3405 4299 umentes.

476 4567 635 4639 557
675 4571 726 4625 l.
763 4569 862 4627 Via
913 4575 978 4629 ad
1015 4575 1265 4633 virtutem
1322 4580 1466 4636 bona
1524 4590 1577 4636 et
1629 4581 1832 4645 brevis,
1890 4590 1967 4638 est

2143 4588 2213 4637 α’.
2263 4579 2412 4643 Ὁδὸς
2440 4581 2520 4644 εἰς
2546 4579 2768 4653 ἀρετὴν,
2799 4582 2835 4653 ἡ
2859 4579 2952 4634 τοῦ
2982 4578 3101 4651 βίου
3134 4578 3305 4653 φυγὴ,
3355 4577 3544 4649 ἀγαθή
3596 4596 3653 4632 τι

407 4662 592 4715 saeculi
624 4660 771 4733 fuga.

475 4755 529 4808 9..
568 4754 811 4825 Oportet,
844 4768 902 4813 ut
927 4759 1020 4829 qui
1042 4760 1376 4831 concupiscit
1399 4762 1852 4834 iucorruptibilia,
1876 4781 1975 4837 pro

407 4846 578 4900 nihilo
607 4847 769 4901 ducat
796 4851 1187 4918 corrttptibilia.

475 4937 530 4992 5.
575 4937 633 4991 Si
663 4954 843 4993 veram
880 4940 1157 4997 desideras
1192 4945 1381 5012 vitam,
1414 4945 1707 5001 humanam
1742 4956 1974 5002 mortem

406 5046 621 5102 semper
643 5044 916 5104 exspecta.

475 5123 529 5179 4.
565 5123 887 5179 Praesentem
919 5127 1088 5182 vitam
1127 5129 1258 5184 odio
1305 5131 1528 5197 habeas,
1576 5135 1728 5190 vides
1773 5136 1973 5207 quippe

407 5209 579 5280 ipsius
606 5218 773 5266 totam
798 5214 1006 5285 absque
1032 5216 1224 5271 ordine
1255 5219 1529 5274 convolvi.

474 5304 528 5357 5.
581 5303 659 5359 Ne
687 5306 962 5362 desideres
987 5308 1150 5375 bona,
1202 5324 1434 5380 quorum
1467 5328 1599 5369 usus
1630 5316 1889 5384 praeterit,
1922 5326 1975 5371 et

406 5394 684 5461 possessio
708 5397 935 5465 deperit.

481 5484 534 5539 6.
584 5486 776 5542 Rideto
808 5504 904 5544 eos
932 5490 1132 5559 quibus
1160 5506 1248 5545 res
1286 5508 1544 5564 prospere
1571 5497 1890 5564 succedunt,
1921 5506 1975 5553 et

410 5573 697 5633 infeliciter
739 5580 1058 5649 degentibus
1095 5596 1441 5654 compatere:
1484 5586 1587 5642 hoc
1637 5590 1781 5645 enim
1836 5607 1977 5647 tuer-

407 5666 615 5732 cedem,
641 5667 772 5725 illud
808 5686 935 5727 vero
961 5672 1282 5743 sapientiam
1308 5687 1608 5748 comparat.

2077 4675 2172 4728 καὶ
2208 4673 2489 4744 σύντομος.

2149 4767 2215 4836 β’.
2264 4766 2385 4837 Χρὴ
2433 4766 2524 4819 τὸν
2574 4764 2946 4837 ἐπιθυμοῦντα
3000 4764 3112 4820 τῶν
3162 4764 3484 4836 ἀφθάρτων,
3540 4764 3654 4821 ἀντ’

2076 4854 2289 4917 οὐδενὸς
2316 4855 2568 4925 ἡγεῖσθαι
2597 4854 2666 4906 τὰ
2694 4852 3047 4924 φθειρόμενα.

2146 4954 2215 5016 γ’.
2255 4948 2317 4999 Εἰ
2346 4948 2444 5017 τὴν
2470 4946 2615 5017 ζωὴν
2641 4947 2741 5017 τὴν
2786 4945 2955 5008 δντως
2985 4944 3190 5009 ποθεῖς,
3220 4942 3311 4996 ἀεὶ
3353 4944 3655 5014 προσδέχου

2074 5041 2166 5094 τὸν
2196 5039 2536 5111 ἀνθρώπινον
2566 5040 2814 5093 θάνατον.

2146 5132 2208 5187 δ’.
2248 5134 2411 5187 Μίσει
2446 5133 2537 5186 τὸν
2573 5133 2816 5202 παρόντα
2850 5130 2985 5195 βίον,
3027 5131 3159 5202 ὁρᾷς
3208 5128 3318 5201 γὰρ
3362 5130 3534 5184 αὐτοῦ
3567 5131 3653 5185 τὸν

2077 5226 2267 5297 τροχὸν
2293 5226 2545 5289 ἀτάκτως
2578 5224 2916 5294 κινούμενον.

2151 5314 2211 5369 ε’.
2254 5317 2344 5384 Μὴ
2378 5316 2624 5388 ποθήσῃς
2653 5316 2854 5383 ἀγαθά,
2883 5310 3015 5388 ὧνή
3056 5319 3251 5388 χρῆσις
3296 5314 3655 5385 παρέρχεται.

2082 5408 2177 5461 καὶ
2206 5407 2238 5475 ἡ
2266 5405 2458 5475 κτῆσις
2488 5405 2808 5461 ἀπόλλυται.

2156 5505 2229 5562 ς’.
2268 5497 2411 5551 Γέλα
2459 5497 2585 5560 τοὺς
2632 5498 3063 5571 εύπραγοῦντας,
3108 5503 3222 5563 τοῖς
3273 5495 3654 5567 δυσπραγοῦσι

2085 5591 2406 5660 σύμπασχε’
2443 5589 2602 5644 τοῦτο
2646 5592 2748 5662 μὲν
2790 5593 2897 5664 γάρ
2934 5593 3146 5664 μισθοῦ,
3190 5595 3366 5646 ἐκεῖνο
3394 5591 3451 5645 δὲ
3499 5590 3655 5661 φιλυ-

2084 5681 2273 5751 σοφίας
2305 5681 2585 5753 πρόξενον.
