  <div class='ocr_page' id='page_1' title='image "/cluster/home/n/w/nwhite01/storage/ocr_20150623/79/nnc1.0038021404/710.png"; bbox 0 0 3808 6226; ppageno 0'>
   <div class='ocr_carea' id='block_1_1' title="bbox 157 313 294 378">
    <p class='ocr_par' dir='ltr' id='par_1_1' title="bbox 157 313 294 378">
     <span class='ocr_line' id='line_1_1' title="bbox 157 313 294 378; baseline -0.029 0"><span class='ocrx_word' id='word_1_1' title='bbox 157 313 294 378; x_wconf 64' lang='grc'><strong>1241</strong></span> 
     </span>
    </p>
   </div>
   <div class='ocr_carea' id='block_1_2' title="bbox 1550 305 2015 369">
    <p class='ocr_par' dir='ltr' id='par_1_2' title="bbox 1550 305 2015 369">
     <span class='ocr_line' id='line_1_2' title="bbox 1550 305 2015 369; baseline -0.011 0"><span class='ocrx_word' id='word_1_2' title='bbox 1550 305 2015 369; x_wconf 70' lang='lat' dir='ltr'><strong>SENTENTI/E.</strong></span> 
     </span>
    </p>
   </div>
   <div class='ocr_carea' id='block_1_3' title="bbox 3271 298 3408 360">
    <p class='ocr_par' dir='ltr' id='par_1_3' title="bbox 3271 298 3408 360">
     <span class='ocr_line' id='line_1_3' title="bbox 3271 298 3408 360; baseline 0.007 -2"><span class='ocrx_word' id='word_1_3' title='bbox 3271 298 3408 360; x_wconf 68' lang='lat'><strong>1242</strong></span> 
     </span>
    </p>
   </div>
   <div class='ocr_carea' id='block_1_4' title="bbox 220 412 1736 499">
    <p class='ocr_par' dir='ltr' id='par_1_4' title="bbox 220 425 1732 499">
     <span class='ocr_line' id='line_1_4' title="bbox 220 425 1732 499; baseline -0.004 -15"><span class='ocrx_word' id='word_1_4' title='bbox 220 431 289 497; x_wconf 79' lang='grc' dir='ltr'><strong>ζ’.</strong></span> <span class='ocrx_word' id='word_1_5' title='bbox 330 430 444 495; x_wconf 77' lang='grc' dir='ltr'>Τὴν</span> <span class='ocrx_word' id='word_1_6' title='bbox 494 426 776 499; x_wconf 82' lang='grc' dir='ltr'>ὑπομονὴν</span> <span class='ocrx_word' id='word_1_7' title='bbox 834 425 1039 491; x_wconf 76' lang='grc' dir='ltr'>ἀσκοῦ,</span> <span class='ocrx_word' id='word_1_8' title='bbox 1099 428 1215 481; x_wconf 84' lang='grc' dir='ltr'>οἵαν</span> <span class='ocrx_word' id='word_1_9' title='bbox 1266 428 1435 497; x_wconf 81' lang='grc' dir='ltr'>αὐτὴν</span> <span class='ocrx_word' id='word_1_10' title='bbox 1487 425 1732 497; x_wconf 76' lang='grc' dir='ltr'><strong>ἔγνωμεν</strong></span> 
     </span>
    </p>
   </div>
   <div class='ocr_carea' id='block_1_5' title="bbox 1881 412 3408 499">
    <p class='ocr_par' dir='ltr' id='par_1_5' title="bbox 1906 412 3408 488">
     <span class='ocr_line' id='line_1_5' title="bbox 1906 412 3408 488; baseline -0.007 -17"><span class='ocrx_word' id='word_1_11' title='bbox 1906 417 1957 474; x_wconf 95' lang='grc'>7.</span> <span class='ocrx_word' id='word_1_12' title='bbox 2015 418 2219 472; x_wconf 80' lang='lat' dir='ltr'><strong>Exerce</strong></span> <span class='ocrx_word' id='word_1_13' title='bbox 2246 415 2585 488; x_wconf 86' lang='lat' dir='ltr'><strong>patientiam,</strong></span> <span class='ocrx_word' id='word_1_14' title='bbox 2618 428 2763 474; x_wconf 87' lang='lat' dir='ltr'><strong>eam.</strong></span> <span class='ocrx_word' id='word_1_15' title='bbox 2786 427 2946 481; x_wconf 90' lang='lat' dir='ltr'><strong>quam</strong></span> <span class='ocrx_word' id='word_1_16' title='bbox 2982 412 3231 465; x_wconf 76' lang='lat' dir='ltr'><strong>novimus</strong></span> <span class='ocrx_word' id='word_1_17' title='bbox 3251 426 3408 465; x_wconf 80' lang='lat' dir='ltr'><strong>exer-</strong></span> 
     </span>
    </p>
   </div>
   <div class='ocr_carea' id='block_1_6' title="bbox 150 517 1729 591">
    <p class='ocr_par' dir='ltr' id='par_1_6' title="bbox 150 517 1729 591">
     <span class='ocr_line' id='line_1_6' title="bbox 150 517 1729 591; baseline -0.003 -18"><span class='ocrx_word' id='word_1_18' title='bbox 150 519 537 591; x_wconf 80' lang='grc' dir='ltr'>γυμνασθῆναι</span> <span class='ocrx_word' id='word_1_19' title='bbox 578 519 705 581; x_wconf 78' lang='grc' dir='ltr'>τοὺς</span> <span class='ocrx_word' id='word_1_20' title='bbox 760 518 1069 589; x_wconf 86' lang='grc' dir='ltr'>μάρτυρας,</span> <span class='ocrx_word' id='word_1_21' title='bbox 1118 517 1305 586; x_wconf 79' lang='grc' dir='ltr'>ἐπειδὴ</span> <span class='ocrx_word' id='word_1_22' title='bbox 1339 518 1399 570; x_wconf 85' lang='grc' dir='ltr'><strong>τὸ</strong></span> <span class='ocrx_word' id='word_1_23' title='bbox 1421 518 1521 588; x_wconf 84' lang='grc' dir='ltr'>τῆς</span> <span class='ocrx_word' id='word_1_24' title='bbox 1551 535 1729 570; x_wconf 87' lang='grc' dir='ltr'>συνει-</span> 
     </span>
    </p>
   </div>
   <div class='ocr_carea' id='block_1_7' title="bbox 150 605 1506 679">
    <p class='ocr_par' dir='ltr' id='par_1_7' title="bbox 150 605 1506 679">
     <span class='ocr_line' id='line_1_7' title="bbox 150 605 1506 679; baseline -0.001 -17"><span class='ocrx_word' id='word_1_25' title='bbox 150 611 365 679; x_wconf 77' lang='grc' dir='ltr'>δήσεως</span> <span class='ocrx_word' id='word_1_26' title='bbox 395 605 697 679; x_wconf 85' lang='grc' dir='ltr'>μαρτύριον</span> <span class='ocrx_word' id='word_1_27' title='bbox 745 607 839 659; x_wconf 73' lang='grc' dir='ltr'>καὶ</span> <span class='ocrx_word' id='word_1_28' title='bbox 883 608 1045 677; x_wconf 78' lang='grc' dir='ltr'>ἡμεῖς</span> <span class='ocrx_word' id='word_1_29' title='bbox 1108 606 1506 676; x_wconf 79' lang='grc' dir='ltr'>ἀπαιτούμεθα.</span> 
     </span>
    </p>
   </div>
   <div class='ocr_carea' id='block_1_8' title="bbox 222 698 1732 775">
    <p class='ocr_par' dir='ltr' id='par_1_8' title="bbox 222 698 1732 775">
     <span class='ocr_line' id='line_1_8' title="bbox 222 698 1732 775; baseline -0.003 -19"><span class='ocrx_word' id='word_1_30' title='bbox 222 710 297 775; x_wconf 83' lang='grc' dir='ltr'>η’.</span> <span class='ocrx_word' id='word_1_31' title='bbox 336 703 565 756; x_wconf 82' lang='grc' dir='ltr'><strong>Πάντων</strong></span> <span class='ocrx_word' id='word_1_32' title='bbox 607 701 853 772; x_wconf 88' lang='grc' dir='ltr'>προτίμα</span> <span class='ocrx_word' id='word_1_33' title='bbox 886 701 985 769; x_wconf 85' lang='grc' dir='ltr'>τὴν</span> <span class='ocrx_word' id='word_1_34' title='bbox 1027 699 1225 769; x_wconf 73' lang='grc' dir='ltr'>ψυχὴν,</span> <span class='ocrx_word' id='word_1_35' title='bbox 1262 698 1484 765; x_wconf 78' lang='grc' dir='ltr'>καὶτῆς</span> <span class='ocrx_word' id='word_1_36' title='bbox 1531 698 1732 769; x_wconf 81' lang='grc' dir='ltr'>ἀρετῆς</span> 
     </span>
    </p>
   </div>
   <div class='ocr_carea' id='block_1_9' title="bbox 151 787 1729 865">
    <p class='ocr_par' dir='ltr' id='par_1_9' title="bbox 151 787 1729 865">
     <span class='ocr_line' id='line_1_9' title="bbox 151 787 1729 865; baseline -0.003 -18"><span class='ocrx_word' id='word_1_37' title='bbox 151 796 180 847; x_wconf 73' lang='grc' dir='ltr'><strong>ὁ</strong></span> <span class='ocrx_word' id='word_1_38' title='bbox 208 794 409 865; x_wconf 76' lang='grc' dir='ltr'>δρόμος</span> <span class='ocrx_word' id='word_1_39' title='bbox 435 793 737 863; x_wconf 86' lang='grc' dir='ltr'>ἀκαμάτως</span> <span class='ocrx_word' id='word_1_40' title='bbox 767 791 989 846; x_wconf 83' lang='grc' dir='ltr'><strong>ἀνύεται</strong></span> <span class='ocrx_word' id='word_1_41' title='bbox 1016 804 1032 820; x_wconf 80' lang='grc'><strong><em>⁸</em></strong></span> <span class='ocrx_word' id='word_1_42' title='bbox 1055 791 1233 845; x_wconf 85' lang='grc' dir='ltr'>πάντα</span> <span class='ocrx_word' id='word_1_43' title='bbox 1266 789 1373 861; x_wconf 85' lang='grc' dir='ltr'><strong>γάρ</strong></span> <span class='ocrx_word' id='word_1_44' title='bbox 1405 787 1643 862; x_wconf 81' lang='grc' dir='ltr'>φθαρτά,</span> <span class='ocrx_word' id='word_1_45' title='bbox 1694 792 1729 861; x_wconf 75' lang='grc' dir='ltr'><strong>ἡ</strong></span> 
     </span>
    </p>
   </div>
   <div class='ocr_carea' id='block_1_10' title="bbox 151 881 1732 957">
    <p class='ocr_par' dir='ltr' id='par_1_10' title="bbox 151 881 1732 957">
     <span class='ocr_line' id='line_1_10' title="bbox 151 881 1732 957; baseline -0.003 -18"><span class='ocrx_word' id='word_1_46' title='bbox 151 887 211 939; x_wconf 84' lang='grc' dir='ltr'>δὲ</span> <span class='ocrx_word' id='word_1_47' title='bbox 256 886 402 957; x_wconf 67' lang='grc' dir='ltr'>ψυχὴ</span> <span class='ocrx_word' id='word_1_48' title='bbox 437 885 736 947; x_wconf 87' lang='grc' dir='ltr'>ἀθάνατος·</span> <span class='ocrx_word' id='word_1_49' title='bbox 774 881 1147 954; x_wconf 78' lang='grc' dir='ltr'><strong>προτιμᾶσθαι</strong></span> <span class='ocrx_word' id='word_1_50' title='bbox 1183 882 1363 935; x_wconf 79' lang='grc' dir='ltr'>τοίνυν</span> <span class='ocrx_word' id='word_1_51' title='bbox 1409 881 1519 937; x_wconf 85' lang='grc' dir='ltr'>τῶν</span> <span class='ocrx_word' id='word_1_52' title='bbox 1556 882 1732 955; x_wconf 88' lang='grc' dir='ltr'>φθαρ-</span> 
     </span>
    </p>
   </div>
   <div class='ocr_carea' id='block_1_11' title="bbox 151 975 1050 1049">
    <p class='ocr_par' dir='ltr' id='par_1_11' title="bbox 151 975 1050 1049">
     <span class='ocr_line' id='line_1_11' title="bbox 151 975 1050 1049; baseline 0 -20"><span class='ocrx_word' id='word_1_53' title='bbox 151 976 289 1043; x_wconf 83' lang='grc' dir='ltr'>τῶν,</span> <span class='ocrx_word' id='word_1_54' title='bbox 324 977 423 1049; x_wconf 82' lang='grc' dir='ltr'>τὴν</span> <span class='ocrx_word' id='word_1_55' title='bbox 452 976 723 1032; x_wconf 86' lang='grc' dir='ltr'>ἀθάνατον</span> <span class='ocrx_word' id='word_1_56' title='bbox 750 975 1050 1047; x_wconf 86' lang='grc' dir='ltr'>προσῆκεν.</span> 
     </span>
    </p>
   </div>
   <div class='ocr_carea' id='block_1_12' title="bbox 228 1168 1735 1242">
    <p class='ocr_par' dir='ltr' id='par_1_12' title="bbox 228 1168 1735 1242">
     <span class='ocr_line' id='line_1_12' title="bbox 228 1168 1735 1242; baseline 0.002 -21"><span class='ocrx_word' id='word_1_57' title='bbox 228 1169 297 1222; x_wconf 78' lang='grc' dir='ltr'>θ’.</span> <span class='ocrx_word' id='word_1_58' title='bbox 351 1168 674 1240; x_wconf 77' lang='grc' dir='ltr'>Ἐτοιμάξου</span> <span class='ocrx_word' id='word_1_59' title='bbox 721 1170 860 1242; x_wconf 79' lang='grc' dir='ltr'>πρὸς</span> <span class='ocrx_word' id='word_1_60' title='bbox 905 1170 974 1225; x_wconf 87' lang='grc' dir='ltr'><strong>τά</strong></span> <span class='ocrx_word' id='word_1_61' title='bbox 1020 1168 1264 1241; x_wconf 83' lang='grc' dir='ltr'>λυπηρὰ,</span> <span class='ocrx_word' id='word_1_62' title='bbox 1296 1170 1391 1224; x_wconf 78' lang='grc' dir='ltr'><strong>καὶ</strong></span> <span class='ocrx_word' id='word_1_63' title='bbox 1432 1168 1735 1242; x_wconf 88' lang='grc' dir='ltr'>κερδαίνεις</span> 
     </span>
    </p>
   </div>
   <div class='ocr_carea' id='block_1_13' title="bbox 151 1261 502 1317">
    <p class='ocr_par' dir='ltr' id='par_1_13' title="bbox 151 1261 502 1317">
     <span class='ocr_line' id='line_1_13' title="bbox 151 1261 502 1317; baseline 0 0"><span class='ocrx_word' id='word_1_64' title='bbox 151 1261 225 1317; x_wconf 78' lang='grc' dir='ltr'>τὰ</span> <span class='ocrx_word' id='word_1_65' title='bbox 261 1262 502 1317; x_wconf 77' lang='grc' dir='ltr'>πλείονα.</span> 
     </span>
    </p>
   </div>
   <div class='ocr_carea' id='block_1_14' title="bbox 233 1350 1735 1426">
    <p class='ocr_par' dir='ltr' id='par_1_14' title="bbox 233 1350 1735 1426">
     <span class='ocr_line' id='line_1_14' title="bbox 233 1350 1735 1426; baseline -0.001 -18"><span class='ocrx_word' id='word_1_66' title='bbox 233 1360 284 1408; x_wconf 87' lang='grc' dir='ltr'>ι’.</span> <span class='ocrx_word' id='word_1_67' title='bbox 337 1355 429 1426; x_wconf 77' lang='grc' dir='ltr'><strong>Μὴ</strong></span> <span class='ocrx_word' id='word_1_68' title='bbox 481 1354 633 1425; x_wconf 85' lang='grc' dir='ltr'>ζήτει</span> <span class='ocrx_word' id='word_1_69' title='bbox 687 1351 839 1425; x_wconf 87' lang='grc' dir='ltr'><strong>παρά</strong></span> <span class='ocrx_word' id='word_1_70' title='bbox 888 1352 1024 1407; x_wconf 83' lang='grc' dir='ltr'>Θεοῦ</span> <span class='ocrx_word' id='word_1_71' title='bbox 1073 1350 1143 1406; x_wconf 88' lang='grc' dir='ltr'><strong>τά</strong></span> <span class='ocrx_word' id='word_1_72' title='bbox 1187 1352 1339 1425; x_wconf 76' lang='grc' dir='ltr'>ἡδέα,</span> <span class='ocrx_word' id='word_1_73' title='bbox 1392 1351 1529 1424; x_wconf 81' lang='grc' dir='ltr'>μόνα</span> <span class='ocrx_word' id='word_1_74' title='bbox 1563 1350 1621 1408; x_wconf 84' lang='grc' dir='ltr'>δὲ</span> <span class='ocrx_word' id='word_1_75' title='bbox 1665 1352 1735 1407; x_wconf 81' lang='grc' dir='ltr'><strong>τά</strong></span> 
     </span>
    </p>
   </div>
   <div class='ocr_carea' id='block_1_15' title="bbox 155 1441 1735 1519">
    <p class='ocr_par' dir='ltr' id='par_1_15' title="bbox 155 1441 1735 1519">
     <span class='ocr_line' id='line_1_15' title="bbox 155 1441 1735 1519; baseline -0.003 -19"><span class='ocrx_word' id='word_1_76' title='bbox 155 1447 533 1519; x_wconf 78' lang='grc' dir='ltr'>συμφέροντα,</span> <span class='ocrx_word' id='word_1_77' title='bbox 568 1447 751 1500; x_wconf 82' lang='grc' dir='ltr'>ἐκεῖνα</span> <span class='ocrx_word' id='word_1_78' title='bbox 782 1445 891 1516; x_wconf 86' lang='grc' dir='ltr'>γὰρ</span> <span class='ocrx_word' id='word_1_79' title='bbox 929 1444 1195 1515; x_wconf 78' lang='grc' dir='ltr'>αίτηθεὶς,</span> <span class='ocrx_word' id='word_1_80' title='bbox 1228 1444 1290 1498; x_wconf 79' lang='grc' dir='ltr'><strong>οὐ</strong></span> <span class='ocrx_word' id='word_1_81' title='bbox 1326 1443 1561 1511; x_wconf 84' lang='grc' dir='ltr'>δίδωσιν,</span> <span class='ocrx_word' id='word_1_82' title='bbox 1592 1442 1641 1497; x_wconf 86' lang='grc' dir='ltr'><strong>εί</strong></span> <span class='ocrx_word' id='word_1_83' title='bbox 1677 1441 1735 1496; x_wconf 82' lang='grc' dir='ltr'>δὲ</span> 
     </span>
    </p>
   </div>
   <div class='ocr_carea' id='block_1_16' title="bbox 153 1536 842 1611">
    <p class='ocr_par' dir='ltr' id='par_1_16' title="bbox 153 1536 842 1611">
     <span class='ocr_line' id='line_1_16' title="bbox 153 1536 842 1611; baseline -0.003 -20"><span class='ocrx_word' id='word_1_84' title='bbox 153 1539 255 1592; x_wconf 73' lang='grc' dir='ltr'><strong>καὶ</strong></span> <span class='ocrx_word' id='word_1_85' title='bbox 283 1538 475 1611; x_wconf 80' lang='grc' dir='ltr'>λάσῃς.</span> <span class='ocrx_word' id='word_1_86' title='bbox 508 1536 842 1608; x_wconf 77' lang='grc' dir='ltr'>φθείρονται.</span> 
     </span>
    </p>
   </div>
   <div class='ocr_carea' id='block_1_17' title="bbox 230 1625 1734 1701">
    <p class='ocr_par' dir='ltr' id='par_1_17' title="bbox 230 1625 1734 1701">
     <span class='ocr_line' id='line_1_17' title="bbox 230 1625 1734 1701; baseline -0.003 -18"><span class='ocrx_word' id='word_1_87' title='bbox 230 1636 323 1684; x_wconf 80' lang='grc' dir='ltr'>ια’.</span> <span class='ocrx_word' id='word_1_88' title='bbox 364 1629 455 1697; x_wconf 87' lang='grc' dir='ltr'><strong>Μὴ</strong></span> <span class='ocrx_word' id='word_1_89' title='bbox 488 1628 703 1701; x_wconf 83' lang='grc' dir='ltr'><strong>μέμφου</strong></span> <span class='ocrx_word' id='word_1_90' title='bbox 729 1628 828 1698; x_wconf 82' lang='grc' dir='ltr'>τὴν</span> <span class='ocrx_word' id='word_1_91' title='bbox 858 1628 1071 1691; x_wconf 82' lang='grc' dir='ltr'>πενίαν,</span> <span class='ocrx_word' id='word_1_92' title='bbox 1092 1626 1500 1698; x_wconf 82' lang='grc' dir='ltr'>ἀπερίσπαστον</span> <span class='ocrx_word' id='word_1_93' title='bbox 1526 1625 1636 1698; x_wconf 83' lang='grc' dir='ltr'><strong>γάρ</strong></span> <span class='ocrx_word' id='word_1_94' title='bbox 1656 1625 1734 1698; x_wconf 86' lang='grc' dir='ltr'>τῷ</span> 
     </span>
    </p>
   </div>
   <div class='ocr_carea' id='block_1_18' title="bbox 150 1717 1050 1793">
    <p class='ocr_par' dir='ltr' id='par_1_18' title="bbox 150 1717 1050 1793">
     <span class='ocr_line' id='line_1_18' title="bbox 150 1717 1050 1793; baseline -0.003 -19"><span class='ocrx_word' id='word_1_95' title='bbox 150 1721 309 1792; x_wconf 85' lang='grc' dir='ltr'>νόμῳ</span> <span class='ocrx_word' id='word_1_96' title='bbox 336 1722 430 1775; x_wconf 80' lang='grc' dir='ltr'><strong>τὸν</strong></span> <span class='ocrx_word' id='word_1_97' title='bbox 459 1720 697 1793; x_wconf 82' lang='grc' dir='ltr'>ἀθλητὴν</span> <span class='ocrx_word' id='word_1_98' title='bbox 734 1717 1050 1792; x_wconf 76' lang='grc' dir='ltr'>ἐργάζεται.</span> 
     </span>
    </p>
   </div>
   <div class='ocr_carea' id='block_1_19' title="bbox 232 1805 1732 1883">
    <p class='ocr_par' dir='ltr' id='par_1_19' title="bbox 232 1805 1732 1883">
     <span class='ocr_line' id='line_1_19' title="bbox 232 1805 1732 1883; baseline -0.003 -19"><span class='ocrx_word' id='word_1_99' title='bbox 232 1812 320 1883; x_wconf 85' lang='grc' dir='ltr'>ιβ’.</span> <span class='ocrx_word' id='word_1_100' title='bbox 362 1814 455 1883; x_wconf 84' lang='grc' dir='ltr'><strong>Μὴ</strong></span> <span class='ocrx_word' id='word_1_101' title='bbox 508 1812 802 1883; x_wconf 79' lang='grc' dir='ltr'>εὐφραίνου</span> <span class='ocrx_word' id='word_1_102' title='bbox 842 1810 1088 1882; x_wconf 87' lang='grc' dir='ltr'>πλούτῳ,</span> <span class='ocrx_word' id='word_1_103' title='bbox 1133 1811 1189 1865; x_wconf 83' lang='grc' dir='ltr'><strong>αἱ</strong></span> <span class='ocrx_word' id='word_1_104' title='bbox 1237 1811 1368 1881; x_wconf 76' lang='grc' dir='ltr'>περὶ</span> <span class='ocrx_word' id='word_1_105' title='bbox 1414 1809 1523 1879; x_wconf 86' lang='grc' dir='ltr'><strong>γὰρ</strong></span> <span class='ocrx_word' id='word_1_106' title='bbox 1568 1805 1732 1861; x_wconf 80' lang='grc' dir='ltr'>αὐτοῦ</span> 
     </span>
    </p>
   </div>
   <div class='ocr_carea' id='block_1_20' title="bbox 154 1900 1732 1976">
    <p class='ocr_par' dir='ltr' id='par_1_20' title="bbox 154 1900 1732 1976">
     <span class='ocr_line' id='line_1_20' title="bbox 154 1900 1732 1976; baseline -0.003 -18"><span class='ocrx_word' id='word_1_107' title='bbox 154 1904 444 1976; x_wconf 81' lang='grc' dir='ltr'>φροντίδες</span> <span class='ocrx_word' id='word_1_108' title='bbox 485 1905 813 1975; x_wconf 74' lang='grc' dir='ltr'>χωρίζουσιν</span> <span class='ocrx_word' id='word_1_109' title='bbox 845 1906 920 1969; x_wconf 85' lang='grc' dir='ltr'>ὡς</span> <span class='ocrx_word' id='word_1_110' title='bbox 962 1905 1031 1958; x_wconf 82' lang='grc' dir='ltr'><strong>τὰ</strong></span> <span class='ocrx_word' id='word_1_111' title='bbox 1059 1904 1253 1968; x_wconf 84' lang='grc' dir='ltr'>πολλὰ,</span> <span class='ocrx_word' id='word_1_112' title='bbox 1281 1904 1376 1958; x_wconf 77' lang='grc' dir='ltr'><strong>καὶ</strong></span> <span class='ocrx_word' id='word_1_113' title='bbox 1403 1903 1555 1975; x_wconf 83' lang='grc' dir='ltr'>παρὰ</span> <span class='ocrx_word' id='word_1_114' title='bbox 1589 1900 1732 1971; x_wconf 83' lang='grc' dir='ltr'>γνώ-</span> 
     </span>
    </p>
   </div>
   <div class='ocr_carea' id='block_1_21' title="bbox 158 1993 1168 2065">
    <p class='ocr_par' dir='ltr' id='par_1_21' title="bbox 158 1993 1168 2065">
     <span class='ocr_line' id='line_1_21' title="bbox 158 1993 1168 2065; baseline 0.002 -18"><span class='ocrx_word' id='word_1_115' title='bbox 158 2011 271 2065; x_wconf 84' lang='grc' dir='ltr'>μην</span> <span class='ocrx_word' id='word_1_116' title='bbox 296 1993 389 2047; x_wconf 80' lang='grc' dir='ltr'><strong>τὸν</strong></span> <span class='ocrx_word' id='word_1_117' title='bbox 423 1994 711 2065; x_wconf 81' lang='grc' dir='ltr'>ἄνθρωπον</span> <span class='ocrx_word' id='word_1_118' title='bbox 744 1994 851 2048; x_wconf 88' lang='grc' dir='ltr'><strong>ἀπὸ</strong></span> <span class='ocrx_word' id='word_1_119' title='bbox 890 1993 983 2048; x_wconf 82' lang='grc' dir='ltr'>τοῦ</span> <span class='ocrx_word' id='word_1_120' title='bbox 1011 1993 1168 2049; x_wconf 81' lang='grc' dir='ltr'>Θεοῦ.</span> 
     </span>
    </p>
   </div>
   <div class='ocr_carea' id='block_1_22' title="bbox 231 2083 1737 2161">
    <p class='ocr_par' dir='ltr' id='par_1_22' title="bbox 231 2083 1737 2161">
     <span class='ocr_line' id='line_1_22' title="bbox 231 2083 1737 2161; baseline -0.001 -21"><span class='ocrx_word' id='word_1_121' title='bbox 231 2093 321 2156; x_wconf 80' lang='grc' dir='ltr'>ιγ’.</span> <span class='ocrx_word' id='word_1_122' title='bbox 374 2086 573 2155; x_wconf 82' lang='grc' dir='ltr'>Ἐγγὺς</span> <span class='ocrx_word' id='word_1_123' title='bbox 598 2086 658 2142; x_wconf 82' lang='grc' dir='ltr'><strong>τὸ</strong></span> <span class='ocrx_word' id='word_1_124' title='bbox 675 2087 849 2153; x_wconf 83' lang='grc' dir='ltr'><strong>τέλος,</strong></span> <span class='ocrx_word' id='word_1_125' title='bbox 873 2089 901 2141; x_wconf 88' lang='grc' dir='ltr'>ὁ</span> <span class='ocrx_word' id='word_1_126' title='bbox 928 2086 1187 2161; x_wconf 77' lang='grc' dir='ltr'>ῥᾳθυμῶν</span> <span class='ocrx_word' id='word_1_127' title='bbox 1208 2083 1580 2157; x_wconf 81' lang='grc' dir='ltr'>ὲτοιμαζέσθω</span> <span class='ocrx_word' id='word_1_128' title='bbox 1599 2083 1737 2156; x_wconf 80' lang='grc' dir='ltr'>πρὸς</span> 
     </span>
    </p>
   </div>
   <div class='ocr_carea' id='block_1_23' title="bbox 155 2174 452 2243">
    <p class='ocr_par' dir='ltr' id='par_1_23' title="bbox 155 2174 452 2243">
     <span class='ocr_line' id='line_1_23' title="bbox 155 2174 452 2243; baseline 0.003 -15"><span class='ocrx_word' id='word_1_129' title='bbox 155 2174 452 2243; x_wconf 72' lang='grc' dir='ltr'>μάστιγας.</span> 
     </span>
    </p>
   </div>
   <div class='ocr_carea' id='block_1_24' title="bbox 232 2264 1738 2336">
    <p class='ocr_par' dir='ltr' id='par_1_24' title="bbox 232 2264 1738 2336">
     <span class='ocr_line' id='line_1_24' title="bbox 232 2264 1738 2336; baseline 0.001 -16"><span class='ocrx_word' id='word_1_130' title='bbox 232 2268 318 2320; x_wconf 85' lang='grc' dir='ltr'>ιδ’.</span> <span class='ocrx_word' id='word_1_131' title='bbox 378 2268 453 2319; x_wconf 77' lang='grc' dir='ltr'><strong>Οὐ</strong></span> <span class='ocrx_word' id='word_1_132' title='bbox 498 2264 715 2336; x_wconf 78' lang='grc' dir='ltr'>μακρὰν</span> <span class='ocrx_word' id='word_1_133' title='bbox 762 2265 824 2318; x_wconf 78' lang='grc' dir='ltr'>τὸ</span> <span class='ocrx_word' id='word_1_134' title='bbox 876 2265 1055 2336; x_wconf 78' lang='grc' dir='ltr'>θέρος,</span> <span class='ocrx_word' id='word_1_135' title='bbox 1112 2264 1365 2320; x_wconf 84' lang='grc' dir='ltr'>ἀκανθῶν</span> <span class='ocrx_word' id='word_1_136' title='bbox 1416 2265 1598 2321; x_wconf 86' lang='grc' dir='ltr'>τοίνυν</span> <span class='ocrx_word' id='word_1_137' title='bbox 1644 2265 1738 2321; x_wconf 84' lang='grc' dir='ltr'><strong>τὸν</strong></span> 
     </span>
    </p>
   </div>
   <div class='ocr_carea' id='block_1_25' title="bbox 154 2357 1117 2432">
    <p class='ocr_par' dir='ltr' id='par_1_25' title="bbox 154 2357 1117 2432">
     <span class='ocr_line' id='line_1_25' title="bbox 154 2357 1117 2432; baseline -0.002 -18"><span class='ocrx_word' id='word_1_138' title='bbox 154 2359 332 2432; x_wconf 82' lang='grc' dir='ltr'>ἀγρὸν</span> <span class='ocrx_word' id='word_1_139' title='bbox 360 2359 462 2427; x_wconf 81' lang='grc' dir='ltr'>τῆς</span> <span class='ocrx_word' id='word_1_140' title='bbox 493 2359 671 2429; x_wconf 76' lang='grc' dir='ltr'>ψυχῆς</span> <span class='ocrx_word' id='word_1_141' title='bbox 699 2357 1117 2428; x_wconf 83' lang='grc' dir='ltr'>ἀπαλλάξωμεν.</span> 
     </span>
    </p>
   </div>
   <div class='ocr_carea' id='block_1_26' title="bbox 232 2449 1734 2522">
    <p class='ocr_par' dir='ltr' id='par_1_26' title="bbox 232 2449 1734 2522">
     <span class='ocr_line' id='line_1_26' title="bbox 232 2449 1734 2522; baseline 0.001 -18"><span class='ocrx_word' id='word_1_142' title='bbox 232 2452 317 2507; x_wconf 85' lang='grc' dir='ltr'>ιε’.</span> <span class='ocrx_word' id='word_1_143' title='bbox 360 2452 529 2506; x_wconf 81' lang='grc' dir='ltr'>Οὐδὲν</span> <span class='ocrx_word' id='word_1_144' title='bbox 558 2451 809 2505; x_wconf 81' lang='grc' dir='ltr'>λανθάνει</span> <span class='ocrx_word' id='word_1_145' title='bbox 838 2451 930 2504; x_wconf 77' lang='grc' dir='ltr'><strong>τὸν</strong></span> <span class='ocrx_word' id='word_1_146' title='bbox 959 2451 1114 2517; x_wconf 83' lang='grc' dir='ltr'>Θεὸν,</span> <span class='ocrx_word' id='word_1_147' title='bbox 1163 2450 1303 2505; x_wconf 85' lang='grc' dir='ltr'>ὥστε</span> <span class='ocrx_word' id='word_1_148' title='bbox 1340 2449 1520 2522; x_wconf 85' lang='grc' dir='ltr'>μάτην</span> <span class='ocrx_word' id='word_1_149' title='bbox 1544 2449 1734 2505; x_wconf 82' lang='grc' dir='ltr'>λανθά-</span> 
     </span>
    </p>
   </div>
   <div class='ocr_carea' id='block_1_27' title="bbox 154 2542 1074 2615">
    <p class='ocr_par' dir='ltr' id='par_1_27' title="bbox 154 2542 1074 2615">
     <span class='ocr_line' id='line_1_27' title="bbox 154 2542 1074 2615; baseline -0.001 -18"><span class='ocrx_word' id='word_1_150' title='bbox 154 2561 273 2597; x_wconf 86' lang='grc' dir='ltr'>νειν</span> <span class='ocrx_word' id='word_1_151' title='bbox 303 2544 712 2615; x_wconf 81' lang='grc' dir='ltr'>ἁμαρτάνοντες</span> <span class='ocrx_word' id='word_1_152' title='bbox 746 2542 1074 2613; x_wconf 85' lang='grc' dir='ltr'>σπεύδομεν.</span> 
     </span>
    </p>
   </div>
   <div class='ocr_carea' id='block_1_28' title="bbox 234 2632 1736 2707">
    <p class='ocr_par' dir='ltr' id='par_1_28' title="bbox 234 2632 1736 2707">
     <span class='ocr_line' id='line_1_28' title="bbox 234 2632 1736 2707; baseline -0.002 -18"><span class='ocrx_word' id='word_1_153' title='bbox 234 2634 331 2702; x_wconf 83' lang='grc' dir='ltr'>ις’.</span> <span class='ocrx_word' id='word_1_154' title='bbox 374 2638 488 2707; x_wconf 84' lang='grc' dir='ltr'><strong>Πρὸ</strong></span> <span class='ocrx_word' id='word_1_155' title='bbox 515 2636 624 2689; x_wconf 85' lang='grc' dir='ltr'>τῶν</span> <span class='ocrx_word' id='word_1_156' title='bbox 647 2635 972 2707; x_wconf 83' lang='grc' dir='ltr'>ἀνθρώπων,</span> <span class='ocrx_word' id='word_1_157' title='bbox 1002 2635 1259 2706; x_wconf 80' lang='grc' dir='ltr'>αἰσχύνου</span> <span class='ocrx_word' id='word_1_158' title='bbox 1297 2635 1423 2697; x_wconf 78' lang='grc' dir='ltr'>τοὺς</span> <span class='ocrx_word' id='word_1_159' title='bbox 1448 2632 1736 2703; x_wconf 75' lang='grc' dir='ltr'>ἀγγέλουςο</span> 
     </span>
    </p>
   </div>
   <div class='ocr_carea' id='block_1_29' title="bbox 159 2727 1742 2801">
    <p class='ocr_par' dir='ltr' id='par_1_29' title="bbox 159 2727 1742 2801">
     <span class='ocr_line' id='line_1_29' title="bbox 159 2727 1742 2801; baseline -0.003 -18"><span class='ocrx_word' id='word_1_160' title='bbox 159 2728 353 2783; x_wconf 80' lang='grc' dir='ltr'>πολλοὶ</span> <span class='ocrx_word' id='word_1_161' title='bbox 390 2728 500 2800; x_wconf 88' lang='grc' dir='ltr'><strong>γάρ</strong></span> <span class='ocrx_word' id='word_1_162' title='bbox 541 2730 675 2800; x_wconf 78' lang='grc' dir='ltr'>ἡμῖν</span> <span class='ocrx_word' id='word_1_163' title='bbox 708 2729 954 2798; x_wconf 87' lang='grc' dir='ltr'>πάρεισι,</span> <span class='ocrx_word' id='word_1_164' title='bbox 988 2728 1084 2782; x_wconf 82' lang='grc' dir='ltr'><strong>καὶ</strong></span> <span class='ocrx_word' id='word_1_165' title='bbox 1124 2727 1309 2799; x_wconf 80' lang='grc' dir='ltr'><strong>πάσης</strong></span> <span class='ocrx_word' id='word_1_166' title='bbox 1342 2730 1573 2801; x_wconf 79' lang='grc' dir='ltr'>αἰσχρᾶς</span> <span class='ocrx_word' id='word_1_167' title='bbox 1605 2727 1742 2780; x_wconf 89' lang='grc' dir='ltr'>ἀπο-</span> 
     </span>
    </p>
   </div>
   <div class='ocr_carea' id='block_1_30' title="bbox 155 2819 705 2892">
    <p class='ocr_par' dir='ltr' id='par_1_30' title="bbox 155 2819 705 2892">
     <span class='ocr_line' id='line_1_30' title="bbox 155 2819 705 2892; baseline 0.004 -16"><span class='ocrx_word' id='word_1_168' title='bbox 155 2820 399 2891; x_wconf 76' lang='grc' dir='ltr'>χωρίζου</span> <span class='ocrx_word' id='word_1_169' title='bbox 432 2819 705 2892; x_wconf 83' lang='grc' dir='ltr'>πράξεως.</span> 
     </span>
    </p>
   </div>
   <div class='ocr_carea' id='block_1_31' title="bbox 234 2908 1742 2982">
    <p class='ocr_par' dir='ltr' id='par_1_31' title="bbox 234 2908 1742 2982">
     <span class='ocr_line' id='line_1_31' title="bbox 234 2908 1742 2982; baseline 0 -19"><span class='ocrx_word' id='word_1_170' title='bbox 234 2910 325 2974; x_wconf 80' lang='grc' dir='ltr'>ιζ’.</span> <span class='ocrx_word' id='word_1_171' title='bbox 381 2911 640 2982; x_wconf 88' lang='grc' dir='ltr'>Μερίμνα</span> <span class='ocrx_word' id='word_1_172' title='bbox 692 2909 788 2964; x_wconf 83' lang='grc' dir='ltr'>τοῦ</span> <span class='ocrx_word' id='word_1_173' title='bbox 836 2909 1041 2981; x_wconf 84' lang='grc' dir='ltr'>Κριτοῦ</span> <span class='ocrx_word' id='word_1_174' title='bbox 1093 2909 1186 2964; x_wconf 74' lang='grc' dir='ltr'><strong>τὸν</strong></span> <span class='ocrx_word' id='word_1_175' title='bbox 1238 2908 1439 2979; x_wconf 83' lang='grc' dir='ltr'>ζυγὸν,</span> <span class='ocrx_word' id='word_1_176' title='bbox 1484 2909 1580 2964; x_wconf 77' lang='grc' dir='ltr'>καὶ</span> <span class='ocrx_word' id='word_1_177' title='bbox 1632 2910 1742 2963; x_wconf 83' lang='grc' dir='ltr'>πᾶν</span> 
     </span>
    </p>
   </div>
   <div class='ocr_carea' id='block_1_32' title="bbox 156 3001 1740 3074">
    <p class='ocr_par' dir='ltr' id='par_1_32' title="bbox 156 3001 1740 3074">
     <span class='ocr_line' id='line_1_32' title="bbox 156 3001 1740 3074; baseline 0 -19"><span class='ocrx_word' id='word_1_178' title='bbox 156 3001 269 3055; x_wconf 70' lang='grc' dir='ltr'>εἴτι</span> <span class='ocrx_word' id='word_1_179' title='bbox 300 3019 383 3056; x_wconf 91' lang='grc' dir='ltr'><strong>σοι</strong></span> <span class='ocrx_word' id='word_1_180' title='bbox 418 3002 669 3074; x_wconf 81' lang='grc' dir='ltr'>κίὄδηλον</span> <span class='ocrx_word' id='word_1_181' title='bbox 702 3003 802 3073; x_wconf 83' lang='grc' dir='ltr'>τῆς</span> <span class='ocrx_word' id='word_1_182' title='bbox 851 3001 1051 3074; x_wconf 87' lang='grc' dir='ltr'>πείρας</span> <span class='ocrx_word' id='word_1_183' title='bbox 1094 3002 1193 3074; x_wconf 86' lang='grc' dir='ltr'>τῆς</span> <span class='ocrx_word' id='word_1_184' title='bbox 1242 3001 1508 3073; x_wconf 80' lang='grc' dir='ltr'><strong>βιωτικῆς</strong></span> <span class='ocrx_word' id='word_1_185' title='bbox 1541 3001 1740 3056; x_wconf 78' lang='grc' dir='ltr'>ἐκϐάλ-</span> 
     </span>
    </p>
   </div>
   <div class='ocr_carea' id='block_1_33' title="bbox 154 3094 333 3150">
    <p class='ocr_par' dir='ltr' id='par_1_33' title="bbox 154 3094 333 3150">
     <span class='ocr_line' id='line_1_33' title="bbox 154 3094 333 3150; baseline 0.011 -2"><span class='ocrx_word' id='word_1_186' title='bbox 154 3094 333 3150; x_wconf 84' lang='grc' dir='ltr'>λεται.</span> 
     </span>
    </p>
   </div>
   <div class='ocr_carea' id='block_1_34' title="bbox 238 3181 1737 3258">
    <p class='ocr_par' dir='ltr' id='par_1_34' title="bbox 238 3181 1737 3258">
     <span class='ocr_line' id='line_1_34' title="bbox 238 3181 1737 3258; baseline 0 -19"><span class='ocrx_word' id='word_1_187' title='bbox 238 3192 328 3258; x_wconf 85' lang='grc' dir='ltr'>ιη’.</span> <span class='ocrx_word' id='word_1_188' title='bbox 368 3186 581 3257; x_wconf 84' lang='grc' dir='ltr'>Ζημίαν</span> <span class='ocrx_word' id='word_1_189' title='bbox 607 3181 746 3240; x_wconf 79' lang='grc' dir='ltr'>εἶναι</span> <span class='ocrx_word' id='word_1_190' title='bbox 786 3185 886 3258; x_wconf 80' lang='grc' dir='ltr'>τὴν</span> <span class='ocrx_word' id='word_1_191' title='bbox 932 3184 1149 3257; x_wconf 82' lang='grc' dir='ltr'>σχολὴν,</span> <span class='ocrx_word' id='word_1_192' title='bbox 1178 3186 1274 3241; x_wconf 76' lang='grc' dir='ltr'><strong>καὶ</strong></span> <span class='ocrx_word' id='word_1_193' title='bbox 1305 3187 1488 3241; x_wconf 77' lang='grc' dir='ltr'>ἄνεσιν</span> <span class='ocrx_word' id='word_1_194' title='bbox 1515 3186 1737 3257; x_wconf 76' lang='grc' dir='ltr'>νόμιζε,</span> 
     </span>
    </p>
   </div>
   <div class='ocr_carea' id='block_1_35' title="bbox 156 3269 1667 3349">
    <p class='ocr_par' dir='ltr' id='par_1_35' title="bbox 156 3269 1667 3349">
     <span class='ocr_line' id='line_1_35' title="bbox 156 3269 1667 3349; baseline 0 -16"><span class='ocrx_word' id='word_1_195' title='bbox 156 3278 258 3333; x_wconf 70' lang='grc' dir='ltr'>καὶ</span> <span class='ocrx_word' id='word_1_196' title='bbox 283 3277 481 3332; x_wconf 75' lang='grc' dir='ltr'>σπεῦδέ</span> <span class='ocrx_word' id='word_1_197' title='bbox 508 3295 563 3331; x_wconf 92' lang='grc' dir='ltr'><strong>τι</strong></span> <span class='ocrx_word' id='word_1_198' title='bbox 590 3277 871 3349; x_wconf 86' lang='grc' dir='ltr'>πράττειν,</span> <span class='ocrx_word' id='word_1_199' title='bbox 902 3269 976 3332; x_wconf 85' lang='grc' dir='ltr'>ὧν</span> <span class='ocrx_word' id='word_1_200' title='bbox 1004 3276 1352 3331; x_wconf 84' lang='grc' dir='ltr'>ἀπαιτεῖσθαι</span> <span class='ocrx_word' id='word_1_201' title='bbox 1382 3277 1667 3349; x_wconf 84' lang='grc' dir='ltr'>μέλλομεν.</span> 
     </span>
    </p>
   </div>
   <div class='ocr_carea' id='block_1_36' title="bbox 235 3453 1740 3524">
    <p class='ocr_par' dir='ltr' id='par_1_36' title="bbox 235 3453 1740 3524">
     <span class='ocr_line' id='line_1_36' title="bbox 235 3453 1740 3524; baseline 0.001 -15"><span class='ocrx_word' id='word_1_202' title='bbox 235 3453 321 3509; x_wconf 71' lang='grc' dir='ltr'>ιθθ.</span> <span class='ocrx_word' id='word_1_203' title='bbox 354 3454 465 3507; x_wconf 74' lang='grc' dir='ltr'><strong>Ἀεὶ</strong></span> <span class='ocrx_word' id='word_1_204' title='bbox 488 3453 583 3508; x_wconf 80' lang='grc' dir='ltr'>τοῦ</span> <span class='ocrx_word' id='word_1_205' title='bbox 608 3453 722 3524; x_wconf 86' lang='grc' dir='ltr'>βίου</span> <span class='ocrx_word' id='word_1_206' title='bbox 744 3453 961 3522; x_wconf 85' lang='grc' dir='ltr'>λογίζου</span> <span class='ocrx_word' id='word_1_207' title='bbox 985 3454 1047 3509; x_wconf 83' lang='grc' dir='ltr'>τὸ</span> <span class='ocrx_word' id='word_1_208' title='bbox 1073 3454 1349 3524; x_wconf 76' lang='grc' dir='ltr'>ἀϐέϐαιον,</span> <span class='ocrx_word' id='word_1_209' title='bbox 1380 3455 1474 3510; x_wconf 75' lang='grc' dir='ltr'>καὶ</span> <span class='ocrx_word' id='word_1_210' title='bbox 1503 3455 1657 3513; x_wconf 81' lang='grc' dir='ltr'>οὐδέν</span> <span class='ocrx_word' id='word_1_211' title='bbox 1681 3474 1740 3510; x_wconf 90' lang='grc' dir='ltr'><strong>σε</strong></span> 
     </span>
    </p>
   </div>
   <div class='ocr_carea' id='block_1_37' title="bbox 157 3546 1248 3620">
    <p class='ocr_par' dir='ltr' id='par_1_37' title="bbox 157 3546 1248 3620">
     <span class='ocr_line' id='line_1_37' title="bbox 157 3546 1248 3620; baseline 0 -18"><span class='ocrx_word' id='word_1_212' title='bbox 157 3548 275 3603; x_wconf 82' lang='grc' dir='ltr'><strong>τῶν</strong></span> <span class='ocrx_word' id='word_1_213' title='bbox 300 3551 360 3601; x_wconf 82' lang='grc' dir='ltr'>ὲν</span> <span class='ocrx_word' id='word_1_214' title='bbox 385 3546 533 3620; x_wconf 80' lang='grc' dir='ltr'>αὐτῷ</span> <span class='ocrx_word' id='word_1_215' title='bbox 571 3549 910 3618; x_wconf 81' lang='grc' dir='ltr'>περισπᾶσαι</span> <span class='ocrx_word' id='word_1_216' title='bbox 936 3547 1248 3619; x_wconf 80' lang='grc' dir='ltr'>δυνήσεται.</span> 
     </span>
    </p>
   </div>
   <div class='ocr_carea' id='block_1_38' title="bbox 236 3639 1743 3713">
    <p class='ocr_par' dir='ltr' id='par_1_38' title="bbox 236 3639 1743 3713">
     <span class='ocr_line' id='line_1_38' title="bbox 236 3639 1743 3713; baseline -0.001 -18"><span class='ocrx_word' id='word_1_217' title='bbox 236 3647 307 3695; x_wconf 86' lang='grc' dir='ltr'>κ’.</span> <span class='ocrx_word' id='word_1_218' title='bbox 348 3639 429 3692; x_wconf 88' lang='grc' dir='ltr'><strong>Τά</strong></span> <span class='ocrx_word' id='word_1_219' title='bbox 457 3639 661 3710; x_wconf 80' lang='grc' dir='ltr'>φαιδρὰ</span> <span class='ocrx_word' id='word_1_220' title='bbox 690 3656 749 3692; x_wconf 92' lang='grc' dir='ltr'><strong>σε</strong></span> <span class='ocrx_word' id='word_1_221' title='bbox 798 3639 900 3709; x_wconf 83' lang='grc' dir='ltr'><strong>τῆς</strong></span> <span class='ocrx_word' id='word_1_222' title='bbox 925 3639 1029 3711; x_wconf 84' lang='grc' dir='ltr'>γῆς</span> <span class='ocrx_word' id='word_1_223' title='bbox 1061 3639 1137 3711; x_wconf 83' lang='grc' dir='ltr'>μὴ</span> <span class='ocrx_word' id='word_1_224' title='bbox 1167 3639 1435 3712; x_wconf 76' lang='grc' dir='ltr'>τερπέτω,</span> <span class='ocrx_word' id='word_1_225' title='bbox 1464 3639 1537 3694; x_wconf 91' lang='grc' dir='ltr'><strong>τά</strong></span> <span class='ocrx_word' id='word_1_226' title='bbox 1572 3641 1743 3713; x_wconf 85' lang='grc' dir='ltr'>πρόσ-</span> 
     </span>
    </p>
   </div>
   <div class='ocr_carea' id='block_1_39' title="bbox 159 3729 1742 3803">
    <p class='ocr_par' dir='ltr' id='par_1_39' title="bbox 159 3729 1742 3803">
     <span class='ocr_line' id='line_1_39' title="bbox 159 3729 1742 3803; baseline -0.001 -18"><span class='ocrx_word' id='word_1_227' title='bbox 159 3732 357 3802; x_wconf 88' lang='grc' dir='ltr'>καίρα,</span> <span class='ocrx_word' id='word_1_228' title='bbox 394 3733 669 3803; x_wconf 79' lang='grc' dir='ltr'>ἄγκιστρα</span> <span class='ocrx_word' id='word_1_229' title='bbox 710 3729 819 3802; x_wconf 88' lang='grc' dir='ltr'><strong>γάρ</strong></span> <span class='ocrx_word' id='word_1_230' title='bbox 862 3732 977 3784; x_wconf 77' lang='grc' dir='ltr'>ἐστι</span> <span class='ocrx_word' id='word_1_231' title='bbox 1020 3730 1119 3802; x_wconf 81' lang='grc' dir='ltr'>τὴν</span> <span class='ocrx_word' id='word_1_232' title='bbox 1155 3729 1333 3802; x_wconf 78' lang='grc' dir='ltr'>ψυχὴν</span> <span class='ocrx_word' id='word_1_233' title='bbox 1361 3729 1436 3795; x_wconf 86' lang='grc' dir='ltr'>ὼς</span> <span class='ocrx_word' id='word_1_234' title='bbox 1467 3730 1619 3802; x_wconf 81' lang='grc' dir='ltr'>ίχθὺν</span> <span class='ocrx_word' id='word_1_235' title='bbox 1656 3732 1742 3784; x_wconf 90' lang='grc' dir='ltr'>δε-</span> 
     </span>
    </p>
   </div>
   <div class='ocr_carea' id='block_1_40' title="bbox 160 3822 1001 3895">
    <p class='ocr_par' dir='ltr' id='par_1_40' title="bbox 160 3822 1001 3895">
     <span class='ocr_line' id='line_1_40' title="bbox 160 3822 1001 3895; baseline -0.001 -18"><span class='ocrx_word' id='word_1_236' title='bbox 160 3824 447 3889; x_wconf 76' lang='grc' dir='ltr'>λεάζοντα,</span> <span class='ocrx_word' id='word_1_237' title='bbox 479 3824 574 3877; x_wconf 78' lang='grc' dir='ltr'><strong>καὶ</strong></span> <span class='ocrx_word' id='word_1_238' title='bbox 609 3822 1001 3895; x_wconf 77' lang='grc' dir='ltr'>σαγηνεύοντα.</span> 
     </span>
    </p>
   </div>
   <div class='ocr_carea' id='block_1_41' title="bbox 238 3996 1742 4070">
    <p class='ocr_par' dir='ltr' id='par_1_41' title="bbox 238 3996 1742 4070">
     <span class='ocr_line' id='line_1_41' title="bbox 238 3996 1742 4070; baseline 0.001 -19"><span class='ocrx_word' id='word_1_239' title='bbox 238 4002 349 4051; x_wconf 68' lang='grc' dir='ltr'>καθ.</span> <span class='ocrx_word' id='word_1_240' title='bbox 400 3996 633 4068; x_wconf 82' lang='grc' dir='ltr'>Ἀπέχου</span> <span class='ocrx_word' id='word_1_241' title='bbox 661 3998 784 4061; x_wconf 79' lang='grc' dir='ltr'>τοὺς</span> <span class='ocrx_word' id='word_1_242' title='bbox 814 3998 1178 4068; x_wconf 83' lang='grc' dir='ltr'>πειρασμοὺς,</span> <span class='ocrx_word' id='word_1_243' title='bbox 1207 3999 1288 4062; x_wconf 86' lang='grc' dir='ltr'><strong>είς</strong></span> <span class='ocrx_word' id='word_1_244' title='bbox 1312 3997 1370 4052; x_wconf 84' lang='grc' dir='ltr'>δὲ</span> <span class='ocrx_word' id='word_1_245' title='bbox 1389 3997 1489 4067; x_wconf 83' lang='grc' dir='ltr'><strong>τὴν</strong></span> <span class='ocrx_word' id='word_1_246' title='bbox 1520 3997 1742 4070; x_wconf 84' lang='grc' dir='ltr'>ἀνδρίαν</span> 
     </span>
    </p>
   </div>
   <div class='ocr_carea' id='block_1_42' title="bbox 160 4085 453 4151">
    <p class='ocr_par' dir='ltr' id='par_1_42' title="bbox 160 4085 453 4151">
     <span class='ocr_line' id='line_1_42' title="bbox 160 4085 453 4151; baseline -0.007 -10"><span class='ocrx_word' id='word_1_247' title='bbox 160 4085 453 4151; x_wconf 68' lang='grc' dir='ltr'>ἐπίδειξον.</span> 
     </span>
    </p>
   </div>
   <div class='ocr_carea' id='block_1_43' title="bbox 237 4176 1742 4255">
    <p class='ocr_par' dir='ltr' id='par_1_43' title="bbox 237 4176 1742 4255">
     <span class='ocr_line' id='line_1_43' title="bbox 237 4176 1742 4255; baseline 0.004 -25"><span class='ocrx_word' id='word_1_248' title='bbox 237 4176 344 4248; x_wconf 78' lang='grc' dir='ltr'>κβ’.</span> <span class='ocrx_word' id='word_1_249' title='bbox 387 4178 673 4249; x_wconf 82' lang='grc' dir='ltr'>Μηδέποτε</span> <span class='ocrx_word' id='word_1_250' title='bbox 701 4177 918 4248; x_wconf 83' lang='grc' dir='ltr'>πτωχὸν</span> <span class='ocrx_word' id='word_1_251' title='bbox 943 4179 1173 4251; x_wconf 84' lang='grc' dir='ltr'>παρίδῃς</span> <span class='ocrx_word' id='word_1_252' title='bbox 1196 4180 1520 4252; x_wconf 78' lang='grc' dir='ltr'>δακρύοντα,</span> <span class='ocrx_word' id='word_1_253' title='bbox 1553 4182 1642 4237; x_wconf 79' lang='grc' dir='ltr'>ἵνα</span> <span class='ocrx_word' id='word_1_254' title='bbox 1667 4183 1742 4255; x_wconf 74' lang='grc' dir='ltr'>μὴ</span> 
     </span>
    </p>
   </div>
   <div class='ocr_carea' id='block_1_44' title="bbox 161 4267 1385 4341">
    <p class='ocr_par' dir='ltr' id='par_1_44' title="bbox 161 4267 1385 4341">
     <span class='ocr_line' id='line_1_44' title="bbox 161 4267 1385 4341; baseline 0.001 -19"><span class='ocrx_word' id='word_1_255' title='bbox 161 4268 423 4340; x_wconf 80' lang='grc' dir='ltr'>παροφθῇ</span> <span class='ocrx_word' id='word_1_256' title='bbox 453 4270 553 4338; x_wconf 84' lang='grc' dir='ltr'>τῆς</span> <span class='ocrx_word' id='word_1_257' title='bbox 594 4267 691 4338; x_wconf 84' lang='grc' dir='ltr'><strong>σῆς</strong></span> <span class='ocrx_word' id='word_1_258' title='bbox 725 4268 1034 4338; x_wconf 78' lang='grc' dir='ltr'>προσευχῆς</span> <span class='ocrx_word' id='word_1_259' title='bbox 1059 4270 1128 4321; x_wconf 80' lang='grc' dir='ltr'>τὰ</span> <span class='ocrx_word' id='word_1_260' title='bbox 1153 4270 1385 4341; x_wconf 84' lang='grc' dir='ltr'>δάκρυα.</span> 
     </span>
    </p>
   </div>
   <div class='ocr_carea' id='block_1_45' title="bbox 1833 503 3406 579">
    <p class='ocr_par' dir='ltr' id='par_1_45' title="bbox 1833 503 3406 579">
     <span class='ocr_line' id='line_1_45' title="bbox 1833 503 3406 579; baseline -0.007 -14"><span class='ocrx_word' id='word_1_261' title='bbox 1833 511 2013 565; x_wconf 84' lang='lat' dir='ltr'><strong>cuisse</strong></span> <span class='ocrx_word' id='word_1_262' title='bbox 2034 518 2319 579; x_wconf 74' lang='lat' dir='ltr'><strong>martyres,</strong></span> <span class='ocrx_word' id='word_1_263' title='bbox 2360 506 2799 578; x_wconf 82' lang='lat' dir='ltr'><strong>quandoquidem</strong></span> <span class='ocrx_word' id='word_1_264' title='bbox 2837 519 2866 559; x_wconf 86' lang='lat' dir='ltr'><strong>a</strong></span> <span class='ocrx_word' id='word_1_265' title='bbox 2902 504 3060 558; x_wconf 90' lang='lat' dir='ltr'><strong>nobis</strong></span> <span class='ocrx_word' id='word_1_266' title='bbox 3085 503 3246 557; x_wconf 88' lang='lat' dir='ltr'><strong>etiam</strong></span> <span class='ocrx_word' id='word_1_267' title='bbox 3270 518 3406 555; x_wconf 89' lang='lat' dir='ltr'><strong>con-</strong></span> 
     </span>
    </p>
   </div>
   <div class='ocr_carea' id='block_1_46' title="bbox 1832 596 2825 666">
    <p class='ocr_par' dir='ltr' id='par_1_46' title="bbox 1832 596 2825 666">
     <span class='ocr_line' id='line_1_46' title="bbox 1832 596 2825 666; baseline -0.008 -11"><span class='ocrx_word' id='word_1_268' title='bbox 1832 599 2073 655; x_wconf 59' lang='lat' dir='ltr'><strong>scientia</strong></span> <span class='ocrx_word' id='word_1_269' title='bbox 2099 599 2467 654; x_wconf 90' lang='lat' dir='ltr'><strong>testimonium</strong></span> <span class='ocrx_word' id='word_1_270' title='bbox 2501 596 2825 666; x_wconf 88' lang='lat' dir='ltr'><strong>reposcitur.</strong></span> 
     </span>
    </p>
   </div>
   <div class='ocr_carea' id='block_1_47' title="bbox 1902 683 3407 753">
    <p class='ocr_par' dir='ltr' id='par_1_47' title="bbox 1902 683 3407 753">
     <span class='ocr_line' id='line_1_47' title="bbox 1902 683 3407 753; baseline -0.005 -7"><span class='ocrx_word' id='word_1_271' title='bbox 1902 692 1956 746; x_wconf 91' lang='lat'><strong>8.</strong></span> <span class='ocrx_word' id='word_1_272' title='bbox 1985 694 2106 747; x_wconf 66' lang='lat' dir='ltr'><strong>Prae</strong></span> <span class='ocrx_word' id='word_1_273' title='bbox 2153 691 2406 746; x_wconf 91' lang='lat' dir='ltr'><strong>omnibus</strong></span> <span class='ocrx_word' id='word_1_274' title='bbox 2438 690 2672 744; x_wconf 87' lang='lat' dir='ltr'><strong>animam</strong></span> <span class='ocrx_word' id='word_1_275' title='bbox 2706 686 2939 750; x_wconf 71' lang='lat' dir='ltr'><strong>aestima,</strong></span> <span class='ocrx_word' id='word_1_276' title='bbox 2972 686 3160 753; x_wconf 87' lang='lat' dir='ltr'><strong>sicque</strong></span> <span class='ocrx_word' id='word_1_277' title='bbox 3187 683 3407 738; x_wconf 86' lang='lat' dir='ltr'><strong>virtutis</strong></span> 
     </span>
    </p>
   </div>
   <div class='ocr_carea' id='block_1_48' title="bbox 1833 775 3406 848">
    <p class='ocr_par' dir='ltr' id='par_1_48' title="bbox 1833 775 3406 848">
     <span class='ocr_line' id='line_1_48' title="bbox 1833 775 3406 848; baseline -0.01 -9"><span class='ocrx_word' id='word_1_278' title='bbox 1833 798 2030 839; x_wconf 88' lang='lat' dir='ltr'><strong>cursus</strong></span> <span class='ocrx_word' id='word_1_279' title='bbox 2069 781 2189 837; x_wconf 83' lang='lat' dir='ltr'><strong>sine</strong></span> <span class='ocrx_word' id='word_1_280' title='bbox 2227 781 2417 834; x_wconf 91' lang='lat' dir='ltr'><strong>labore</strong></span> <span class='ocrx_word' id='word_1_281' title='bbox 2448 779 2764 848; x_wconf 81' lang='lat' dir='ltr'><strong>perﬁcitur:</strong></span> <span class='ocrx_word' id='word_1_282' title='bbox 2797 775 2979 831; x_wconf 86' lang='lat' dir='ltr'><strong>omnia</strong></span> <span class='ocrx_word' id='word_1_283' title='bbox 3017 789 3250 842; x_wconf 82' lang='lat' dir='ltr'><strong>namque</strong></span> <span class='ocrx_word' id='word_1_284' title='bbox 3278 788 3406 825; x_wconf 79' lang='lat' dir='ltr'><strong>cor-</strong></span> 
     </span>
    </p>
   </div>
   <div class='ocr_carea' id='block_1_49' title="bbox 1833 864 3411 944">
    <p class='ocr_par' dir='ltr' id='par_1_49' title="bbox 1833 864 3411 944">
     <span class='ocr_line' id='line_1_49' title="bbox 1833 864 3411 944; baseline -0.007 -16"><span class='ocrx_word' id='word_1_285' title='bbox 1833 873 2109 944; x_wconf 89' lang='lat' dir='ltr'><strong>ruptibilia</strong></span> <span class='ocrx_word' id='word_1_286' title='bbox 2140 882 2289 935; x_wconf 90' lang='lat' dir='ltr'><strong>sunt,</strong></span> <span class='ocrx_word' id='word_1_287' title='bbox 2324 870 2506 924; x_wconf 88' lang='lat' dir='ltr'><strong>anima</strong></span> <span class='ocrx_word' id='word_1_288' title='bbox 2554 885 2683 924; x_wconf 84' lang='lat' dir='ltr'><strong>vero</strong></span> <span class='ocrx_word' id='word_1_289' title='bbox 2738 866 3102 929; x_wconf 77' lang='lat' dir='ltr'><strong>immortalis;</strong></span> <span class='ocrx_word' id='word_1_290' title='bbox 3156 864 3411 919; x_wconf 90' lang='lat' dir='ltr'><strong>convenit</strong></span> 
     </span>
    </p>
   </div>
   <div class='ocr_carea' id='block_1_50' title="bbox 1835 957 3410 1039">
    <p class='ocr_par' dir='ltr' id='par_1_50' title="bbox 1835 957 3410 1039">
     <span class='ocr_line' id='line_1_50' title="bbox 1835 957 3410 1039; baseline -0.008 -17"><span class='ocrx_word' id='word_1_291' title='bbox 1835 968 2000 1039; x_wconf 78' lang='lat' dir='ltr'><strong>igitur</strong></span> <span class='ocrx_word' id='word_1_292' title='bbox 2057 981 2200 1032; x_wconf 91' lang='lat' dir='ltr'><strong>eam,</strong></span> <span class='ocrx_word' id='word_1_293' title='bbox 2229 980 2351 1035; x_wconf 64' lang='lat' dir='ltr'><strong>quae</strong></span> <span class='ocrx_word' id='word_1_294' title='bbox 2377 962 2571 1018; x_wconf 86' lang='lat' dir='ltr'><strong>mortis</strong></span> <span class='ocrx_word' id='word_1_295' title='bbox 2599 970 2683 1016; x_wconf 89' lang='lat' dir='ltr'><strong>est</strong></span> <span class='ocrx_word' id='word_1_296' title='bbox 2723 974 2941 1030; x_wconf 78' lang='lat' dir='ltr'><strong>expers,</strong></span> <span class='ocrx_word' id='word_1_297' title='bbox 2990 958 3163 1027; x_wconf 88' lang='lat' dir='ltr'><strong>pluris</strong></span> <span class='ocrx_word' id='word_1_298' title='bbox 3229 957 3410 1010; x_wconf 80' lang='lat' dir='ltr'><strong>facere</strong></span> 
     </span>
    </p>
   </div>
   <div class='ocr_carea' id='block_1_51' title="bbox 1834 1055 3194 1131">
    <p class='ocr_par' dir='ltr' id='par_1_51' title="bbox 1834 1055 3194 1131">
     <span class='ocr_line' id='line_1_51' title="bbox 1834 1055 3194 1131; baseline -0.007 -19"><span class='ocrx_word' id='word_1_299' title='bbox 1834 1075 1994 1131; x_wconf 88' lang='lat' dir='ltr'><strong>quam</strong></span> <span class='ocrx_word' id='word_1_300' title='bbox 2028 1055 2425 1127; x_wconf 88' lang='lat' dir='ltr'><strong>corruptibilia.</strong></span> <span class='ocrx_word' id='word_1_301' title='bbox 3190 1098 3194 1103; x_wconf 91' lang='lat'><strong>.</strong></span> 
     </span>
    </p>
   </div>
   <div class='ocr_carea' id='block_1_52' title="bbox 1902 1140 3409 1220">
    <p class='ocr_par' dir='ltr' id='par_1_52' title="bbox 1902 1140 3409 1220">
     <span class='ocr_line' id='line_1_52' title="bbox 1902 1140 3409 1220; baseline -0.01 -14"><span class='ocrx_word' id='word_1_302' title='bbox 1902 1151 1955 1205; x_wconf 91' lang='lat'><strong>9.</strong></span> <span class='ocrx_word' id='word_1_303' title='bbox 1989 1152 2239 1220; x_wconf 68' lang='lat' dir='ltr'><strong>Prmpara</strong></span> <span class='ocrx_word' id='word_1_304' title='bbox 2270 1158 2321 1202; x_wconf 94' lang='lat' dir='ltr'><strong>te</strong></span> <span class='ocrx_word' id='word_1_305' title='bbox 2342 1146 2410 1201; x_wconf 90' lang='lat' dir='ltr'><strong>ad</strong></span> <span class='ocrx_word' id='word_1_306' title='bbox 2436 1160 2501 1201; x_wconf 89' lang='lat' dir='ltr'><strong>ea</strong></span> <span class='ocrx_word' id='word_1_307' title='bbox 2533 1159 2653 1215; x_wconf 74' lang='lat' dir='ltr'><strong>qua:</strong></span> <span class='ocrx_word' id='word_1_308' title='bbox 2676 1142 2905 1197; x_wconf 85' lang='lat' dir='ltr'><strong>molesta</strong></span> <span class='ocrx_word' id='word_1_309' title='bbox 2938 1147 3086 1201; x_wconf 89' lang='lat' dir='ltr'><strong>sunt,</strong></span> <span class='ocrx_word' id='word_1_310' title='bbox 3136 1146 3192 1193; x_wconf 92' lang='lat' dir='ltr'><strong>et</strong></span> <span class='ocrx_word' id='word_1_311' title='bbox 3250 1140 3409 1208; x_wconf 91' lang='lat' dir='ltr'><strong>plura</strong></span> 
     </span>
    </p>
   </div>
   <div class='ocr_carea' id='block_1_53' title="bbox 1834 1241 2154 1298">
    <p class='ocr_par' dir='ltr' id='par_1_53' title="bbox 1834 1241 2154 1298">
     <span class='ocr_line' id='line_1_53' title="bbox 1834 1241 2154 1298; baseline -0.006 0"><span class='ocrx_word' id='word_1_312' title='bbox 1834 1241 2154 1298; x_wconf 89' lang='lat' dir='ltr'><strong>lucraberis.</strong></span> 
     </span>
    </p>
   </div>
   <div class='ocr_carea' id='block_1_54' title="bbox 1910 1322 3410 1403">
    <p class='ocr_par' dir='ltr' id='par_1_54' title="bbox 1910 1322 3410 1403">
     <span class='ocr_line' id='line_1_54' title="bbox 1910 1322 3410 1403; baseline -0.009 -13"><span class='ocrx_word' id='word_1_313' title='bbox 1910 1334 1995 1390; x_wconf 82' lang='grc'><strong>10.</strong></span> <span class='ocrx_word' id='word_1_314' title='bbox 2030 1332 2108 1388; x_wconf 85' lang='lat' dir='ltr'><strong>Ne</strong></span> <span class='ocrx_word' id='word_1_315' title='bbox 2137 1344 2351 1403; x_wconf 62' lang='lat' dir='ltr'><strong>quaeras</strong></span> <span class='ocrx_word' id='word_1_316' title='bbox 2375 1344 2407 1384; x_wconf 89' lang='lat' dir='ltr'><strong>a</strong></span> <span class='ocrx_word' id='word_1_317' title='bbox 2432 1328 2544 1383; x_wconf 91' lang='lat' dir='ltr'><strong>Deo</strong></span> <span class='ocrx_word' id='word_1_318' title='bbox 2566 1325 2776 1390; x_wconf 79' lang='lat' dir='ltr'><strong>suavia,</strong></span> <span class='ocrx_word' id='word_1_319' title='bbox 2807 1324 2900 1380; x_wconf 87' lang='lat' dir='ltr'><strong>sed</strong></span> <span class='ocrx_word' id='word_1_320' title='bbox 2928 1338 2991 1378; x_wconf 92' lang='lat' dir='ltr'><strong>ea</strong></span> <span class='ocrx_word' id='word_1_321' title='bbox 3013 1322 3128 1378; x_wconf 88' lang='lat' dir='ltr'><strong>sola</strong></span> <span class='ocrx_word' id='word_1_322' title='bbox 3144 1336 3264 1391; x_wconf 84' lang='lat' dir='ltr'><strong>quae</strong></span> <span class='ocrx_word' id='word_1_323' title='bbox 3281 1328 3410 1377; x_wconf 80' lang='lat' dir='ltr'><strong>sunt</strong></span> 
     </span>
    </p>
   </div>
   <div class='ocr_carea' id='block_1_55' title="bbox 1836 1413 3411 1492">
    <p class='ocr_par' dir='ltr' id='par_1_55' title="bbox 1836 1413 3411 1492">
     <span class='ocr_line' id='line_1_55' title="bbox 1836 1413 3411 1492; baseline -0.011 -11"><span class='ocrx_word' id='word_1_324' title='bbox 1836 1426 2023 1492; x_wconf 83' lang='lat' dir='ltr'><strong>utilia;</strong></span> <span class='ocrx_word' id='word_1_325' title='bbox 2079 1423 2169 1478; x_wconf 90' lang='lat' dir='ltr'><strong>illa</strong></span> <span class='ocrx_word' id='word_1_326' title='bbox 2201 1422 2346 1477; x_wconf 92' lang='lat' dir='ltr'><strong>enim</strong></span> <span class='ocrx_word' id='word_1_327' title='bbox 2376 1418 2675 1489; x_wconf 85' lang='lat' dir='ltr'><strong>requisitus</strong></span> <span class='ocrx_word' id='word_1_328' title='bbox 2722 1415 2889 1482; x_wconf 89' lang='lat' dir='ltr'><strong>Deus,</strong></span> <span class='ocrx_word' id='word_1_329' title='bbox 2920 1429 3029 1469; x_wconf 90' lang='lat' dir='ltr'><strong>nou</strong></span> <span class='ocrx_word' id='word_1_330' title='bbox 3060 1414 3153 1468; x_wconf 90' lang='lat' dir='ltr'><strong>dat</strong></span> <span class='ocrx_word' id='word_1_331' title='bbox 3181 1429 3197 1479; x_wconf 92' lang='lat'><strong>;</strong></span> <span class='ocrx_word' id='word_1_332' title='bbox 3227 1413 3271 1467; x_wconf 88' lang='lat' dir='ltr'><strong>si</strong></span> <span class='ocrx_word' id='word_1_333' title='bbox 3306 1427 3411 1466; x_wconf 91' lang='lat' dir='ltr'><strong>au-</strong></span> 
     </span>
    </p>
   </div>
   <div class='ocr_carea' id='block_1_56' title="bbox 1839 1510 2846 1582">
    <p class='ocr_par' dir='ltr' id='par_1_56' title="bbox 1839 1510 2846 1582">
     <span class='ocr_line' id='line_1_56' title="bbox 1839 1510 2846 1582; baseline -0.014 -10"><span class='ocrx_word' id='word_1_334' title='bbox 1839 1526 1946 1572; x_wconf 92' lang='lat' dir='ltr'><strong>tem</strong></span> <span class='ocrx_word' id='word_1_335' title='bbox 1978 1521 2033 1569; x_wconf 87' lang='lat' dir='ltr'><strong>et</strong></span> <span class='ocrx_word' id='word_1_336' title='bbox 2069 1510 2362 1582; x_wconf 87' lang='lat' dir='ltr'><strong>acceperis,</strong></span> <span class='ocrx_word' id='word_1_337' title='bbox 2400 1514 2846 1575; x_wconf 89' lang='lat' dir='ltr'><strong>corrumpuntur.</strong></span> 
     </span>
    </p>
   </div>
   <div class='ocr_carea' id='block_1_57' title="bbox 1902 1614 3411 1693">
    <p class='ocr_par' dir='ltr' id='par_1_57' title="bbox 1902 1614 3411 1693">
     <span class='ocr_line' id='line_1_57' title="bbox 1902 1614 3411 1693; baseline -0.007 -13"><span class='ocrx_word' id='word_1_338' title='bbox 1902 1625 1991 1682; x_wconf 79' lang='lat' dir='ltr'><strong>ll.</strong></span> <span class='ocrx_word' id='word_1_339' title='bbox 2025 1622 2104 1680; x_wconf 87' lang='lat' dir='ltr'><strong>Ne</strong></span> <span class='ocrx_word' id='word_1_340' title='bbox 2158 1620 2515 1693; x_wconf 85' lang='lat' dir='ltr'><strong>conqueraris</strong></span> <span class='ocrx_word' id='word_1_341' title='bbox 2577 1618 2643 1674; x_wconf 90' lang='lat' dir='ltr'><strong>de</strong></span> <span class='ocrx_word' id='word_1_342' title='bbox 2694 1624 3036 1689; x_wconf 87' lang='lat' dir='ltr'><strong>paupertate,</strong></span> <span class='ocrx_word' id='word_1_343' title='bbox 3075 1614 3238 1685; x_wconf 76' lang='lat'><strong>558</strong></span> <span class='ocrx_word' id='word_1_344' title='bbox 3294 1614 3411 1669; x_wconf 65' lang='lat' dir='ltr'><strong>haec</strong></span> 
     </span>
    </p>
   </div>
   <div class='ocr_carea' id='block_1_58' title="bbox 1835 1706 3223 1790">
    <p class='ocr_par' dir='ltr' id='par_1_58' title="bbox 1835 1706 3223 1790">
     <span class='ocr_line' id='line_1_58' title="bbox 1835 1706 3223 1790; baseline -0.012 -17"><span class='ocrx_word' id='word_1_345' title='bbox 1835 1718 2038 1790; x_wconf 87' lang='lat' dir='ltr'><strong>quippe</strong></span> <span class='ocrx_word' id='word_1_346' title='bbox 2071 1723 2395 1771; x_wconf 87' lang='lat' dir='ltr'><strong>certatorem</strong></span> <span class='ocrx_word' id='word_1_347' title='bbox 2427 1710 2591 1767; x_wconf 77' lang='lat' dir='ltr'><strong>eﬂicit</strong></span> <span class='ocrx_word' id='word_1_348' title='bbox 2615 1725 2645 1763; x_wconf 91' lang='lat' dir='ltr'><strong>a</strong></span> <span class='ocrx_word' id='word_1_349' title='bbox 2676 1709 2790 1780; x_wconf 79' lang='lat' dir='ltr'><strong>lege</strong></span> <span class='ocrx_word' id='word_1_350' title='bbox 2820 1706 3223 1762; x_wconf 85' lang='lat' dir='ltr'><strong>indistractum.</strong></span> 
     </span>
    </p>
   </div>
   <div class='ocr_carea' id='block_1_59' title="bbox 1904 1794 3413 1865">
    <p class='ocr_par' dir='ltr' id='par_1_59' title="bbox 1904 1794 3413 1865">
     <span class='ocr_line' id='line_1_59' title="bbox 1904 1794 3413 1865; baseline -0.009 -4"><span class='ocrx_word' id='word_1_351' title='bbox 1904 1804 2104 1862; x_wconf 76' lang='lat' dir='ltr'><strong>i2.Ne</strong></span> <span class='ocrx_word' id='word_1_352' title='bbox 2131 1803 2420 1860; x_wconf 88' lang='lat' dir='ltr'><strong>oblecteris</strong></span> <span class='ocrx_word' id='word_1_353' title='bbox 2473 1799 2712 1865; x_wconf 81' lang='lat' dir='ltr'><strong>divitiis;</strong></span> <span class='ocrx_word' id='word_1_354' title='bbox 2776 1813 2902 1853; x_wconf 90' lang='lat' dir='ltr'><strong>nam</strong></span> <span class='ocrx_word' id='word_1_355' title='bbox 2954 1812 3099 1851; x_wconf 82' lang='lat' dir='ltr'><strong>curae</strong></span> <span class='ocrx_word' id='word_1_356' title='bbox 3161 1810 3281 1863; x_wconf 64' lang='lat' dir='ltr'><strong>quae</strong></span> <span class='ocrx_word' id='word_1_357' title='bbox 3342 1794 3413 1849; x_wconf 90' lang='lat' dir='ltr'><strong>de</strong></span> 
     </span>
    </p>
   </div>
   <div class='ocr_carea' id='block_1_60' title="bbox 1835 1888 3409 1972">
    <p class='ocr_par' dir='ltr' id='par_1_60' title="bbox 1835 1888 3409 1972">
     <span class='ocr_line' id='line_1_60' title="bbox 1835 1888 3409 1972; baseline -0.011 -15"><span class='ocrx_word' id='word_1_358' title='bbox 1835 1901 1972 1972; x_wconf 88' lang='lat' dir='ltr'><strong>ipsis</strong></span> <span class='ocrx_word' id='word_1_359' title='bbox 2003 1900 2294 1959; x_wconf 85' lang='lat' dir='ltr'><strong>habentur,</strong></span> <span class='ocrx_word' id='word_1_360' title='bbox 2335 1904 2392 1949; x_wconf 89' lang='lat' dir='ltr'><strong>ut</strong></span> <span class='ocrx_word' id='word_1_361' title='bbox 2423 1894 2717 1965; x_wconf 91' lang='lat' dir='ltr'><strong>plurimum</strong></span> <span class='ocrx_word' id='word_1_362' title='bbox 2753 1900 2805 1946; x_wconf 89' lang='lat' dir='ltr'><strong>et</strong></span> <span class='ocrx_word' id='word_1_363' title='bbox 2834 1900 3023 1945; x_wconf 89' lang='lat' dir='ltr'><strong>contra</strong></span> <span class='ocrx_word' id='word_1_364' title='bbox 3054 1888 3223 1943; x_wconf 87' lang='lat' dir='ltr'><strong>animi</strong></span> <span class='ocrx_word' id='word_1_365' title='bbox 3280 1903 3409 1944; x_wconf 90' lang='lat' dir='ltr'><strong>sen-</strong></span> 
     </span>
    </p>
   </div>
   <div class='ocr_carea' id='block_1_61' title="bbox 1837 1982 2881 2060">
    <p class='ocr_par' dir='ltr' id='par_1_61' title="bbox 1837 1982 2881 2060">
     <span class='ocr_line' id='line_1_61' title="bbox 1837 1982 2881 2060; baseline -0.011 -13"><span class='ocrx_word' id='word_1_366' title='bbox 1837 1991 2083 2055; x_wconf 86' lang='lat' dir='ltr'><strong>tentiam,</strong></span> <span class='ocrx_word' id='word_1_367' title='bbox 2113 1994 2367 2060; x_wconf 84' lang='lat' dir='ltr'><strong>separant</strong></span> <span class='ocrx_word' id='word_1_368' title='bbox 2391 1984 2665 2040; x_wconf 86' lang='lat' dir='ltr'><strong>hominem</strong></span> <span class='ocrx_word' id='word_1_369' title='bbox 2693 1999 2723 2036; x_wconf 93' lang='lat' dir='ltr'><strong>a</strong></span> <span class='ocrx_word' id='word_1_370' title='bbox 2753 1982 2881 2037; x_wconf 90' lang='lat' dir='ltr'><strong>Deo.</strong></span> 
     </span>
    </p>
   </div>
   <div class='ocr_carea' id='block_1_62' title="bbox 1908 2069 3411 2152">
    <p class='ocr_par' dir='ltr' id='par_1_62' title="bbox 1908 2069 3411 2152">
     <span class='ocr_line' id='line_1_62' title="bbox 1908 2069 3411 2152; baseline -0.011 -15"><span class='ocrx_word' id='word_1_371' title='bbox 1908 2082 1996 2137; x_wconf 80' lang='grc'><strong>15.</strong></span> <span class='ocrx_word' id='word_1_372' title='bbox 2027 2080 2202 2152; x_wconf 87' lang='lat' dir='ltr'><strong>Prope</strong></span> <span class='ocrx_word' id='word_1_373' title='bbox 2228 2087 2312 2135; x_wconf 90' lang='lat' dir='ltr'><strong>est</strong></span> <span class='ocrx_word' id='word_1_374' title='bbox 2342 2077 2502 2144; x_wconf 78' lang='lat' dir='ltr'><strong>linis;</strong></span> <span class='ocrx_word' id='word_1_375' title='bbox 2536 2075 2629 2146; x_wconf 92' lang='lat' dir='ltr'><strong>qui</strong></span> <span class='ocrx_word' id='word_1_376' title='bbox 2658 2074 2903 2145; x_wconf 80' lang='lat' dir='ltr'><strong>pigritat,</strong></span> <span class='ocrx_word' id='word_1_377' title='bbox 2938 2071 3003 2126; x_wconf 91' lang='lat' dir='ltr'><strong>ad</strong></span> <span class='ocrx_word' id='word_1_378' title='bbox 3039 2069 3207 2141; x_wconf 78' lang='lat' dir='ltr'><strong>ﬂagra</strong></span> <span class='ocrx_word' id='word_1_379' title='bbox 3269 2082 3411 2138; x_wconf 63' lang='lat' dir='ltr'><strong>prai-</strong></span> 
     </span>
    </p>
   </div>
   <div class='ocr_carea' id='block_1_63' title="bbox 1836 2183 2079 2245">
    <p class='ocr_par' dir='ltr' id='par_1_63' title="bbox 1836 2183 2079 2245">
     <span class='ocr_line' id='line_1_63' title="bbox 1836 2183 2079 2245; baseline -0.012 -17"><span class='ocrx_word' id='word_1_380' title='bbox 1836 2183 2079 2245; x_wconf 89' lang='lat' dir='ltr'><strong>paretur.</strong></span> 
     </span>
    </p>
   </div>
   <div class='ocr_carea' id='block_1_64' title="bbox 1910 2252 3415 2334">
    <p class='ocr_par' dir='ltr' id='par_1_64' title="bbox 1910 2252 3415 2334">
     <span class='ocr_line' id='line_1_64' title="bbox 1910 2252 3415 2334; baseline -0.011 -13"><span class='ocrx_word' id='word_1_381' title='bbox 1910 2266 1998 2322; x_wconf 73' lang='grc'><strong>14.</strong></span> <span class='ocrx_word' id='word_1_382' title='bbox 2030 2265 2147 2321; x_wconf 84' lang='grc' dir='ltr'><strong>Νοη</strong></span> <span class='ocrx_word' id='word_1_383' title='bbox 2172 2263 2364 2334; x_wconf 90' lang='lat' dir='ltr'><strong>procul</strong></span> <span class='ocrx_word' id='word_1_384' title='bbox 2414 2270 2498 2319; x_wconf 91' lang='lat' dir='ltr'><strong>est</strong></span> <span class='ocrx_word' id='word_1_385' title='bbox 2525 2271 2720 2327; x_wconf 65' lang='lat' dir='ltr'><strong>aestas;</strong></span> <span class='ocrx_word' id='word_1_386' title='bbox 2773 2272 2964 2329; x_wconf 81' lang='lat' dir='ltr'><strong>agrum</strong></span> <span class='ocrx_word' id='word_1_387' title='bbox 2994 2254 3161 2325; x_wconf 83' lang='lat' dir='ltr'><strong>igitur</strong></span> <span class='ocrx_word' id='word_1_388' title='bbox 3216 2252 3415 2308; x_wconf 71' lang='lat' dir='ltr'><strong>anima:</strong></span> 
     </span>
    </p>
   </div>
   <div class='ocr_carea' id='block_1_65' title="bbox 1836 2357 2425 2431">
    <p class='ocr_par' dir='ltr' id='par_1_65' title="bbox 1836 2357 2425 2431">
     <span class='ocr_line' id='line_1_65' title="bbox 1836 2357 2425 2431; baseline -0.012 -14"><span class='ocrx_word' id='word_1_389' title='bbox 1836 2376 1868 2417; x_wconf 89' lang='lat' dir='ltr'><strong>e</strong></span> <span class='ocrx_word' id='word_1_390' title='bbox 1894 2359 2065 2431; x_wconf 87' lang='lat' dir='ltr'><strong>spinis</strong></span> <span class='ocrx_word' id='word_1_391' title='bbox 2110 2357 2425 2412; x_wconf 86' lang='lat' dir='ltr'><strong>liberemus.</strong></span> 
     </span>
    </p>
   </div>
   <div class='ocr_carea' id='block_1_66' title="bbox 1910 2435 3415 2511">
    <p class='ocr_par' dir='ltr' id='par_1_66' title="bbox 1910 2435 3415 2511">
     <span class='ocr_line' id='line_1_66' title="bbox 1910 2435 3415 2511; baseline -0.011 -5"><span class='ocrx_word' id='word_1_392' title='bbox 1910 2451 2000 2508; x_wconf 77' lang='grc'><strong>15.</strong></span> <span class='ocrx_word' id='word_1_393' title='bbox 2032 2450 2177 2504; x_wconf 81' lang='lat' dir='ltr'><strong>Nihil</strong></span> <span class='ocrx_word' id='word_1_394' title='bbox 2210 2448 2379 2503; x_wconf 92' lang='lat' dir='ltr'><strong>Deum</strong></span> <span class='ocrx_word' id='word_1_395' title='bbox 2406 2447 2560 2510; x_wconf 89' lang='lat' dir='ltr'><strong>latet,</strong></span> <span class='ocrx_word' id='word_1_396' title='bbox 2594 2444 2667 2499; x_wconf 89' lang='lat' dir='ltr'><strong>ita</strong></span> <span class='ocrx_word' id='word_1_397' title='bbox 2701 2450 2780 2508; x_wconf 89' lang='lat' dir='ltr'><strong>ut,</strong></span> <span class='ocrx_word' id='word_1_398' title='bbox 2798 2443 2922 2497; x_wconf 90' lang='lat' dir='ltr'><strong>dum</strong></span> <span class='ocrx_word' id='word_1_399' title='bbox 2958 2453 3268 2511; x_wconf 85' lang='lat' dir='ltr'><strong>peccamus,</strong></span> <span class='ocrx_word' id='word_1_400' title='bbox 3296 2435 3415 2492; x_wconf 76' lang='lat' dir='ltr'><strong>frti-</strong></span> 
     </span>
    </p>
   </div>
   <div class='ocr_carea' id='block_1_67' title="bbox 1839 2538 2707 2600">
    <p class='ocr_par' dir='ltr' id='par_1_67' title="bbox 1839 2538 2707 2600">
     <span class='ocr_line' id='line_1_67' title="bbox 1839 2538 2707 2600; baseline -0.012 0"><span class='ocrx_word' id='word_1_401' title='bbox 1839 2552 1951 2600; x_wconf 82' lang='lat' dir='ltr'><strong>stra</strong></span> <span class='ocrx_word' id='word_1_402' title='bbox 1982 2541 2152 2596; x_wconf 90' lang='lat' dir='ltr'><strong>Deum</strong></span> <span class='ocrx_word' id='word_1_403' title='bbox 2179 2540 2346 2595; x_wconf 88' lang='lat' dir='ltr'><strong>latere</strong></span> <span class='ocrx_word' id='word_1_404' title='bbox 2369 2538 2707 2593; x_wconf 79' lang='lat' dir='ltr'><strong>festinemus.</strong></span> 
     </span>
    </p>
   </div>
   <div class='ocr_carea' id='block_1_68' title="bbox 1912 2618 3414 2693">
    <p class='ocr_par' dir='ltr' id='par_1_68' title="bbox 1912 2618 3414 2693">
     <span class='ocr_line' id='line_1_68' title="bbox 1912 2618 3414 2693; baseline -0.011 -5"><span class='ocrx_word' id='word_1_405' title='bbox 1912 2633 2003 2688; x_wconf 72' lang='lat'><strong>16.</strong></span> <span class='ocrx_word' id='word_1_406' title='bbox 2034 2633 2151 2687; x_wconf 86' lang='lat' dir='ltr'><strong>Prae</strong></span> <span class='ocrx_word' id='word_1_407' title='bbox 2181 2630 2495 2686; x_wconf 90' lang='lat' dir='ltr'><strong>hominibus</strong></span> <span class='ocrx_word' id='word_1_408' title='bbox 2552 2625 2921 2683; x_wconf 86' lang='lat' dir='ltr'><strong>verecundare</strong></span> <span class='ocrx_word' id='word_1_409' title='bbox 2962 2620 3207 2693; x_wconf 80' lang='lat' dir='ltr'><strong>angelos,</strong></span> <span class='ocrx_word' id='word_1_410' title='bbox 3257 2618 3414 2674; x_wconf 91' lang='lat' dir='ltr'><strong>multi</strong></span> 
     </span>
    </p>
   </div>
   <div class='ocr_carea' id='block_1_69' title="bbox 1841 2712 3421 2795">
    <p class='ocr_par' dir='ltr' id='par_1_69' title="bbox 1841 2712 3421 2795">
     <span class='ocr_line' id='line_1_69' title="bbox 1841 2712 3421 2795; baseline -0.009 -15"><span class='ocrx_word' id='word_1_411' title='bbox 1841 2740 2034 2795; x_wconf 90' lang='lat' dir='ltr'><strong>nempe</strong></span> <span class='ocrx_word' id='word_1_412' title='bbox 2080 2723 2238 2779; x_wconf 89' lang='lat' dir='ltr'><strong>nobis</strong></span> <span class='ocrx_word' id='word_1_413' title='bbox 2290 2730 2506 2787; x_wconf 89' lang='lat' dir='ltr'><strong>astant;</strong></span> <span class='ocrx_word' id='word_1_414' title='bbox 2544 2719 2775 2789; x_wconf 88' lang='lat' dir='ltr'><strong>ideoque</strong></span> <span class='ocrx_word' id='word_1_415' title='bbox 2833 2716 2902 2771; x_wconf 90' lang='lat' dir='ltr'><strong>ab</strong></span> <span class='ocrx_word' id='word_1_416' title='bbox 2930 2715 3083 2771; x_wconf 92' lang='lat' dir='ltr'><strong>omni</strong></span> <span class='ocrx_word' id='word_1_417' title='bbox 3130 2712 3421 2783; x_wconf 73' lang='lat' dir='ltr'><strong>seiungere</strong></span> 
     </span>
    </p>
   </div>
   <div class='ocr_carea' id='block_1_70' title="bbox 1842 2815 2255 2886">
    <p class='ocr_par' dir='ltr' id='par_1_70' title="bbox 1842 2815 2255 2886">
     <span class='ocr_line' id='line_1_70' title="bbox 1842 2815 2255 2886; baseline -0.01 -15"><span class='ocrx_word' id='word_1_418' title='bbox 1842 2816 1987 2886; x_wconf 77' lang='lat' dir='ltr'><strong>turpi</strong></span> <span class='ocrx_word' id='word_1_419' title='bbox 2021 2815 2255 2869; x_wconf 88' lang='lat' dir='ltr'><strong>actione.</strong></span> 
     </span>
    </p>
   </div>
   <div class='ocr_carea' id='block_1_71' title="bbox 1914 2893 3418 2967">
    <p class='ocr_par' dir='ltr' id='par_1_71' title="bbox 1914 2893 3418 2967">
     <span class='ocr_line' id='line_1_71' title="bbox 1914 2893 3418 2967; baseline -0.01 -3"><span class='ocrx_word' id='word_1_420' title='bbox 1914 2910 2001 2964; x_wconf 83' lang='lat' dir='ltr'><strong>l7.</strong></span> <span class='ocrx_word' id='word_1_421' title='bbox 2050 2907 2329 2962; x_wconf 88' lang='lat' dir='ltr'><strong>Sollicitus</strong></span> <span class='ocrx_word' id='word_1_422' title='bbox 2358 2915 2477 2960; x_wconf 92' lang='lat' dir='ltr'><strong>esto</strong></span> <span class='ocrx_word' id='word_1_423' title='bbox 2507 2905 2575 2958; x_wconf 87' lang='lat' dir='ltr'><strong>de</strong></span> <span class='ocrx_word' id='word_1_424' title='bbox 2609 2906 2764 2957; x_wconf 89' lang='lat' dir='ltr'><strong>lance</strong></span> <span class='ocrx_word' id='word_1_425' title='bbox 2796 2900 3028 2967; x_wconf 76' lang='lat' dir='ltr'><strong>Iudicis,</strong></span> <span class='ocrx_word' id='word_1_426' title='bbox 3069 2906 3125 2955; x_wconf 90' lang='lat' dir='ltr'><strong>et</strong></span> <span class='ocrx_word' id='word_1_427' title='bbox 3184 2896 3230 2952; x_wconf 90' lang='lat' dir='ltr'><strong>si</strong></span> <span class='ocrx_word' id='word_1_428' title='bbox 3284 2893 3418 2965; x_wconf 89' lang='lat' dir='ltr'><strong>quid</strong></span> 
     </span>
    </p>
   </div>
   <div class='ocr_carea' id='block_1_72' title="bbox 1844 2988 3415 3060">
    <p class='ocr_par' dir='ltr' id='par_1_72' title="bbox 1844 2988 3415 3060">
     <span class='ocr_line' id='line_1_72' title="bbox 1844 2988 3415 3060; baseline -0.01 -2"><span class='ocrx_word' id='word_1_429' title='bbox 1844 3001 1940 3058; x_wconf 88' lang='lat' dir='ltr'><strong>tibi</strong></span> <span class='ocrx_word' id='word_1_430' title='bbox 1969 2999 2251 3057; x_wconf 89' lang='lat' dir='ltr'><strong>sordidum</strong></span> <span class='ocrx_word' id='word_1_431' title='bbox 2282 3006 2369 3053; x_wconf 90' lang='lat' dir='ltr'><strong>est</strong></span> <span class='ocrx_word' id='word_1_432' title='bbox 2424 2995 2744 3051; x_wconf 89' lang='lat' dir='ltr'><strong>tentationis</strong></span> <span class='ocrx_word' id='word_1_433' title='bbox 2782 2991 3086 3057; x_wconf 66' lang='lat' dir='ltr'><strong>saecularis,</strong></span> <span class='ocrx_word' id='word_1_434' title='bbox 3144 2988 3415 3060; x_wconf 84' lang='lat' dir='ltr'><strong>ejicietur.</strong></span> 
     </span>
    </p>
   </div>
   <div class='ocr_carea' id='block_1_73' title="bbox 1913 3182 3421 3258">
    <p class='ocr_par' dir='ltr' id='par_1_73' title="bbox 1913 3182 3421 3258">
     <span class='ocr_line' id='line_1_73' title="bbox 1913 3182 3421 3258; baseline -0.011 -8"><span class='ocrx_word' id='word_1_435' title='bbox 1913 3195 2001 3250; x_wconf 79' lang='grc'><strong>18.</strong></span> <span class='ocrx_word' id='word_1_436' title='bbox 2036 3192 2197 3256; x_wconf 89' lang='lat' dir='ltr'><strong>Puta,</strong></span> <span class='ocrx_word' id='word_1_437' title='bbox 2227 3192 2424 3254; x_wconf 89' lang='lat' dir='ltr'><strong>otium,</strong></span> <span class='ocrx_word' id='word_1_438' title='bbox 2459 3197 2513 3243; x_wconf 89' lang='lat' dir='ltr'><strong>et</strong></span> <span class='ocrx_word' id='word_1_439' title='bbox 2546 3186 2789 3258; x_wconf 88' lang='lat' dir='ltr'><strong>requiem</strong></span> <span class='ocrx_word' id='word_1_440' title='bbox 2849 3199 2972 3239; x_wconf 88' lang='lat' dir='ltr'><strong>esse</strong></span> <span class='ocrx_word' id='word_1_441' title='bbox 3001 3182 3262 3237; x_wconf 91' lang='lat' dir='ltr'><strong>damnum</strong></span> <span class='ocrx_word' id='word_1_442' title='bbox 3284 3220 3300 3243; x_wconf 87' lang='lat'><strong>,</strong></span> <span class='ocrx_word' id='word_1_443' title='bbox 3362 3188 3421 3235; x_wconf 90' lang='lat' dir='ltr'><strong>et</strong></span> 
     </span>
    </p>
   </div>
   <div class='ocr_carea' id='block_1_74' title="bbox 1841 3275 3422 3353">
    <p class='ocr_par' dir='ltr' id='par_1_74' title="bbox 1841 3275 3422 3353">
     <span class='ocr_line' id='line_1_74' title="bbox 1841 3275 3422 3353; baseline -0.009 -12"><span class='ocrx_word' id='word_1_444' title='bbox 1841 3285 2039 3342; x_wconf 81' lang='lat' dir='ltr'><strong>festina</strong></span> <span class='ocrx_word' id='word_1_445' title='bbox 2076 3283 2253 3339; x_wconf 81' lang='lat' dir='ltr'><strong>facere</strong></span> <span class='ocrx_word' id='word_1_446' title='bbox 2297 3280 2579 3353; x_wconf 86' lang='lat' dir='ltr'><strong>quidpiam</strong></span> <span class='ocrx_word' id='word_1_447' title='bbox 2626 3292 2817 3334; x_wconf 89' lang='lat' dir='ltr'><strong>eorum</strong></span> <span class='ocrx_word' id='word_1_448' title='bbox 2849 3292 2971 3348; x_wconf 71' lang='lat' dir='ltr'><strong>quae</strong></span> <span class='ocrx_word' id='word_1_449' title='bbox 3016 3292 3046 3330; x_wconf 89' lang='lat' dir='ltr'><strong>a</strong></span> <span class='ocrx_word' id='word_1_450' title='bbox 3078 3275 3235 3331; x_wconf 90' lang='lat' dir='ltr'><strong>nobis</strong></span> <span class='ocrx_word' id='word_1_451' title='bbox 3291 3284 3422 3329; x_wconf 89' lang='lat' dir='ltr'><strong>sunt</strong></span> 
     </span>
    </p>
   </div>
   <div class='ocr_carea' id='block_1_75' title="bbox 1841 3377 2152 3448">
    <p class='ocr_par' dir='ltr' id='par_1_75' title="bbox 1841 3377 2152 3448">
     <span class='ocr_line' id='line_1_75' title="bbox 1841 3377 2152 3448; baseline -0.01 -13"><span class='ocrx_word' id='word_1_452' title='bbox 1841 3377 2152 3448; x_wconf 89' lang='lat' dir='ltr'><strong>repetenda.</strong></span> 
     </span>
    </p>
   </div>
   <div class='ocr_carea' id='block_1_76' title="bbox 1916 3461 3419 3539">
    <p class='ocr_par' dir='ltr' id='par_1_76' title="bbox 1916 3461 3419 3539">
     <span class='ocr_line' id='line_1_76' title="bbox 1916 3461 3419 3539; baseline -0.005 -16"><span class='ocrx_word' id='word_1_453' title='bbox 1916 3470 2006 3526; x_wconf 83' lang='grc'>19.</span> <span class='ocrx_word' id='word_1_454' title='bbox 2058 3469 2286 3539; x_wconf 86' lang='lat' dir='ltr'><strong>Semper</strong></span> <span class='ocrx_word' id='word_1_455' title='bbox 2312 3468 2486 3536; x_wconf 78' lang='lat' dir='ltr'><strong>cogita</strong></span> <span class='ocrx_word' id='word_1_456' title='bbox 2518 3465 2940 3521; x_wconf 86' lang='lat' dir='ltr'><strong>inconstantiam</strong></span> <span class='ocrx_word' id='word_1_457' title='bbox 2994 3463 3135 3529; x_wconf 77' lang='lat' dir='ltr'><strong>vitae,</strong></span> <span class='ocrx_word' id='word_1_458' title='bbox 3168 3461 3419 3531; x_wconf 80' lang='lat' dir='ltr'><strong>nihilque</strong></span> 
     </span>
    </p>
   </div>
   <div class='ocr_carea' id='block_1_77' title="bbox 1843 3556 3248 3631">
    <p class='ocr_par' dir='ltr' id='par_1_77' title="bbox 1843 3556 3248 3631">
     <span class='ocr_line' id='line_1_77' title="bbox 1843 3556 3248 3631; baseline -0.006 -14"><span class='ocrx_word' id='word_1_459' title='bbox 1843 3562 2063 3617; x_wconf 90' lang='lat' dir='ltr'><strong>illorum</strong></span> <span class='ocrx_word' id='word_1_460' title='bbox 2110 3577 2231 3631; x_wconf 71' lang='lat' dir='ltr'><strong>quae</strong></span> <span class='ocrx_word' id='word_1_461' title='bbox 2265 3561 2319 3615; x_wconf 91' lang='lat' dir='ltr'><strong>in</strong></span> <span class='ocrx_word' id='word_1_462' title='bbox 2344 3576 2405 3615; x_wconf 90' lang='lat' dir='ltr'><strong>ea</strong></span> <span class='ocrx_word' id='word_1_463' title='bbox 2435 3570 2580 3625; x_wconf 92' lang='lat' dir='ltr'><strong>sunt,</strong></span> <span class='ocrx_word' id='word_1_464' title='bbox 2613 3567 2665 3614; x_wconf 92' lang='lat' dir='ltr'><strong>te</strong></span> <span class='ocrx_word' id='word_1_465' title='bbox 2690 3558 2891 3629; x_wconf 86' lang='lat' dir='ltr'><strong>poterit</strong></span> <span class='ocrx_word' id='word_1_466' title='bbox 2921 3556 3248 3612; x_wconf 89' lang='lat' dir='ltr'><strong>distrahere.</strong></span> 
     </span>
    </p>
   </div>
   <div class='ocr_carea' id='block_1_78' title="bbox 1910 3649 3420 3725">
    <p class='ocr_par' dir='ltr' id='par_1_78' title="bbox 1910 3649 3420 3725">
     <span class='ocr_line' id='line_1_78' title="bbox 1910 3649 3420 3725; baseline -0.003 -16"><span class='ocrx_word' id='word_1_467' title='bbox 1910 3656 2003 3711; x_wconf 87' lang='lat'><strong>20.</strong></span> <span class='ocrx_word' id='word_1_468' title='bbox 2055 3654 2346 3725; x_wconf 89' lang='lat' dir='ltr'><strong>Splendida</strong></span> <span class='ocrx_word' id='word_1_469' title='bbox 2387 3654 2530 3708; x_wconf 91' lang='lat' dir='ltr'><strong>bona</strong></span> <span class='ocrx_word' id='word_1_470' title='bbox 2578 3662 2738 3708; x_wconf 68' lang='lat' dir='ltr'><strong>terrae</strong></span> <span class='ocrx_word' id='word_1_471' title='bbox 2768 3666 3113 3721; x_wconf 90' lang='lat' dir='ltr'><strong>nequaquam</strong></span> <span class='ocrx_word' id='word_1_472' title='bbox 3171 3661 3222 3704; x_wconf 89' lang='lat' dir='ltr'><strong>te</strong></span> <span class='ocrx_word' id='word_1_473' title='bbox 3274 3649 3420 3705; x_wconf 84' lang='lat' dir='ltr'><strong>dele-</strong></span> 
     </span>
    </p>
   </div>
   <div class='ocr_carea' id='block_1_79' title="bbox 1842 3743 3419 3817">
    <p class='ocr_par' dir='ltr' id='par_1_79' title="bbox 1842 3743 3419 3817">
     <span class='ocr_line' id='line_1_79' title="bbox 1842 3743 3419 3817; baseline -0.005 -14"><span class='ocrx_word' id='word_1_474' title='bbox 1842 3756 2010 3814; x_wconf 92' lang='lat' dir='ltr'><strong>ctent,</strong></span> <span class='ocrx_word' id='word_1_475' title='bbox 2039 3747 2167 3817; x_wconf 89' lang='lat' dir='ltr'><strong>quia</strong></span> <span class='ocrx_word' id='word_1_476' title='bbox 2215 3746 2544 3815; x_wconf 88' lang='lat' dir='ltr'><strong>temporaria</strong></span> <span class='ocrx_word' id='word_1_477' title='bbox 2579 3753 2729 3811; x_wconf 87' lang='lat' dir='ltr'><strong>sunt,</strong></span> <span class='ocrx_word' id='word_1_478' title='bbox 2786 3744 2933 3799; x_wconf 85' lang='lat' dir='ltr'><strong>hami</strong></span> <span class='ocrx_word' id='word_1_479' title='bbox 2974 3757 3212 3812; x_wconf 86' lang='lat' dir='ltr'><strong>namque</strong></span> <span class='ocrx_word' id='word_1_480' title='bbox 3262 3743 3419 3798; x_wconf 81' lang='lat' dir='ltr'><strong>exsi-</strong></span> 
     </span>
    </p>
   </div>
   <div class='ocr_carea' id='block_1_80' title="bbox 1845 3835 3423 3908">
    <p class='ocr_par' dir='ltr' id='par_1_80' title="bbox 1845 3835 3423 3908">
     <span class='ocr_line' id='line_1_80' title="bbox 1845 3835 3423 3908; baseline -0.003 -14"><span class='ocrx_word' id='word_1_481' title='bbox 1845 3848 2016 3904; x_wconf 89' lang='lat' dir='ltr'><strong>stunt,</strong></span> <span class='ocrx_word' id='word_1_482' title='bbox 2068 3840 2304 3893; x_wconf 91' lang='lat' dir='ltr'><strong>animam</strong></span> <span class='ocrx_word' id='word_1_483' title='bbox 2340 3839 2509 3894; x_wconf 88' lang='lat' dir='ltr'><strong>veluti</strong></span> <span class='ocrx_word' id='word_1_484' title='bbox 2550 3839 2758 3908; x_wconf 89' lang='lat' dir='ltr'><strong>piscem</strong></span> <span class='ocrx_word' id='word_1_485' title='bbox 2789 3836 3139 3907; x_wconf 88' lang='lat' dir='ltr'><strong>decipientes,</strong></span> <span class='ocrx_word' id='word_1_486' title='bbox 3196 3844 3250 3891; x_wconf 91' lang='lat' dir='ltr'><strong>et</strong></span> <span class='ocrx_word' id='word_1_487' title='bbox 3286 3835 3423 3890; x_wconf 89' lang='lat' dir='ltr'><strong>reti-</strong></span> 
     </span>
    </p>
   </div>
   <div class='ocr_carea' id='block_1_81' title="bbox 1844 3928 2340 3985">
    <p class='ocr_par' dir='ltr' id='par_1_81' title="bbox 1844 3928 2340 3985">
     <span class='ocr_line' id='line_1_81' title="bbox 1844 3928 2340 3985; baseline -0.002 -1"><span class='ocrx_word' id='word_1_488' title='bbox 1844 3928 1948 3985; x_wconf 88' lang='lat' dir='ltr'><strong>bus</strong></span> <span class='ocrx_word' id='word_1_489' title='bbox 1980 3929 2340 3984; x_wconf 83' lang='lat' dir='ltr'><strong>includentes.</strong></span> 
     </span>
    </p>
   </div>
   <div class='ocr_carea' id='block_1_82' title="bbox 1913 4021 3419 4091">
    <p class='ocr_par' dir='ltr' id='par_1_82' title="bbox 1913 4021 3419 4091">
     <span class='ocr_line' id='line_1_82' title="bbox 1913 4021 3419 4091; baseline -0.001 -17"><span class='ocrx_word' id='word_1_490' title='bbox 1913 4022 2003 4076; x_wconf 79' lang='lat' dir='ltr'><strong>2t.</strong></span> <span class='ocrx_word' id='word_1_491' title='bbox 2033 4021 2261 4077; x_wconf 82' lang='lat' dir='ltr'><strong>Abstine</strong></span> <span class='ocrx_word' id='word_1_492' title='bbox 2287 4036 2317 4075; x_wconf 90' lang='lat' dir='ltr'><strong>a</strong></span> <span class='ocrx_word' id='word_1_493' title='bbox 2340 4021 2751 4087; x_wconf 83' lang='lat' dir='ltr'><strong>tentationibus,</strong></span> <span class='ocrx_word' id='word_1_494' title='bbox 2783 4028 2943 4091; x_wconf 90' lang='lat' dir='ltr'><strong>teque</strong></span> <span class='ocrx_word' id='word_1_495' title='bbox 2971 4027 3282 4090; x_wconf 88' lang='lat' dir='ltr'><strong>promptum</strong></span> <span class='ocrx_word' id='word_1_496' title='bbox 3318 4035 3419 4074; x_wconf 70' lang='lat' dir='ltr'><strong>ex-</strong></span> 
     </span>
    </p>
   </div>
   <div class='ocr_carea' id='block_1_83' title="bbox 1847 4115 2512 4171">
    <p class='ocr_par' dir='ltr' id='par_1_83' title="bbox 1847 4115 2512 4171">
     <span class='ocr_line' id='line_1_83' title="bbox 1847 4115 2512 4171; baseline -0.003 0"><span class='ocrx_word' id='word_1_497' title='bbox 1847 4116 1972 4171; x_wconf 91' lang='lat' dir='ltr'><strong>hibe</strong></span> <span class='ocrx_word' id='word_1_498' title='bbox 2005 4117 2071 4170; x_wconf 92' lang='lat' dir='ltr'><strong>ad</strong></span> <span class='ocrx_word' id='word_1_499' title='bbox 2117 4115 2512 4171; x_wconf 82' lang='lat' dir='ltr'><strong>fortitudinem.</strong></span> 
     </span>
    </p>
   </div>
   <div class='ocr_carea' id='block_1_84' title="bbox 1907 4204 3419 4278">
    <p class='ocr_par' dir='ltr' id='par_1_84' title="bbox 1907 4204 3419 4278">
     <span class='ocr_line' id='line_1_84' title="bbox 1907 4204 3419 4278; baseline -0.003 -17"><span class='ocrx_word' id='word_1_500' title='bbox 1907 4208 1997 4262; x_wconf 88' lang='lat'><strong>22.</strong></span> <span class='ocrx_word' id='word_1_501' title='bbox 2025 4206 2313 4277; x_wconf 88' lang='lat' dir='ltr'><strong>Nunquam</strong></span> <span class='ocrx_word' id='word_1_502' title='bbox 2340 4221 2632 4278; x_wconf 89' lang='lat' dir='ltr'><strong>pauperem</strong></span> <span class='ocrx_word' id='word_1_503' title='bbox 2665 4205 2941 4275; x_wconf 89' lang='lat' dir='ltr'><strong>despicias</strong></span> <span class='ocrx_word' id='word_1_504' title='bbox 2994 4204 3419 4277; x_wconf 83' lang='lat' dir='ltr'><strong>lacrymantem,</strong></span> 
     </span>
    </p>
   </div>
   <div class='ocr_carea' id='block_1_85' title="bbox 1845 4298 3096 4369">
    <p class='ocr_par' dir='ltr' id='par_1_85' title="bbox 1845 4298 3096 4369">
     <span class='ocr_line' id='line_1_85' title="bbox 1845 4298 3096 4369; baseline -0.002 -13"><span class='ocrx_word' id='word_1_505' title='bbox 1845 4316 1914 4356; x_wconf 89' lang='lat' dir='ltr'><strong>ne</strong></span> <span class='ocrx_word' id='word_1_506' title='bbox 1948 4308 2055 4355; x_wconf 75' lang='lat' dir='ltr'><strong>tua:</strong></span> <span class='ocrx_word' id='word_1_507' title='bbox 2090 4300 2356 4356; x_wconf 88' lang='lat' dir='ltr'><strong>orationis</strong></span> <span class='ocrx_word' id='word_1_508' title='bbox 2396 4299 2649 4369; x_wconf 74' lang='lat' dir='ltr'><strong>lacryma:</strong></span> <span class='ocrx_word' id='word_1_509' title='bbox 2705 4298 3096 4368; x_wconf 90' lang='lat' dir='ltr'><strong>despiciantur.</strong></span> 
     </span>
    </p>
   </div>
   <div class='ocr_carea' id='block_1_86' title="bbox 240 4359 1736 4465">
    <p class='ocr_par' dir='ltr' id='par_1_86' title="bbox 240 4359 1736 4434">
     <span class='ocr_line' id='line_1_86' title="bbox 240 4359 1736 4434; baseline 0.001 -22"><span class='ocrx_word' id='word_1_510' title='bbox 240 4366 347 4428; x_wconf 89' lang='grc' dir='ltr'>κγ’.</span> <span class='ocrx_word' id='word_1_511' title='bbox 398 4360 463 4413; x_wconf 85' lang='grc' dir='ltr'><strong>Ἦ</strong></span> <span class='ocrx_word' id='word_1_512' title='bbox 498 4359 786 4427; x_wconf 83' lang='grc' dir='ltr'>φιλοσοφία</span> <span class='ocrx_word' id='word_1_513' title='bbox 830 4359 1014 4430; x_wconf 85' lang='grc' dir='ltr'>κτῆμα</span> <span class='ocrx_word' id='word_1_514' title='bbox 1042 4364 1154 4425; x_wconf 80' lang='grc' dir='ltr'>τοῖς</span> <span class='ocrx_word' id='word_1_515' title='bbox 1184 4360 1493 4434; x_wconf 82' lang='grc' dir='ltr'>ἀνθρώποις</span> <span class='ocrx_word' id='word_1_516' title='bbox 1532 4361 1736 4433; x_wconf 79' lang='grc' dir='ltr'>ἐξαίρε-</span> 
     </span>
    </p>
   </div>
   <div class='ocr_carea' id='block_1_87' title="bbox 1881 4359 3421 4465">
    <p class='ocr_par' dir='ltr' id='par_1_87' title="bbox 1917 4391 3421 4465">
     <span class='ocr_line' id='line_1_87' title="bbox 1917 4391 3421 4465; baseline -0.005 -15"><span class='ocrx_word' id='word_1_517' title='bbox 1917 4395 2008 4450; x_wconf 74' lang='lat'><strong>25.</strong></span> <span class='ocrx_word' id='word_1_518' title='bbox 2043 4394 2339 4465; x_wconf 89' lang='lat' dir='ltr'><strong>Sapientia,</strong></span> <span class='ocrx_word' id='word_1_519' title='bbox 2364 4392 2645 4465; x_wconf 80' lang='lat' dir='ltr'><strong>possessio</strong></span> <span class='ocrx_word' id='word_1_520' title='bbox 2690 4400 2775 4448; x_wconf 90' lang='lat' dir='ltr'><strong>est</strong></span> <span class='ocrx_word' id='word_1_521' title='bbox 2818 4393 3139 4447; x_wconf 87' lang='lat' dir='ltr'><strong>hominibus</strong></span> <span class='ocrx_word' id='word_1_522' title='bbox 3195 4391 3421 4453; x_wconf 80' lang='lat' dir='ltr'><strong>eximia,</strong></span> 
     </span>
    </p>
   </div>
   <div class='ocr_carea' id='block_1_88' title="bbox 162 4448 1742 4526">
    <p class='ocr_par' dir='ltr' id='par_1_88' title="bbox 162 4448 1742 4526">
     <span class='ocr_line' id='line_1_88' title="bbox 162 4448 1742 4526; baseline 0.001 -23"><span class='ocrx_word' id='word_1_523' title='bbox 162 4468 279 4516; x_wconf 90' lang='grc' dir='ltr'>τον,</span> <span class='ocrx_word' id='word_1_524' title='bbox 305 4451 442 4504; x_wconf 80' lang='grc' dir='ltr'>οὖσα</span> <span class='ocrx_word' id='word_1_525' title='bbox 470 4451 526 4503; x_wconf 79' lang='grc' dir='ltr'>δὲ</span> <span class='ocrx_word' id='word_1_526' title='bbox 555 4452 665 4512; x_wconf 85' lang='grc' dir='ltr'>τοῖς</span> <span class='ocrx_word' id='word_1_527' title='bbox 692 4448 999 4520; x_wconf 85' lang='grc' dir='ltr'>ἀνθρώποις</span> <span class='ocrx_word' id='word_1_528' title='bbox 1036 4451 1194 4524; x_wconf 85' lang='grc' dir='ltr'>μόνη,</span> <span class='ocrx_word' id='word_1_529' title='bbox 1232 4455 1379 4526; x_wconf 84' lang='grc' dir='ltr'>μόνῳ</span> <span class='ocrx_word' id='word_1_530' title='bbox 1406 4456 1641 4507; x_wconf 83' lang='grc' dir='ltr'>συνεῖναι</span> <span class='ocrx_word' id='word_1_531' title='bbox 1666 4452 1742 4524; x_wconf 80' lang='grc' dir='ltr'>τῷ</span> 
     </span>
    </p>
   </div>
   <div class='ocr_carea' id='block_1_89' title="bbox 166 4542 794 4612">
    <p class='ocr_par' dir='ltr' id='par_1_89' title="bbox 166 4542 794 4612">
     <span class='ocr_line' id='line_1_89' title="bbox 166 4542 794 4612; baseline 0.003 -17"><span class='ocrx_word' id='word_1_532' title='bbox 166 4558 339 4611; x_wconf 87' lang='grc' dir='ltr'>κεκτη</span> <span class='ocrx_word' id='word_1_533' title='bbox 349 4542 493 4612; x_wconf 80' lang='grc' dir='ltr'>μένῳ</span> <span class='ocrx_word' id='word_1_534' title='bbox 527 4542 794 4612; x_wconf 82' lang='grc' dir='ltr'>βούλεται.</span> 
     </span>
    </p>
   </div>
   <div class='ocr_carea' id='block_1_90' title="bbox 242 4635 1745 4711">
    <p class='ocr_par' dir='ltr' id='par_1_90' title="bbox 242 4635 1745 4711">
     <span class='ocr_line' id='line_1_90' title="bbox 242 4635 1745 4711; baseline 0.004 -24"><span class='ocrx_word' id='word_1_535' title='bbox 242 4635 345 4688; x_wconf 87' lang='grc' dir='ltr'>κδ’.</span> <span class='ocrx_word' id='word_1_536' title='bbox 387 4636 566 4691; x_wconf 85' lang='grc' dir='ltr'>Χιτὼν</span> <span class='ocrx_word' id='word_1_537' title='bbox 596 4638 629 4709; x_wconf 79' lang='grc' dir='ltr'>ὴ</span> <span class='ocrx_word' id='word_1_538' title='bbox 656 4639 825 4711; x_wconf 83' lang='grc' dir='ltr'>ἀρετὴ</span> <span class='ocrx_word' id='word_1_539' title='bbox 854 4639 948 4694; x_wconf 74' lang='grc' dir='ltr'>τοῦ</span> <span class='ocrx_word' id='word_1_540' title='bbox 979 4638 1136 4693; x_wconf 73' lang='grc' dir='ltr'>Θεοῢο</span> <span class='ocrx_word' id='word_1_541' title='bbox 1164 4638 1368 4709; x_wconf 86' lang='grc' dir='ltr'>ταύτην</span> <span class='ocrx_word' id='word_1_542' title='bbox 1400 4639 1616 4709; x_wconf 77' lang='grc' dir='ltr'>ὕφαινε,</span> <span class='ocrx_word' id='word_1_543' title='bbox 1651 4640 1745 4693; x_wconf 74' lang='grc' dir='ltr'>καὶ</span> 
     </span>
    </p>
   </div>
   <div class='ocr_carea' id='block_1_91' title="bbox 164 4726 1390 4802">
    <p class='ocr_par' dir='ltr' id='par_1_91' title="bbox 164 4726 1390 4802">
     <span class='ocr_line' id='line_1_91' title="bbox 164 4726 1390 4802; baseline 0.007 -25"><span class='ocrx_word' id='word_1_544' title='bbox 164 4726 294 4797; x_wconf 76' lang='grc' dir='ltr'>γίνῃ</span> <span class='ocrx_word' id='word_1_545' title='bbox 331 4727 613 4799; x_wconf 82' lang='grc' dir='ltr'>στολιστὴς</span> <span class='ocrx_word' id='word_1_546' title='bbox 636 4729 731 4783; x_wconf 79' lang='grc' dir='ltr'>τοῦ</span> <span class='ocrx_word' id='word_1_547' title='bbox 757 4733 854 4802; x_wconf 82' lang='grc' dir='ltr'>τὴν</span> <span class='ocrx_word' id='word_1_548' title='bbox 884 4731 1065 4785; x_wconf 88' lang='grc' dir='ltr'>κτίσιν</span> <span class='ocrx_word' id='word_1_549' title='bbox 1093 4731 1390 4796; x_wconf 80' lang='grc' dir='ltr'>ὲνδύοντος.</span> 
     </span>
    </p>
   </div>
   <div class='ocr_carea' id='block_1_92' title="bbox 243 4931 1745 5006">
    <p class='ocr_par' dir='ltr' id='par_1_92' title="bbox 243 4931 1745 5006">
     <span class='ocr_line' id='line_1_92' title="bbox 243 4931 1745 5006; baseline 0.005 -24"><span class='ocrx_word' id='word_1_550' title='bbox 243 4936 344 4982; x_wconf 86' lang='grc' dir='ltr'>κε’.</span> <span class='ocrx_word' id='word_1_551' title='bbox 388 4931 530 4984; x_wconf 86' lang='grc' dir='ltr'>Ὅσα</span> <span class='ocrx_word' id='word_1_552' title='bbox 582 4932 675 4985; x_wconf 73' lang='grc' dir='ltr'><strong>ἐπὶ</strong></span> <span class='ocrx_word' id='word_1_553' title='bbox 720 4933 847 5003; x_wconf 84' lang='grc' dir='ltr'>γῆς,</span> <span class='ocrx_word' id='word_1_554' title='bbox 882 4933 1199 4997; x_wconf 81' lang='grc' dir='ltr'>κλέπτεται,</span> <span class='ocrx_word' id='word_1_555' title='bbox 1235 4933 1305 4988; x_wconf 86' lang='grc' dir='ltr'><strong>τά</strong></span> <span class='ocrx_word' id='word_1_556' title='bbox 1349 4937 1471 4988; x_wconf 84' lang='grc' dir='ltr'>κατ’</span> <span class='ocrx_word' id='word_1_557' title='bbox 1520 4936 1745 5006; x_wconf 72' lang='grc' dir='ltr'>οὐρανὸν</span> 
     </span>
    </p>
   </div>
   <div class='ocr_carea' id='block_1_93' title="bbox 170 5021 1747 5093">
    <p class='ocr_par' dir='ltr' id='par_1_93' title="bbox 170 5021 1747 5093">
     <span class='ocr_line' id='line_1_93' title="bbox 170 5021 1747 5093; baseline 0.004 -20"><span class='ocrx_word' id='word_1_558' title='bbox 170 5021 432 5091; x_wconf 73' lang='grc' dir='ltr'>ἐργάζου,</span> <span class='ocrx_word' id='word_1_559' title='bbox 466 5022 640 5078; x_wconf 80' lang='grc' dir='ltr'>ταῦτα</span> <span class='ocrx_word' id='word_1_560' title='bbox 670 5024 780 5093; x_wconf 61' lang='grc' dir='ltr'>γὰρ</span> <span class='ocrx_word' id='word_1_561' title='bbox 815 5026 941 5089; x_wconf 81' lang='grc' dir='ltr'>τοὺς</span> <span class='ocrx_word' id='word_1_562' title='bbox 974 5025 1083 5079; x_wconf 87' lang='grc' dir='ltr'>τῶν</span> <span class='ocrx_word' id='word_1_563' title='bbox 1116 5026 1402 5080; x_wconf 84' lang='grc' dir='ltr'>συλώντων</span> <span class='ocrx_word' id='word_1_564' title='bbox 1449 5028 1747 5092; x_wconf 82' lang='grc' dir='ltr'>δακτύλους</span> 
     </span>
    </p>
   </div>
   <div class='ocr_carea' id='block_1_94' title="bbox 171 5114 632 5185">
    <p class='ocr_par' dir='ltr' id='par_1_94' title="bbox 171 5114 632 5185">
     <span class='ocr_line' id='line_1_94' title="bbox 171 5114 632 5185; baseline 0.004 -18"><span class='ocrx_word' id='word_1_565' title='bbox 171 5114 274 5167; x_wconf 75' lang='grc' dir='ltr'>οὐκ</span> <span class='ocrx_word' id='word_1_566' title='bbox 303 5114 632 5185; x_wconf 69' lang='grc' dir='ltr'>εἰσέρχεται.</span> 
     </span>
    </p>
   </div>
   <div class='ocr_carea' id='block_1_95' title="bbox 244 5206 1747 5285">
    <p class='ocr_par' dir='ltr' id='par_1_95' title="bbox 244 5206 1747 5285">
     <span class='ocr_line' id='line_1_95' title="bbox 244 5206 1747 5285; baseline 0.005 -27"><span class='ocrx_word' id='word_1_567' title='bbox 244 5212 361 5272; x_wconf 81' lang='grc' dir='ltr'>κς·’.</span> <span class='ocrx_word' id='word_1_568' title='bbox 427 5206 816 5276; x_wconf 85' lang='grc' dir='ltr'>Παραιτεῖσθαι</span> <span class='ocrx_word' id='word_1_569' title='bbox 873 5209 956 5263; x_wconf 85' lang='grc' dir='ltr'>δεῖ</span> <span class='ocrx_word' id='word_1_570' title='bbox 1008 5210 1071 5263; x_wconf 85' lang='grc' dir='ltr'><strong>τὸ</strong></span> <span class='ocrx_word' id='word_1_571' title='bbox 1124 5212 1369 5285; x_wconf 80' lang='grc' dir='ltr'>τρυφᾷν,</span> <span class='ocrx_word' id='word_1_572' title='bbox 1426 5211 1575 5265; x_wconf 78' lang='grc' dir='ltr'>ἕλκει</span> <span class='ocrx_word' id='word_1_573' title='bbox 1638 5211 1747 5285; x_wconf 83' lang='grc' dir='ltr'>γὰρ</span> 
     </span>
    </p>
   </div>
   <div class='ocr_carea' id='block_1_96' title="bbox 170 5296 1748 5392">
    <p class='ocr_par' dir='ltr' id='par_1_96' title="bbox 170 5296 1748 5392">
     <span class='ocr_line' id='line_1_96' title="bbox 170 5296 1748 5392; baseline 0.005 -41"><span class='ocrx_word' id='word_1_574' title='bbox 170 5298 258 5392; x_wconf 73' lang='grc' dir='ltr'><strong>εἰς</strong></span> <span class='ocrx_word' id='word_1_575' title='bbox 309 5297 572 5392; x_wconf 67' lang='grc' dir='ltr'>πράξεις,</span> <span class='ocrx_word' id='word_1_576' title='bbox 624 5302 718 5372; x_wconf 80' lang='grc' dir='ltr'>ἀφ’</span> <span class='ocrx_word' id='word_1_577' title='bbox 764 5296 839 5356; x_wconf 80' lang='grc' dir='ltr'>ὧν</span> <span class='ocrx_word' id='word_1_578' title='bbox 897 5304 1194 5375; x_wconf 70' lang='grc' dir='ltr'>στεναγμοὶ</span> <span class='ocrx_word' id='word_1_579' title='bbox 1243 5304 1380 5375; x_wconf 86' lang='grc' dir='ltr'><strong>μετά</strong></span> <span class='ocrx_word' id='word_1_580' title='bbox 1431 5305 1530 5377; x_wconf 82' lang='grc' dir='ltr'><strong>τὴν</strong></span> <span class='ocrx_word' id='word_1_581' title='bbox 1588 5304 1748 5375; x_wconf 71' lang='grc' dir='ltr'>νῆψιν</span> 
     </span>
    </p>
   </div>
   <div class='ocr_carea' id='block_1_97' title="bbox 171 5389 439 5461">
    <p class='ocr_par' dir='ltr' id='par_1_97' title="bbox 171 5389 439 5461">
     <span class='ocr_line' id='line_1_97' title="bbox 171 5389 439 5461; baseline -0.007 -17"><span class='ocrx_word' id='word_1_582' title='bbox 171 5389 439 5461; x_wconf 88' lang='grc' dir='ltr'>γίνονται.</span> 
     </span>
    </p>
   </div>
   <div class='ocr_carea' id='block_1_98' title="bbox 244 5480 1747 5558">
    <p class='ocr_par' dir='ltr' id='par_1_98' title="bbox 244 5480 1747 5558">
     <span class='ocr_line' id='line_1_98' title="bbox 244 5480 1747 5558; baseline 0.003 -21"><span class='ocrx_word' id='word_1_583' title='bbox 244 5480 351 5548; x_wconf 78' lang='grc' dir='ltr'>κζ’.</span> <span class='ocrx_word' id='word_1_584' title='bbox 410 5484 549 5549; x_wconf 82' lang='grc' dir='ltr'>Τοὺς</span> <span class='ocrx_word' id='word_1_585' title='bbox 591 5485 887 5556; x_wconf 75' lang='grc' dir='ltr'>λογισμοὺς</span> <span class='ocrx_word' id='word_1_586' title='bbox 938 5485 1163 5555; x_wconf 80' lang='grc' dir='ltr'>ἄμεινον</span> <span class='ocrx_word' id='word_1_587' title='bbox 1204 5485 1334 5549; x_wconf 80' lang='grc' dir='ltr'>τοὺς</span> <span class='ocrx_word' id='word_1_588' title='bbox 1385 5485 1747 5558; x_wconf 84' lang='grc' dir='ltr'>φιλοσάρκους</span> 
     </span>
    </p>
   </div>
   <div class='ocr_carea' id='block_1_99' title="bbox 174 5569 1748 5649">
    <p class='ocr_par' dir='ltr' id='par_1_99' title="bbox 174 5569 1748 5649">
     <span class='ocr_line' id='line_1_99' title="bbox 174 5569 1748 5649; baseline 0.004 -26"><span class='ocrx_word' id='word_1_589' title='bbox 174 5569 576 5640; x_wconf 78' lang='grc' dir='ltr'>βδελύττεσθαι,</span> <span class='ocrx_word' id='word_1_590' title='bbox 611 5573 889 5646; x_wconf 83' lang='grc' dir='ltr'>φθείρουσι</span> <span class='ocrx_word' id='word_1_591' title='bbox 918 5574 1028 5646; x_wconf 82' lang='grc' dir='ltr'>γὰρ</span> <span class='ocrx_word' id='word_1_592' title='bbox 1055 5573 1118 5628; x_wconf 80' lang='grc' dir='ltr'><strong>τὸ</strong></span> <span class='ocrx_word' id='word_1_593' title='bbox 1150 5574 1330 5647; x_wconf 86' lang='grc' dir='ltr'>σῶμα,</span> <span class='ocrx_word' id='word_1_594' title='bbox 1379 5576 1475 5630; x_wconf 77' lang='grc' dir='ltr'><strong>καὶ</strong></span> <span class='ocrx_word' id='word_1_595' title='bbox 1503 5576 1603 5648; x_wconf 80' lang='grc' dir='ltr'><strong>τὴν</strong></span> <span class='ocrx_word' id='word_1_596' title='bbox 1644 5578 1748 5649; x_wconf 71' lang='grc' dir='ltr'><strong>ψυ-</strong></span> 
     </span>
    </p>
   </div>
   <div class='ocr_carea' id='block_1_100' title="bbox 177 5663 648 5733">
    <p class='ocr_par' dir='ltr' id='par_1_100' title="bbox 177 5663 648 5733">
     <span class='ocr_line' id='line_1_100' title="bbox 177 5663 648 5733; baseline 0.008 -17"><span class='ocrx_word' id='word_1_597' title='bbox 177 5663 278 5733; x_wconf 78' lang='grc' dir='ltr'><strong>χὴν</strong></span> <span class='ocrx_word' id='word_1_598' title='bbox 312 5664 648 5733; x_wconf 79' lang='grc' dir='ltr'>μολύνουσιν.</span> 
     </span>
    </p>
   </div>
   <div class='ocr_carea' id='block_1_101' title="bbox 248 5757 1744 5834">
    <p class='ocr_par' dir='ltr' id='par_1_101' title="bbox 248 5757 1744 5834">
     <span class='ocr_line' id='line_1_101' title="bbox 248 5757 1744 5834; baseline 0.005 -21"><span class='ocrx_word' id='word_1_599' title='bbox 248 5765 352 5828; x_wconf 78' lang='grc' dir='ltr'>κη’.</span> <span class='ocrx_word' id='word_1_600' title='bbox 396 5757 531 5813; x_wconf 68' lang='grc' dir='ltr'><strong>Οὐδὲ</strong></span> <span class='ocrx_word' id='word_1_601' title='bbox 574 5759 639 5814; x_wconf 80' lang='grc' dir='ltr'>τὰ</span> <span class='ocrx_word' id='word_1_602' title='bbox 684 5758 797 5831; x_wconf 64' lang='grc' dir='ltr'>τῆςξ</span> <span class='ocrx_word' id='word_1_603' title='bbox 822 5762 923 5832; x_wconf 79' lang='grc' dir='ltr'><strong>γῆς</strong></span> <span class='ocrx_word' id='word_1_604' title='bbox 965 5759 1143 5830; x_wconf 85' lang='grc' dir='ltr'>ἁγαθά</span> <span class='ocrx_word' id='word_1_605' title='bbox 1177 5761 1344 5834; x_wconf 72' lang='grc' dir='ltr'>χωρὶς</span> <span class='ocrx_word' id='word_1_606' title='bbox 1373 5761 1557 5821; x_wconf 83' lang='grc' dir='ltr'>κόπων</span> <span class='ocrx_word' id='word_1_607' title='bbox 1590 5764 1744 5821; x_wconf 73' lang='grc' dir='ltr'>ἀνύε-</span> 
     </span>
    </p>
   </div>
   <div class='ocr_carea' id='block_1_102' title="bbox 1848 4482 3424 4558">
    <p class='ocr_par' dir='ltr' id='par_1_102' title="bbox 1848 4482 3424 4558">
     <span class='ocr_line' id='line_1_102' title="bbox 1848 4482 3424 4558; baseline -0.004 -15"><span class='ocrx_word' id='word_1_608' title='bbox 1848 4504 2082 4558; x_wconf 90' lang='lat' dir='ltr'><strong>cumque</strong></span> <span class='ocrx_word' id='word_1_609' title='bbox 2130 4488 2246 4544; x_wconf 89' lang='lat' dir='ltr'><strong>sola</strong></span> <span class='ocrx_word' id='word_1_610' title='bbox 2299 4487 2370 4543; x_wconf 90' lang='lat' dir='ltr'><strong>sit</strong></span> <span class='ocrx_word' id='word_1_611' title='bbox 2424 4485 2760 4552; x_wconf 91' lang='lat' dir='ltr'><strong>hominibus,</strong></span> <span class='ocrx_word' id='word_1_612' title='bbox 2793 4486 2894 4541; x_wconf 92' lang='lat' dir='ltr'><strong>soli</strong></span> <span class='ocrx_word' id='word_1_613' title='bbox 2946 4485 3244 4556; x_wconf 83' lang='lat' dir='ltr'><strong>possidenti</strong></span> <span class='ocrx_word' id='word_1_614' title='bbox 3310 4482 3424 4537; x_wconf 90' lang='lat' dir='ltr'><strong>vult</strong></span> 
     </span>
    </p>
   </div>
   <div class='ocr_carea' id='block_1_103' title="bbox 1848 4580 2128 4650">
    <p class='ocr_par' dir='ltr' id='par_1_103' title="bbox 1848 4580 2128 4650">
     <span class='ocr_line' id='line_1_103' title="bbox 1848 4580 2128 4650; baseline -0.004 -13"><span class='ocrx_word' id='word_1_615' title='bbox 1848 4580 2128 4650; x_wconf 81' lang='lat' dir='ltr'><strong>conjungi.</strong></span> 
     </span>
    </p>
   </div>
   <div class='ocr_carea' id='block_1_104' title="bbox 1918 4665 3453 4740">
    <p class='ocr_par' dir='ltr' id='par_1_104' title="bbox 1918 4665 3453 4740">
     <span class='ocr_line' id='line_1_104' title="bbox 1918 4665 3453 4740; baseline -0.003 -14"><span class='ocrx_word' id='word_1_616' title='bbox 1918 4672 2010 4728; x_wconf 67' lang='lat'><strong>24.</strong></span> <span class='ocrx_word' id='word_1_617' title='bbox 2049 4670 2257 4738; x_wconf 86' lang='lat' dir='ltr'><strong>Virtus,</strong></span> <span class='ocrx_word' id='word_1_618' title='bbox 2295 4672 2476 4726; x_wconf 88' lang='lat' dir='ltr'><strong>tunica</strong></span> <span class='ocrx_word' id='word_1_619' title='bbox 2512 4670 2603 4725; x_wconf 89' lang='lat' dir='ltr'><strong>Dei</strong></span> <span class='ocrx_word' id='word_1_620' title='bbox 2629 4679 2734 4734; x_wconf 88' lang='lat' dir='ltr'><strong>est,</strong></span> <span class='ocrx_word' id='word_1_621' title='bbox 2767 4668 2939 4740; x_wconf 90' lang='lat' dir='ltr'><strong>ipsam</strong></span> <span class='ocrx_word' id='word_1_622' title='bbox 2992 4677 3139 4732; x_wconf 77' lang='lat' dir='ltr'><strong>texe,</strong></span> <span class='ocrx_word' id='word_1_623' title='bbox 3197 4677 3252 4721; x_wconf 86' lang='lat' dir='ltr'><strong>et</strong></span> <span class='ocrx_word' id='word_1_624' title='bbox 3302 4665 3453 4736; x_wconf 76' lang='lat' dir='ltr'><strong>ejus</strong></span> 
     </span>
    </p>
   </div>
   <div class='ocr_carea' id='block_1_105' title="bbox 1846 4759 3425 4834">
    <p class='ocr_par' dir='ltr' id='par_1_105' title="bbox 1846 4759 3425 4834">
     <span class='ocr_line' id='line_1_105' title="bbox 1846 4759 3425 4834; baseline -0.004 -16"><span class='ocrx_word' id='word_1_625' title='bbox 1846 4764 2044 4819; x_wconf 85' lang='lat' dir='ltr'><strong>evades</strong></span> <span class='ocrx_word' id='word_1_626' title='bbox 2072 4763 2383 4829; x_wconf 90' lang='lat' dir='ltr'><strong>vestiarius,</strong></span> <span class='ocrx_word' id='word_1_627' title='bbox 2414 4761 2577 4833; x_wconf 83' lang='lat'><strong>559</strong></span> <span class='ocrx_word' id='word_1_628' title='bbox 2618 4762 2710 4834; x_wconf 90' lang='lat' dir='ltr'><strong>qui</strong></span> <span class='ocrx_word' id='word_1_629' title='bbox 2763 4771 3031 4817; x_wconf 88' lang='lat' dir='ltr'><strong>terrarum</strong></span> <span class='ocrx_word' id='word_1_630' title='bbox 3099 4759 3274 4813; x_wconf 90' lang='lat' dir='ltr'><strong>induit</strong></span> <span class='ocrx_word' id='word_1_631' title='bbox 3332 4772 3425 4812; x_wconf 93' lang='lat' dir='ltr'><strong>or-</strong></span> 
     </span>
    </p>
   </div>
   <div class='ocr_carea' id='block_1_106' title="bbox 1849 4855 1995 4909">
    <p class='ocr_par' dir='ltr' id='par_1_106' title="bbox 1849 4855 1995 4909">
     <span class='ocr_line' id='line_1_106' title="bbox 1849 4855 1995 4909; baseline -0.014 0"><span class='ocrx_word' id='word_1_632' title='bbox 1849 4855 1995 4909; x_wconf 84' lang='lat' dir='ltr'><strong>hem.</strong></span> 
     </span>
    </p>
   </div>
   <div class='ocr_carea' id='block_1_107' title="bbox 1921 4940 3422 5013">
    <p class='ocr_par' dir='ltr' id='par_1_107' title="bbox 1921 4940 3422 5013">
     <span class='ocr_line' id='line_1_107' title="bbox 1921 4940 3422 5013; baseline -0.001 -17"><span class='ocrx_word' id='word_1_633' title='bbox 1921 4943 2010 4998; x_wconf 80' lang='lat'><strong>25.</strong></span> <span class='ocrx_word' id='word_1_634' title='bbox 2043 4942 2387 5013; x_wconf 59' lang='lat' dir='ltr'><strong>Quaicunque</strong></span> <span class='ocrx_word' id='word_1_635' title='bbox 2409 4950 2539 4997; x_wconf 91' lang='lat' dir='ltr'><strong>sunt</strong></span> <span class='ocrx_word' id='word_1_636' title='bbox 2571 4957 2734 5012; x_wconf 88' lang='lat' dir='ltr'><strong>super</strong></span> <span class='ocrx_word' id='word_1_637' title='bbox 2761 4949 2958 4996; x_wconf 89' lang='lat' dir='ltr'><strong>terram</strong></span> <span class='ocrx_word' id='word_1_638' title='bbox 3000 4940 3144 4995; x_wconf 83' lang='lat' dir='ltr'><strong>furto</strong></span> <span class='ocrx_word' id='word_1_639' title='bbox 3175 4942 3422 4995; x_wconf 85' lang='lat' dir='ltr'><strong>substra-</strong></span> 
     </span>
    </p>
   </div>
   <div class='ocr_carea' id='block_1_108' title="bbox 1848 5033 3424 5104">
    <p class='ocr_par' dir='ltr' id='par_1_108' title="bbox 1848 5033 3424 5104">
     <span class='ocr_line' id='line_1_108' title="bbox 1848 5033 3424 5104; baseline 0 -15"><span class='ocrx_word' id='word_1_640' title='bbox 1848 5035 2348 5104; x_wconf 84' lang='lat' dir='ltr'><strong>huntur;0perare</strong></span> <span class='ocrx_word' id='word_1_641' title='bbox 2406 5042 2465 5087; x_wconf 90' lang='lat' dir='ltr'><strong>tu</strong></span> <span class='ocrx_word' id='word_1_642' title='bbox 2520 5034 2786 5099; x_wconf 77' lang='lat' dir='ltr'><strong>cmlestia,</strong></span> <span class='ocrx_word' id='word_1_643' title='bbox 2820 5033 2924 5089; x_wconf 89' lang='lat' dir='ltr'><strong>ista</strong></span> <span class='ocrx_word' id='word_1_644' title='bbox 2975 5034 3177 5104; x_wconf 91' lang='lat' dir='ltr'><strong>quippe</strong></span> <span class='ocrx_word' id='word_1_645' title='bbox 3225 5034 3424 5102; x_wconf 79' lang='lat' dir='ltr'><strong>digitos</strong></span> 
     </span>
    </p>
   </div>
   <div class='ocr_carea' id='block_1_109' title="bbox 1850 5125 2590 5197">
    <p class='ocr_par' dir='ltr' id='par_1_109' title="bbox 1850 5125 2590 5197">
     <span class='ocr_line' id='line_1_109' title="bbox 1850 5125 2590 5197; baseline 0.001 -16"><span class='ocrx_word' id='word_1_646' title='bbox 1850 5126 2173 5197; x_wconf 90' lang='lat' dir='ltr'><strong>rapientium</strong></span> <span class='ocrx_word' id='word_1_647' title='bbox 2204 5141 2314 5180; x_wconf 90' lang='lat' dir='ltr'><strong>non</strong></span> <span class='ocrx_word' id='word_1_648' title='bbox 2337 5125 2590 5182; x_wconf 89' lang='lat' dir='ltr'><strong>subeunt.</strong></span> 
     </span>
    </p>
   </div>
   <div class='ocr_carea' id='block_1_110' title="bbox 1925 5218 3422 5288">
    <p class='ocr_par' dir='ltr' id='par_1_110' title="bbox 1925 5218 3422 5288">
     <span class='ocr_line' id='line_1_110' title="bbox 1925 5218 3422 5288; baseline 0.001 -16"><span class='ocrx_word' id='word_1_649' title='bbox 1925 5219 2015 5274; x_wconf 87' lang='lat'><strong>26.</strong></span> <span class='ocrx_word' id='word_1_650' title='bbox 2050 5218 2325 5272; x_wconf 83' lang='lat' dir='ltr'><strong>Recusare</strong></span> <span class='ocrx_word' id='word_1_651' title='bbox 2355 5228 2569 5288; x_wconf 89' lang='lat' dir='ltr'><strong>oportet</strong></span> <span class='ocrx_word' id='word_1_652' title='bbox 2599 5218 2842 5286; x_wconf 91' lang='lat' dir='ltr'><strong>delicias,</strong></span> <span class='ocrx_word' id='word_1_653' title='bbox 2882 5220 3107 5275; x_wconf 88' lang='lat' dir='ltr'><strong>trahunt</strong></span> <span class='ocrx_word' id='word_1_654' title='bbox 3160 5219 3306 5273; x_wconf 89' lang='lat' dir='ltr'><strong>enim</strong></span> <span class='ocrx_word' id='word_1_655' title='bbox 3352 5219 3422 5273; x_wconf 90' lang='lat' dir='ltr'><strong>ad</strong></span> 
     </span>
    </p>
   </div>
   <div class='ocr_carea' id='block_1_111' title="bbox 1847 5308 3421 5381">
    <p class='ocr_par' dir='ltr' id='par_1_111' title="bbox 1847 5308 3421 5381">
     <span class='ocr_line' id='line_1_111' title="bbox 1847 5308 3421 5381; baseline 0.001 -18"><span class='ocrx_word' id='word_1_656' title='bbox 1847 5318 2000 5365; x_wconf 91' lang='lat' dir='ltr'><strong>actus</strong></span> <span class='ocrx_word' id='word_1_657' title='bbox 2066 5324 2097 5362; x_wconf 91' lang='lat' dir='ltr'><strong>a</strong></span> <span class='ocrx_word' id='word_1_658' title='bbox 2147 5308 2365 5378; x_wconf 85' lang='lat' dir='ltr'><strong>quibus,</strong></span> <span class='ocrx_word' id='word_1_659' title='bbox 2418 5317 2544 5380; x_wconf 87' lang='lat' dir='ltr'><strong>post</strong></span> <span class='ocrx_word' id='word_1_660' title='bbox 2589 5309 2957 5377; x_wconf 89' lang='lat' dir='ltr'><strong>sobrietatem,</strong></span> <span class='ocrx_word' id='word_1_661' title='bbox 3003 5309 3236 5381; x_wconf 78' lang='lat' dir='ltr'><strong>gemitus</strong></span> <span class='ocrx_word' id='word_1_662' title='bbox 3290 5325 3421 5368; x_wconf 83' lang='lat' dir='ltr'><strong>oro-</strong></span> 
     </span>
    </p>
   </div>
   <div class='ocr_carea' id='block_1_112' title="bbox 1848 5409 2126 5455">
    <p class='ocr_par' dir='ltr' id='par_1_112' title="bbox 1848 5409 2126 5455">
     <span class='ocr_line' id='line_1_112' title="bbox 1848 5409 2126 5455; baseline -0.011 -1"><span class='ocrx_word' id='word_1_663' title='bbox 1848 5409 2126 5455; x_wconf 87' lang='lat' dir='ltr'><strong>creantur.</strong></span> 
     </span>
    </p>
   </div>
   <div class='ocr_carea' id='block_1_113' title="bbox 1912 5488 3422 5561">
    <p class='ocr_par' dir='ltr' id='par_1_113' title="bbox 1912 5488 3422 5561">
     <span class='ocr_line' id='line_1_113' title="bbox 1912 5488 3422 5561; baseline -0.001 -17"><span class='ocrx_word' id='word_1_664' title='bbox 1912 5491 2005 5547; x_wconf 82' lang='lat'><strong>27.</strong></span> <span class='ocrx_word' id='word_1_665' title='bbox 2046 5488 2237 5544; x_wconf 85' lang='lat' dir='ltr'><strong>Melius</strong></span> <span class='ocrx_word' id='word_1_666' title='bbox 2265 5496 2350 5545; x_wconf 90' lang='lat' dir='ltr'><strong>est</strong></span> <span class='ocrx_word' id='word_1_667' title='bbox 2379 5489 2684 5545; x_wconf 88' lang='lat' dir='ltr'><strong>abominari</strong></span> <span class='ocrx_word' id='word_1_668' title='bbox 2697 5490 3052 5561; x_wconf 77' lang='lat' dir='ltr'><strong>cogitationes</strong></span> <span class='ocrx_word' id='word_1_669' title='bbox 3079 5490 3284 5545; x_wconf 65' lang='lat' dir='ltr'><strong>amicas</strong></span> <span class='ocrx_word' id='word_1_670' title='bbox 3302 5506 3422 5545; x_wconf 81' lang='lat' dir='ltr'><strong>car-</strong></span> 
     </span>
    </p>
   </div>
   <div class='ocr_carea' id='block_1_114' title="bbox 1847 5582 3420 5655">
    <p class='ocr_par' dir='ltr' id='par_1_114' title="bbox 1847 5582 3420 5655">
     <span class='ocr_line' id='line_1_114' title="bbox 1847 5582 3420 5655; baseline 0 -17"><span class='ocrx_word' id='word_1_671' title='bbox 1847 5583 1954 5649; x_wconf 92' lang='lat' dir='ltr'><strong>nis,</strong></span> <span class='ocrx_word' id='word_1_672' title='bbox 1989 5592 2350 5652; x_wconf 88' lang='lat' dir='ltr'><strong>corrumpunt</strong></span> <span class='ocrx_word' id='word_1_673' title='bbox 2372 5583 2519 5639; x_wconf 89' lang='lat' dir='ltr'><strong>enim</strong></span> <span class='ocrx_word' id='word_1_674' title='bbox 2552 5597 2774 5653; x_wconf 89' lang='lat' dir='ltr'><strong>corpus,</strong></span> <span class='ocrx_word' id='word_1_675' title='bbox 2806 5592 2863 5639; x_wconf 90' lang='lat' dir='ltr'><strong>et</strong></span> <span class='ocrx_word' id='word_1_676' title='bbox 2912 5583 3155 5638; x_wconf 87' lang='lat' dir='ltr'><strong>animam</strong></span> <span class='ocrx_word' id='word_1_677' title='bbox 3224 5582 3420 5655; x_wconf 91' lang='lat' dir='ltr'><strong>inqui-</strong></span> 
     </span>
    </p>
   </div>
   <div class='ocr_carea' id='block_1_115' title="bbox 1852 5682 2006 5730">
    <p class='ocr_par' dir='ltr' id='par_1_115' title="bbox 1852 5682 2006 5730">
     <span class='ocr_line' id='line_1_115' title="bbox 1852 5682 2006 5730; baseline -0.019 0"><span class='ocrx_word' id='word_1_678' title='bbox 1852 5682 2006 5730; x_wconf 89' lang='lat' dir='ltr'><strong>nant.</strong></span> 
     </span>
    </p>
   </div>
   <div class='ocr_carea' id='block_1_116' title="bbox 1922 5765 3420 5841">
    <p class='ocr_par' dir='ltr' id='par_1_116' title="bbox 1922 5765 3420 5841">
     <span class='ocr_line' id='line_1_116' title="bbox 1922 5765 3420 5841; baseline 0 -20"><span class='ocrx_word' id='word_1_679' title='bbox 1922 5767 2011 5823; x_wconf 86' lang='lat'><strong>28.</strong></span> <span class='ocrx_word' id='word_1_680' title='bbox 2043 5765 2227 5841; x_wconf 85' lang='lat' dir='ltr'><strong>Neque</strong></span> <span class='ocrx_word' id='word_1_681' title='bbox 2252 5767 2393 5826; x_wconf 81' lang='lat' dir='ltr'><strong>bona</strong></span> <span class='ocrx_word' id='word_1_682' title='bbox 2428 5777 2641 5825; x_wconf 80' lang='lat' dir='ltr'><strong>terrena</strong></span> <span class='ocrx_word' id='word_1_683' title='bbox 2679 5767 2802 5839; x_wconf 86' lang='lat' dir='ltr'><strong>quis</strong></span> <span class='ocrx_word' id='word_1_684' title='bbox 2830 5767 3165 5839; x_wconf 81' lang='lat' dir='ltr'><strong>comparabit</strong></span> <span class='ocrx_word' id='word_1_685' title='bbox 3214 5768 3420 5835; x_wconf 79' lang='lat' dir='ltr'><strong>absque</strong></span> 
     </span>
    </p>
   </div>
  </div>
