3808 6226
368 268 503 333 1243

1827 272 1887 333 S.
1928 271 2094 333 NILI

3487 258 3614 322 1244

366 390 644 445 laboribus
666 431 681 451 ,
715 405 811 445 cur
838 390 1001 461 igitur
1053 390 1300 446 coelestia
1323 400 1545 462 propter
1564 391 1809 448 laborem
1832 391 1928 447 de-

2118 424 2140 447 .
2195 382 2420 438 ἁνθότου
2466 381 2535 435 τά
2590 379 2842 452 οὐράνια,
2886 378 2976 433 διά
3006 377 3100 432 τὸν
3157 374 3378 448 μόχθον,
3438 374 3615 427 ἑκκὶί-

361 482 672 536 clinamns?

432 573 523 627 29.
554 572 647 627 Vis
681 573 888 642 absque
916 573 1102 628 labore
1129 576 1338 643 operari
1369 575 1671 630 virtutem?
1735 577 1934 645 cogita,

364 664 505 729 quod
551 661 705 716 labor
734 664 1095 732 temporarius
1127 672 1229 729 est,
1277 673 1332 718 et
1374 682 1582 721 merces
1605 676 1829 721 aeterna.

437 842 526 897 50.
557 841 877 913 Quicunque
906 843 975 898 ad
1034 844 1351 902 inhonestas
1410 849 1720 917 voluptates
1782 852 1933 906 tabe-

370 934 515 1001 facti,
545 952 640 991 seu
673 939 987 1007 consumpti
1014 951 1161 1004 sunt,
1212 940 1530 996 brevitatem
1561 941 1840 1000 fruitionis
1887 955 1942 1000 et

368 1026 728 1096 prolixitatem
756 1029 1004 1097 supplicii
1037 1040 1373 1098 computent.

436 1120 527 1174 51.
559 1118 732 1185 Quam
782 1122 1025 1188 sordida,
1073 1124 1337 1191 bestialis,
1373 1141 1437 1180 ac
1466 1127 1663 1183 stolida
1689 1128 1806 1184 haec
1830 1129 1942 1183 vita

369 1210 459 1273 sit,
482 1210 605 1279 jure
635 1213 851 1280 merito,
890 1225 1001 1270 tum
1031 1217 1236 1280 anima,
1288 1228 1400 1272 tum
1439 1220 1721 1276 rationalis
1762 1237 1937 1288 mens,

354 1304 485 1358 'tum
518 1305 553 1358 ii
584 1306 676 1376 qui
703 1322 733 1361 a
766 1308 1072 1379 semetipsis
1104 1310 1490 1365 detrimentum
1523 1313 1764 1383 perpessi
1792 1324 1939 1382 sunt,

371 1397 557 1467 lugere
586 1398 806 1455 debent.

441 1490 529 1543 52.
579 1490 773 1546 Omnia
798 1493 1050 1549 existima
1102 1497 1500 1567 corruptibilia,
1528 1501 1782 1555 virtutem
1811 1517 1941 1557 vero

369 1597 491 1637 esse
524 1585 1008 1655 incorruptibilem.

442 1672 531 1727 55.
587 1670 804 1745 Neglige
827 1678 950 1743 alia,
983 1695 1323 1751 quacunque
1362 1684 1585 1752 pecudis
1619 1685 1793 1741 instar
1816 1700 1942 1739 eva-

373 1761 502 1817 dere
530 1764 736 1819 faciunt
770 1767 1044 1823 hominem
1074 1789 1088 1834 ;
1130 1788 1193 1826 ea
1225 1789 1354 1827 vero
1384 1789 1581 1844 perage
1603 1791 1725 1845 qua:
1749 1786 1801 1831 te
1831 1791 1943 1831 cce-
1976 1749 2017 1803 Β

375 1856 563 1909 lestém
620 1857 823 1912 habere
857 1861 1125 1931 originem
1152 1866 1440 1921 ostendere
1478 1877 1730 1936 possunt.

443 1948 530 2003 54.
564 1950 763 2005 Curam
810 1953 1005 2009 habeto
1053 1956 1287 2023 virtutis,
1319 1960 1429 2028 ipsa
1456 1961 1653 2030 quippe
1675 1960 1941 2016 Adamum

374 2042 595 2097 exhibet
622 2044 790 2099 Deum
825 2062 922 2115 per
951 2049 1297 2117 sapientiam.

442 2133 534 2187 55.
567 2134 830 2191 Contines
860 2140 1148 2193 ventrem?
1203 2143 1425 2197 contine
1474 2152 1527 2198 et
1558 2143 1821 2215 linguam,
1878 2159 1947 2201 ne

374 2240 471 2293 per
529 2227 676 2283 hunc
707 2228 808 2284 tias
845 2244 1055 2296 servus,
1080 2247 1177 2301 per
1209 2233 1357 2287 illam
1396 2249 1525 2290 vero
1555 2236 1712 2291 liber'
1748 2238 1946 2294 evadas

374 2318 604 2373 inutilis.

444 2405 534 2459 56.
574 2405 744 2478 Dilige
791 2405 986 2474 Deum,
1040 2426 1203 2481 supra
1271 2412 1451 2483 ipsum
1491 2424 1697 2479 autem,
1752 2432 1820 2471 ne
1870 2416 1947 2473 sis

372 2497 641 2563 addictus,
694 2516 787 2555 seu
837 2502 1124 2559 aﬁ‘ectione
1179 2505 1460 2562 adhwreas
1490 2508 1825 2575 domesticis;
1879 2525 1949 2566 ne

377 2590 513 2646 forte
545 2592 706 2663 560
734 2596 1033 2650 secundum
1067 2597 1188 2667 ejus
1226 2614 1435 2665 vocem,
1469 2616 1554 2665 eo,
1591 2603 1668 2656 uti
1708 2619 1816 2658 non
1841 2605 1945 2671 vis,

376 2683 634 2753 indignus
667 2686 1045 2754 comperiar-is.

450 2776 538 2831 '57.
576 2778 901 2834 Constanter
931 2780 1110 2850 perfer
1139 2782 1516 2840 tribulationes
1550 2801 1612 2841 ac
1637 2789 1946 2855 aerumnas;

378 2870 432 2924 in
484 2870 615 2939 ipsis
652 2872 852 2941 quippe
886 2874 1219 2930 certantibus
1246 2876 1502 2945 plectitur
1525 2893 1747 2934 corona.

448 2963 537 3018 58.
574 2963 736 3018 Beata
767 2980 855 3019 res
888 2975 973 3021 est
1002 2969 1143 3021 male
1189 2971 1325 3038 pati.
1374 2980 1432 3025 at
1468 2972 1608 3025 male
1638 2972 1817 3028 facere
1848 2973 1951 3027 mi-

378 3056 665 3111 serrimum
697 3066 814 3126 est;
847 3060 939 3128 qui
974 3076 1209 3129 namque
1241 3063 1462 3131 patitur,
1494 3064 1553 3117 lit
1580 3064 1784 3119 Christi
1836 3066 1947 3120 ha:-

378 3163 508 3214 res;
541 3149 633 3219 qui
686 3167 810 3205 vero
849 3154 989 3207 male
1020 3152 1166 3219 facit,
1202 3155 1403 3209 diaboli
1458 3159 1638 3211 evadit
1686 3158 1945 3213 cohaeres.

449 3241 538 3296 '59.
570 3242 754 3298 Bonus
777 3245 1073 3315 estjcjunii
1106 3247 1297 3317 panis;
1345 3249 1784 3320 quandoquidem
1817 3252 1951 3305 liber

378 3341 463 3387 est
490 3348 518 3386 a
547 3334 885 3403 voluptatum
917 3335 1212 3392 fermento.

449 3424 538 3478 40.
578 3425 778 3482 Sancta
803 3438 887 3484 est
912 3444 1006 3484 ara
1033 3430 1324 3497 orationis,
1370 3430 1495 3501 quia
1530 3431 1697 3486 trahit
1725 3433 1792 3487 ad
1852 3449 1953 3489 nos

382 3518 644 3587 Sanctum
678 3532 1016 3578 sanctorum.

448 3613 535 3667 41.
570 3612 648 3669 Ne
680 3631 906 3671 censeas
932 3617 1206 3686 justitiam
1261 3635 1385 3675 esse
1418 3621 1637 3676 virtutis
1695 3621 1956 3691 appendi—

382 3722 499 3761 cem
527 3724 542 3773 ;
597 3724 724 3762 nam
754 3710 961 3780 absque
993 3711 1079 3765 illa
1107 3713 1288 3768 omnis
1336 3713 1484 3767 actio
1506 3725 1587 3770 est
1611 3715 1845 3786 impura.

452 3891 542 3945 42.
578 3892 636 3946 Si
687 3893 1012 3951 dissemines
1070 3897 1427 3965 pauperibus,
1482 3906 1573 3953 tua
1635 3898 1950 3965 dissemina,

383 3983 560 4038 aliena
590 3985 791 4054 quippe
851 3994 979 4040 sunt
1007 3986 1235 4043 zizaniis
1274 3990 1567 4043 amariora.

455 4076 545 4129 45.
574 4074 887 4134 Misericors
921 4093 1096 4134 caecus
1143 4088 1244 4145 est,
1280 4080 1381 4135 nisi
1414 4080 1573 4135 fuerit
1591 4081 1795 4150 justus,
1828 4081 1957 4136 dum

386 4184 580 4237 agrum
618 4170 837 4235 excolit,
893 4187 1054 4240 quem
1099 4180 1301 4228 metere
1332 4172 1557 4227 minime
1585 4182 1780 4243 potest.

457 4260 549 4313 44.
586 4257 812 4329 Semper
837 4262 1056 4329 quidem
1090 4273 1347 4333 exspecta
1396 4275 1647 4329 mortem,
1692 4274 1747 4318 at
1790 4281 1855 4318 ne
1888 4264 1958 4319 ti-

386 4366 579 4421 meas;
641 4359 935 4422 utrumque
984 4354 1130 4409 enim
1202 4369 1330 4408 vera
1386 4363 1471 4409 est
1531 4366 1660 4409 nota
1714 4355 1957 4425 philoso-

386 4448 550 4519 phiaa.

460 4542 550 4597 45.
583 4538 814 4594 Virtutis
844 4538 1073 4609 ﬁguram
1112 4538 1296 4605 indue,
1331 4554 1437 4593 non
1467 4549 1527 4595 ut
1555 4539 1815 4610 decipies,
1868 4538 1964 4595 sed

389 4641 451 4687 ut
478 4631 703 4701 adjuves
730 4630 1078 4700 aspicientes.

461 4724 549 4780 46.
578 4723 765 4780 Dicere
796 4730 1008 4793 oportet
1032 4722 1263 4776 honesta
1294 4735 1417 4776 eum
1436 4722 1621 4787 etiam,
1648 4721 1741 4792 qui
1771 4722 1961 4777 eadem

391 4833 501 4872 non
530 4816 658 4872 facit
698 4816 945 4882 honesta,
993 4824 1051 4870 ut
1084 4814 1308 4883 incipiat
1344 4828 1529 4883 Opera,
1561 4812 1827 4869 reveritus
1850 4828 1965 4868 ser-

391 4925 518 4965 mon
525 4924 598 4963 es.

464 5002 553 5057 47.
586 5000 644 5055 Si
682 5001 879 5055 coelum
908 4999 1206 5063 desideras,
1234 4998 1369 5053 nihil
1399 4996 1514 5062 tibi,
1547 5005 1600 5052 et
1628 5004 1805 5060 terrae,
1863 5011 1965 5051 nec

393 5096 536 5150 enim
565 5095 667 5149 ista
703 5094 835 5149 sinit
863 5093 929 5147 ad
966 5090 1097 5146 illud
1119 5090 1357 5147 evolare.

463 5186 554 5241 48.
591 5184 669 5239 Ne
696 5184 956 5240 ditescere
985 5183 1117 5237 velis
1155 5197 1320 5236 causa
1344 5180 1607 5236 mendicis
1640 5178 1964 5235 charitative

395 5278 732 5349 cpitulandi;
770 5276 913 5332 Deus
940 5276 1085 5330 enim
1118 5275 1233 5343 lege
1283 5274 1534 5341 sancivit,
1583 5273 1727 5343 quod
1777 5270 1965 5327 Justus

398 5390 430 5429 e
455 5371 692 5444 propriis
724 5370 819 5445 [αι.
847 5385 877 5424 e
897 5374 1045 5439 juste
1062 5365 1253 5440 partis]
1289 5368 1632 5421 misereatur.

468 5463 559 5519 49.
592 5462 649 5517 Si
685 5461 938 5531 poculum
971 5474 1125 5529 aquae
1172 5456 1380 5527 frigidae
1439 5456 1703 5527 justilicat
1748 5453 1966 5509 miseri—

400 5556 641 5619 cordem,
670 5561 870 5622 quanta
900 5550 1156 5606 succedet
1191 5548 1479 5604 retributio
1501 5547 1551 5602 ei
1580 5547 1672 5617 qui
1705 5545 1969 5600 mendicis

403 5646 584 5699 omnia
614 5643 918 5712 dispergit?

472 5737 561 5793 50.
593 5736 749 5807 561
778 5734 967 5791 Patres
999 5734 1258 5790 virtutum
1296 5743 1423 5791 sunt
1451 5731 1693 5799 castitas,
1735 5738 1788 5787 et
1818 5745 1967 5786 com-

1986 4439 2037 4498 D

2038 494 2200 543 νομεν
2221 493 2235 543 ;

2101 495 2438 620 ιιιιὲθγ.’Βοι.5λει
2479 563 2578 635 τὴν
2607 562 2807 633 ἀρετὴν
2840 560 3007 615 κόπου
3044 559 3218 629 χωρὶς
3244 556 3621 627 ὲργάξεσθειις

2036 658 2253 727 λογίζου
2284 660 2376 710 τὸν
2414 656 2607 721 κόπον,
2641 656 2724 708 ὅτι
2762 652 3117 725 πρόσκαιρος,
3162 650 3258 705 καὶ
3291 650 3385 703 τὸν
3432 648 3622 719 μισθὲν

2036 750 2113 813 ὡς
2145 749 2381 803 αἰώνιον.

2115 841 2181 895 λ’.
2224 842 2379 894 Ὅσοι
2413 840 2549 911 πρὸς
2578 838 2676 901 τὰς
2699 836 2896 908 ἡδονὰς
2919 835 3020 899 τὰς
3060 834 3298 898 ἀτόπους
3337 834 3626 901 τετήκαςι,

2041 932 2142 1003 τῆς
2168 932 2520 994 ἀπολαύσεως
2547 930 2609 983 τὸ
2638 930 2835 1000 βραχὺ,
2865 930 2961 982 καὶ
2988 927 3091 995 τῆς
3120 926 3399 997 τιμωρίας
3428 924 3500 976 τὸ
3533 941 3631 993 μα-

2042 1022 2171 1092 κρὸν
2205 1020 2631 1089 λογιζέσθωσαν.

2112 1113 2214 1167 λα’.
2258 1114 2427 1167 Ὅσον
2473 1112 2501 1165 ὁ
2534 1110 2647 1181 βίος
2680 1108 2944 1182 ῥυπαρὸς,
2978 1106 3283 1177 κτηνώδης,
3323 1106 3565 1167 εἰκότως
3602 1106 3632 1172 ἡ

2040 1204 2210 1275 ψυχὴ,
2261 1204 2356 1258 καὶ
2398 1202 2591 1256 παθεῖν
2619 1241 2634 1265 ,
2680 1202 2757 1265 ὡς
2782 1201 2844 1254 τὸ
2888 1200 3124 1269 λογικὸν,
3157 1199 3253 1252 καὶ
3293 1198 3390 1266 ὑφ’
3424 1195 3638 1250 ἑαυτῶν

2046 1295 2418 1369 ζημιωθέντες
2444 1294 2739 1365 ὀφείλουσι.

2113 1493 2215 1564 λβ’.
2258 1493 2441 1547 Πάντα
2483 1493 2671 1565 νόμιζε
2720 1488 2963 1561 φθαρτὰ,
3011 1489 3108 1542 καὶ
3152 1486 3254 1557 τὴν
3282 1484 3499 1556 ἀρετὴν
3540 1484 3639 1551 ἄφ-

2046 1583 2264 1654 θαρτον.

2115 1677 2218 1745 λγ’.
2272 1674 2491 1746 Ἀμέλει
2539 1673 2647 1728 τῶν
2693 1673 2870 1727 ἄλλων
2914 1673 3014 1727 ὅσα
3043 1670 3296 1742 κτηνώδη
3331 1667 3644 1723 κατασκευ-

2048 1769 2168 1834 άζει
2199 1769 2307 1822 τῶν
2336 1768 2623 1838 ἄνθρωπον
2641 1783 2657 1799 ο
2686 1765 2923 1837 ἐργάζου
2941 1764 2999 1818 δὲ
3024 1763 3198 1818 ταῦτα
3230 1765 3336 1816 ὅσα
3389 1779 3455 1814 σε
3484 1762 3647 1831 οὑργά-

2044 1880 2156 1917 νιον
2181 1862 2457 1926 ἀναδεῖξαι
2493 1860 2837 1929 δυνήσονται.

2114 1954 2207 2008 λδ’.
2260 1952 2555 2022 Ἑπιμελοῦ
2597 1951 2700 2020 τῆς
2748 1950 2985 2022 ἀρετῆς,
3029 1948 3167 2019 αὕτη
3212 1948 3329 2017 γάρ
3376 1946 3518 1999 Θεὸν
3566 1946 3648 1998 διὰ

2046 2044 2384 2116 φιλοσοφίας,
2417 2043 2509 2096 τὸν
2558 2043 2730 2113 Ἀδὰμ
2758 2041 3126 2098 ἀποδείκνυσι.

2116 2136 2208 2190 λε’.
2250 2138 2485 2207 Κρατεῖς
2518 2135 2792 2204 γαστρόςς
2845 2134 3036 2204 κράτει
3078 2133 3177 2183 καὶ
3222 2129 3513 2199 γλώττης,
3566 2129 3648 2181 ἵνα

2049 2229 2125 2301 μὴ
2154 2228 2231 2299 τῷ
2264 2229 2363 2298 μὲν
2395 2227 2646 2298 ὑπάρχῃς
2675 2226 2879 2287 δοῦλος,
2911 2224 2990 2296 τῷ
3017 2224 3074 2276 δὲ
3104 2223 3398 2293 τυγχάνῃς
3450 2222 3648 2291 ἀνόνη-

2046 2340 2138 2386 τος
2168 2321 2473 2391 ἐλεύθερος.

2118 2416 2227 2480 λς’.
2279 2415 2495 2483 Ἀγάπα
2516 2412 2609 2466 τὸν
2642 2409 2796 2473 Θεὸν,
2824 2407 2966 2477 ὑπὲρ
2995 2405 3155 2459 αὐτὸν
3187 2405 3243 2457 δὲ
3278 2407 3399 2467 τοῖς
3430 2402 3650 2465 οἰκείοις

2054 2508 2128 2581 μὴ
2161 2509 2505 2579 πρόσπασχε,
2533 2507 2727 2576 μήπως
2753 2501 2939 2564 αὐτοῦ,
2968 2498 3112 2553 κατὰ
3136 2498 3235 2568 τὴν
3264 2496 3442 2551 αὑτοῦ
3468 2496 3653 2567 φωνὴν

2051 2597 2300 2670 εὑρεθῇς,
2333 2597 2407 2660 ὡς
2438 2597 2497 2649 οὐ
2535 2595 2729 2657 θέλεις,
2759 2590 2995 2657 ἀνάξιος.

2119 2768 2217 2832 λζ’.
2268 2767 2541 2840 Καρτὲρει
2580 2767 2679 2829 τὰς
2725 2764 2970 2836 θλίψεις·
3021 2764 3081 2816 ἐν
3124 2762 3322 2825 αὑταῖς
3370 2762 3489 2833 γὰρ
3538 2763 3649 2824 τοῖς

2050 2863 2306 2918 ἀθλοῦσιν
2334 2864 2361 2914 ὀ
2402 2861 2687 2928 στέφανος.

2122 2957 2224 3027 λη’.
2264 2954 2551 3023 Μακάρων
2589 2952 2819 3021 πάσχειν
2863 2948 3067 3013 κακῶς,
3104 2947 3165 2999 τὸ
3195 2948 3375 2998 ποιεῖν
3406 2945 3469 2997 δὲ
3495 2962 3644 3014 τρισ-

2054 3048 2266 3110 άθλιον,
2320 3045 2413 3098 τοῦ
2462 3043 2700 3115 Χριστοῦ
2755 3042 2866 3112 γάρ
2928 3039 3267 3110 κληρόνομος
3316 3040 3346 3091 ὀ
3391 3038 3647 3106 πάσχων,

2053 3142 2219 3195 ποιῶν
2241 3140 2295 3193 δὲ
2318 3138 2413 3192 τοῦ
2442 3136 2688 3191 διαϐόλου
2717 3133 3177 3204 συγκληρόνομος.

2120 3234 2219 3287 λθ’.
2262 3231 2438 3292 Καλὸς
2470 3232 2497 3282 ὁ
2522 3229 2620 3298 τῆς
2668 3226 2921 3296 νηστείας
2962 3224 3142 3293 ἄρτος,
3183 3219 3375 3290 ἐπειδὴ
3416 3221 3523 3289 τῆς
3554 3219 3642 3282 ζύ-

2057 3343 2163 3397 μης
2197 3325 2313 3376 ἐστὶ
2354 3322 2467 3375 τῶν
2498 3319 2700 3391 ἡδονῶν
2733 3317 3035 3380 ἐλεύθερος.

2123 3423 2197 3486 μ’.
2238 3417 2421 3482 Ἄγιος
2450 3413 2478 3464 ὁ
2506 3414 2606 3481 τῆς
2634 3410 2939 3480 προσευχῆς
2961 3408 3163 3478 βωμὸς,
3193 3406 3343 3458 ἕλκει
3374 3404 3488 3476 γὰρ
3516 3404 3649 3473 πρὸς

2053 3509 2202 3578 ἡμᾶς
2238 3507 2328 3559 τὸν
2354 3505 2465 3557 τῶν
2504 3505 2675 3572 ἁγίων
2710 3504 2923 3571 Ἀγιον.

2128 3599 2238 3669 μα’.
2296 3597 2388 3668 Μὴ
2449 3597 2594 3651 δόκει
2647 3596 2745 3665 τὴν
2808 3591 3157 3660 δικαιοσύνην
3217 3591 3420 3660 ἀρετῆς
3493 3584 3636 3641 εἶναι

2056 3693 2350 3762 πάρεργον,
2406 3691 2577 3759 αὐτῆς
2624 3688 2733 3759 γὰρ
2784 3688 2989 3758 χωρὶς,
3030 3686 3181 3736 πᾶσα
3233 3682 3432 3751 πρᾶξις
3508 3682 3650 3734 ἀκά-

2059 3785 2278 3855 θαρτος.

2130 3877 2238 3947 μβ’.
2282 3874 2342 3927 Εἰ
2379 3873 2624 3942 σπείρεις
2667 3872 2921 3941 πτωχοῖς,
2950 3867 3019 3919 τὰ
3054 3864 3252 3919 σαυτοῦ
3300 3866 3556 3933 σπεῖρον,
3583 3864 3651 3915 τὰ

2056 3969 2168 4041 γὰρ
2196 3968 2470 4038 ἀλλότρια,
2499 3966 2754 4029 ζιζανίων
2782 3963 3108 4033 πικρότερα.

2132 4059 2242 4131 μΥΪ
2296 4058 2509 4128 Τυφλδς
2561 4056 2843 4126 ἐλεήμων,
2894 4056 2942 4107 εί
3000 4052 3073 4123 μὴ
3122 4051 3359 4121 ὑπάρχει
3408 4048 3653 4111 δίκαιος,

2057 4153 2323 4223 γεωργῶν
2356 4150 2547 4221 ἀγρὸν,
2583 4150 2641 4202 ὃν
2670 4148 2904 4217 θερίζειν
2940 4148 3001 4199 οὗ
3034 4145 3282 4198 δύναται.

2133 4246 2234 4317 μδ’.
2279 4243 2560 4315 Προσδόκα
2620 4240 2716 4309 μὲν
2765 4239 2851 4292 ἀεὶ
2895 4237 2986 4289 τὸν
3037 4236 3290 4299 θάνατον,
3340 4231 3417 4301 μὴ
3470 4231 3649 4298 φοὸοῦ

2059 4339 2138 4404 δὲ,
2171 4338 2375 4410 ἀληθὴς
2404 4336 2514 4406 γὰρ
2545 4330 2834 4404 χαρακτὴρ
2864 4329 3184 4399 φιλοσοφίας
3218 4325 3505 4394 ἑκάτερον.

2125 4524 2227 4590 με’.
2272 4514 2623 4586 Σχηματίζου
2662 4512 2763 4581 τὴν
2810 4508 3032 4580 ἀρετὴν,
3075 4508 3174 4577 οὐχ
3216 4506 3368 4568 ὅπως
3408 4505 3648 4574 ἁπατᾷς,

2065 4610 2180 4664 ἀλλ’
2207 4609 2354 4669 ὅπως
2382 4606 2599 4675 ὠφελῇς
2634 4604 2761 4666 τοὺς
2792 4602 3110 4672 βλέποντας.

2142 4700 2259 4773 pg’.
2307 4699 2500 4766 Λέγειν
2547 4695 2654 4766 χρὴ
2701 4693 2843 4748 καλὰ
2887 4693 2983 4745 καὶ
3018 4691 3108 4743 τὸν
3153 4689 3229 4760 μὴ
3282 4687 3428 4741 καλὰ
3474 4687 3648 4757 πρά-ξ·

2067 4810 2249 4855 τοντα,
2276 4793 2422 4854 ὅπως
2447 4788 2674 4860 ἄρξηται
2699 4786 2806 4841 τῶν
2836 4785 3036 4856 ἔργων,
3063 4782 3191 4845 τοὺς
3223 4782 3421 4849 λόγους
3456 4782 3650 4849 αἰσχυ-

2070 4887 2130 4941 νό
2138 4902 2313 4958 μενος.

2142 4979 2250 5050 ρξ’.
2290 4978 2353 5030 Εἰ
2380 4974 2469 5031 τὸν
2501 4973 2730 5047 οὐρανὸν
2753 4970 2968 5037 ποθεῖς,
3010 4967 3178 5040 μηδέν
3209 4983 3293 5020 σοι
3332 4965 3433 5018 καὶ
3450 4966 3518 5035 τῇ
3555 4965 3645 5034 γῇ.

2066 5072 2168 5127 οὐκ
2198 5072 2261 5142 ἐᾷ
2287 5071 2396 5141 γάρ
2428 5068 2610 5138 ἐκείνη
2643 5066 2779 5137 πρὸς
2807 5065 3014 5117 ἐκεῖνον
3043 5058 3401 5114 άνίπτασθαι.

2143 5163 2254 5236 μη’.
2313 5156 2405 5233 Μὴ
2463 5160 2655 5229 βούλου
2714 5156 2986 5219 πλουτεῖν,
3043 5150 3420 5221 φιλοπτωχίας
3470 5150 3647 5212 ἕνεκα,

2073 5256 2180 5310 άπὸ
2215 5254 2323 5325 γὰρ
2361 5252 2471 5305 ⁸ι’ᾦν
2494 5252 2685 5314 ὄντων,
2718 5248 2889 5302 ἐλεεῖν
2919 5248 2947 5299 ὁ
2978 5245 3111 5307 Θεὸς
3142 5243 3429 5314 νομοθετεῖ
3461 5241 3550 5293 τὸν
3573 5241 3649 5293 δί·-

2074 5364 2250 5402 καιον.

2149 5440 2255 5512 μθ’.
2277 5440 2338 5492 Εἰ
2365 5437 2624 5507 ποτήριον
2650 5431 2897 5505 ψυχροῦν
2949 5431 3152 5486 δικαιοῖ
3177 5427 3270 5482 τὸν
3301 5426 3644 5499 οἰκτίρμονα,

2075 5535 2215 5603 πόση
2240 5549 2321 5594 τις
2343 5528 2544 5601 ἀμοιϐὴ
2563 5529 2653 5581 τὸν
2684 5526 2859 5580 πάντα
2884 5522 3249 5595 σκορπίξοντα
3279 5523 3393 5585 τοῖς
3416 5521 3648 5588 πτωχοῖς

2076 5627 2378 5696 διαδέχεται
2399 5640 2414 5687 ;

2150 5727 2213 5776 ν’.
2249 5718 2489 5787 Πατέρες
2517 5714 2627 5770 τῶν
2663 5708 2871 5784 ἀρετῶν
2907 5706 3124 5780 ἁγνεία,
3164 5705 3263 5759 καὶ
3310 5702 3645 5775 συμπάθεια,
