3808 6226
429 306 562 371 ῘἏΊ

1186 368 1211 403 p

1932 318 1991 381 S.
2030 319 2196 379 NILI

3555 330 3683 393 125.5

496 420 585 473 69.
630 417 805 488 Super
847 419 1097 490 proximo
1144 432 1403 490 peccante
1433 439 1609 493 geme,
1647 434 1705 480 ut
1752 436 1806 482 et
1836 442 1989 498 super

2172 428 2268 493 ξθ’.
2324 429 2451 482 'Enl.
2506 429 2586 500 τῷ
2643 431 2874 501 πλησίον
2906 433 3283 504 ἁμαρτάνοντι
3324 438 3687 507 στέναξε,ἴνα.

425 507 599 577 teipso
627 524 833 578 gemas,
860 525 1050 566 omnes
1079 512 1223 566 enim
1262 529 1454 568 sumus
1481 517 1720 584 peccatis
1752 518 1994 573 obnoxii.

497 685 584 740 70.
624 687 1006 746 Commemora
1031 689 1241 750 Judicis
1268 694 1527 758 amicum,
1556 697 1650 767 qui
1676 698 1863 768 lapsus
1892 712 1996 764 est,

426 785 691 849 tuumque
719 780 921 839 illinies
951 783 1182 851 vulnus;
1225 789 1525 844 remedium
1557 793 1758 863 quippe
1786 796 1998 851 consilii

422 884 718 927 commune
744 881 848 929 est.

492 961 582 1016 7i.
621 960 759 1017 Cum
809 963 1056 1021 dicturus
1106 976 1200 1022 aut
1247 968 1493 1027 facturus
1534 988 1592 1028 es
1626 972 1850 1043 aliquid,
1899 992 1998 1031 cu-

424 1064 540 1103 ram
573 1067 698 1120 gere
735 1052 1068 1111 defensionis
1096 1058 1259 1127 paulo
1288 1070 1403 1128 post
1448 1060 1768 1118 adhibenda:
1808 1064 1999 1136 sicque

423 1161 453 1198 a
483 1146 676 1200 timore
696 1158 1000 1213 correctus,
1027 1152 1137 1205 eris
1168 1161 1503 1222 temperans.

494 1238 582 1291 72.
638 1237 792 1295 Time
844 1244 1049 1311 peccati
1091 1246 1444 1316 supplicium,
1493 1257 1547 1302 et
1604 1248 1841 1306 dedecus
1886 1266 1998 1306 non

424 1329 724 1397 sustineas;
756 1336 1007 1390 molestia
1034 1352 1271 1409 namque
1300 1342 1584 1409 utriusque
1613 1341 1897 1398 immensa.

494 1422 581 1476 75.
620 1421 949 1480 Futurorum
983 1428 1275 1496 bonorum,
1298 1440 1353 1485 et
1377 1432 1745 1501 pulchritudo,
1773 1443 1826 1488 et
1856 1435 1997 1490 mul-

422 1512 598 1569 titudo
631 1515 880 1587 infinita;
911 1519 1015 1576 ista
1053 1537 1185 1577 vero
1219 1531 1349 1579 sunt
1375 1525 1590 1593 umbra,
1617 1536 1671 1581 et
1705 1524 1911 1589 fumus.
1945 1537 2000 1584 et

422 1605 604 1664 bulla).

495 1698 581 1754 74.
625 1698 702 1755 Ne
727 1702 962 1759 semines
993 1704 1155 1770 male,
1188 1707 1317 1777 quia
1338 1723 1507 1778 prope
1536 1709 1782 1765 imminet
1812 1719 1993 1775 astas,

419 1798 476 1843 et
506 1790 786 1857 spinarum
824 1792 982 1865 563
1013 1796 1303 1867 agricolam
1341 1800 1482 1870 ignis
1503 1812 1798 1872 exspectat.

495 1882 581 1936 75.
624 1882 950 1956 llypoeritae,
991 1902 1088 1943 seu
1126 1890 1497 1958 simulatores,
1536 1895 1679 1949 avidi
1723 1897 1846 1966 plus
1896 1899 1996 1954 ha-

419 1972 624 2038 bendi,
683 1978 1057 2048 voluptatibus
1121 1980 1334 2047 dediti,
1394 2000 1539 2040 rosae
1595 1996 1724 2042 sunt
1770 1990 1992 2057 saeculi;

419 2066 515 2120 sed
563 2070 838 2125 tantillum
889 2082 1168 2143 exspecta,
1210 2074 1580 2148 inspiciesque
1616 2082 1994 2139 conculcatam

419 2157 666 2215 herbam.

492 2249 578 2305 76.
620 2252 809 2308 Omnis
844 2255 991 2311 actio
1031 2256 1175 2312 mala
1209 2256 1484 2315 diabolum
1524 2260 1793 2329 obarmat,
1838 2263 1996 2317 obar-

418 2355 601 2403 matus
630 2357 811 2404 autem
855 2351 1128 2409 molestiis
1156 2351 1329 2410 allicit
1351 2370 1447 2411 eos
1470 2359 1565 2427 qui
1597 2356 1774 2427 ipsum
1805 2374 1991 2415 arma-

416 2445 564 2493 runt.

488 2530 574 2586 77.
618 2530 713 2588 Vis
744 2542 806 2588 ut
836 2532 1095 2592 inimicus
1142 2536 1491 2594 debilitetur?
1541 2549 1821 2611 peccatum
1854 2557 1993 2612 praa-

414 2620 622 2687 rcinde,
660 2623 849 2694 sicque
879 2626 1003 2681 aliis
1026 2627 1335 2686 denudatus
1364 2629 1477 2697 ille,
1502 2632 1668 2688 veluti
1700 2648 1991 2703 passercu-

413 2713 522 2776 lus,
553 2714 850 2770 deluditur.

482 2806 572 2861 78.
617 2804 706 2862 Vae
736 2806 923 2877 impio,
950 2807 1102 2878 quia,
1126 2809 1347 2880 quando
1370 2810 1750 2869 illuminantur
1770 2828 1987 2881 omnes,

413 2906 544 2953 tunc
574 2899 661 2953 ille
682 2899 1091 2957 obtenebratur.

488 2990 573 3047 79.
618 2991 709 3047 Va":
738 2992 1080 3063 blasphemo,
1130 2994 1382 3066 alligatur
1411 3010 1605 3066 nempe
1635 2996 1741 3067 ipsi
1778 2997 1984 3069 lingua,

411 3094 468 3140 et
493 3086 602 3141 ullo
626 3089 788 3141 modo
811 3101 869 3141 se
895 3085 1188 3143 defendere
1213 3088 1358 3158 apud
1386 3085 1631 3143 Judicem
1654 3105 1765 3145 non
1787 3097 1985 3159 potest.
2014 3124 2059 3184 ο

487 3267 574 3323 80.
618 3265 712 3322 Vae
754 3266 979 3336 iniusto,
1033 3266 1101 3321 ad
1134 3264 1383 3322 Iudicem
1438 3268 1639 3339 quippe
1682 3278 1988 3337 austerum,

411 3358 734 3431 iustumque
762 3360 875 3414 abit
898 3358 1291 3430 legislatorem.

488 3453 577 3508 8l.
620 3450 713 3506 Vae
741 3451 1039 3506 alienorum
1076 3450 1256 3515 avido,
1291 3449 1495 3506 divitia:
1532 3450 1710 3523 ipsum
1750 3450 1988 3525 fugiunt,

413 3554 470 3601 et
494 3544 635 3613 ignis
665 3543 911 3614 suscipit.

485 3634 575 3689 82.
620 3633 710 3689 Var.
747 3634 945 3706 pigro,
986 3643 1196 3705 quaeret
1235 3643 1488 3705 tempus,
1527 3636 1672 3707 quod
1730 3636 1871 3692 male
1907 3637 1993 3693 in-

416 3725 669 3794 sumpsit.

488 3818 576 3873 85.
632 3817 724 3873 Vae
767 3818 1028 3888 superbo,
1082 3821 1302 3889 quando
1352 3820 1665 3889 sepulcrum
1711 3819 1992 3892 ingressus

418 3914 603 3977 fuerit,
634 3912 885 3982 quisnam
919 3911 1169 3979 exsistat,
1194 3912 1476 3970 edocetur.

490 4006 580 4062 84.
622 4005 714 4060 Vae
755 4005 1102 4061 meretricum
1145 4005 1398 4069 amatori,
1444 4004 1749 4074 inquinanti
1786 4015 1990 4061 vestem

419 4101 739 4171 nuptialem,
764 4099 878 4170 jam
899 4113 1119 4170 quoque
1146 4113 1177 4153 e
1201 4097 1368 4168 regiis
1388 4098 1597 4168 nuptiis
1620 4098 1840 4168 eiicitur
1866 4115 1992 4155 cum

418 4195 704 4249 dedecore.

488 4285 578 4340 85.
620 4283 712 4337 Vae
742 4281 1157 4343 contumelioso,
1190 4289 1393 4336 etcum
1420 4281 1538 4352 ipso
1568 4282 1733 4337 simul
1752 4283 1989 4347 ebrioso,

416 4376 545 4448 quia
589 4390 716 4430 cum
752 4373 1039 4429 homicidis
1068 4373 1427 4439 collocantur,
1477 4382 1532 4429 et
1566 4389 1691 4429 cum
1727 4374 1991 4429 adulteris

417 4472 743 4544 puniuntur.

487 4564 574 4619 86.
619 4560 708 4615 Vae
730 4556 1026 4613 luxurianti
1054 4572 1221 4625 parvo
1253 4565 1515 4625 tempore,
1560 4557 1628 4620 is,
1659 4558 1816 4627 quasi
1845 4556 1989 4611 vitu-

417 4657 505 4713 lus
534 4656 601 4710 ad
623 4652 954 4708 occisionem
976 4648 1300 4712 destinatus,
1328 4648 1716 4718 impinguatur.

486 4749 577 4804 87.
612 4745 707 4801 Vae
739 4744 1052 4816 hypocrita,
1088 4757 1183 4797 seu
1221 4740 1551 4805 simulatori,
1601 4749 1783 4809 pastor
1809 4739 1988 4810 ipsum

418 4843 667 4912 abnegat,
702 4848 756 4894 et
784 4841 962 4906 lupum
993 4832 1156 4906 564
1181 4833 1351 4904 judex
1380 4833 1735 4887 demonstrat.

486 4936 574 4991 88.
620 4933 833 4997 Beatus,
883 4931 980 5000 qui
1023 4944 1119 4999 per
1163 4936 1451 4997 angustam
1494 4926 1637 4980 viam
1686 4926 1791 4981 iter
1839 4925 1991 4993 facit,

418 5042 677 5085 coronam
703 5025 905 5095 quippe
932 5030 1152 5093 gestans
1184 5021 1383 5076 cmlum
1420 5021 1741 5092 ingreditur.

489 5118 578 5173 89.
632 5118 847 5179 Beatus,
898 5114 993 5184 qui
1036 5113 1345 5182 voluptates
1389 5112 1697 5181 conculcat,
1751 5121 1995 5169 tremunt

415 5213 563 5268 enim
589 5209 865 5265 daemones
897 5221 1080 5261 coram
1116 5205 1255 5275 ipso.

490 5303 582 5359 90.
623 5300 842 5367 Beatus,
872 5297 969 5368 qui
999 5311 1171 5367 purus
1199 5307 1282 5353 est
1307 5295 1509 5351 virtute
1541 5305 1796 5366 caretque
1820 5296 1992 5351 simu-

421 5397 623 5452 latione
668 5393 724 5448 in
766 5392 972 5457 anima,
1022 5389 1150 5461 quia
1192 5388 1538 5459 iudicaturus
1586 5396 1671 5444 est
1707 5389 1992 5450 mundum,

424 5506 533 5545 non
556 5502 685 5543 vero
723 5500 753 5540 a
782 5488 986 5540 mundo
1012 5482 1360 5553 iudicandus.

495 5580 585 5636 9|.
637 5578 859 5642 Beatus,
898 5578 991 5646 qui
1036 5576 1326 5632 sublimem
1366 5576 1479 5648 agit
1526 5575 1715 5642 vitam,
1769 5589 1991 5631 sensum

2100 520 2197 573 καί
2232 521 2457 575 σεαυτὸν
2504 523 2789 596 στενάξῃς,
2827 525 3028 590 πάντες
3056 527 3165 599 γάρ
3190 529 3362 599 ἐσμεν
3394 532 3679 603 ἁμαρτίαις

2100 611 2416 667 ὑπεύθυνοι.

2167 708 2229 756 0'.
2275 703 2687 774 Ἀναμίμνησκε
2716 707 2815 759 τοῦ
2858 709 3067 780 Κριτοῦ
3126 711 3223 765 τὸν
3266 713 3434 780 φίλον
3481 715 3687 786 67mm;-

2100 810 2289 861 σαντα,
2316 797 2412 848 καὶ
2440 797 2503 849 τὸ
2538 797 2631 851 σὺν
2662 799 2998 869 ἐμπλάττεις
3044 803 3298 875 τραῦμα,
3358 808 3550 861 κοινὸν
3584 812 3679 877 γάρ

2096 885 2195 955 τῆς
2218 904 2282 938 συ
2292 887 2533 958 μὸουλῆς
2550 890 2610 943 τὸ
2639 891 2954 962 φάρμακον.

2168 984 2267 1031 οα’.
2303 980 2501 1048 Λέγειν
2529 981 2583 1034 τί
2615 982 2848 1052 μέλλων,
2884 984 2918 1055 ἢ
2951 986 3234 1057 πράττειν,
3283 988 3397 1059 τῆς
3432 992 3575 1061 μετά
3603 1012 3685 1062 μι-

2096 1070 2230 1141 κρὸν
2291 1073 2592 1141 ἀπολογίας
2640 1076 2920 1145 φρόντιζε,
2970 1078 3066 1132 καὶ
3097 1086 3410 1153 σωφρονεῖς
3441 1084 3522 1155 τῷ
3545 1086 3685 1157 φόϐῳ

2094 1163 2495 1234 διορθούμενος.

2166 1255 2265 1326 οβ’.
2293 1255 2404 1325 Τῆς
2434 1259 2711 1329 ἁμαρτίας
2732 1260 2834 1330 τὴν
2852 1262 3123 1333 τιμωρίαν
3150 1266 3351 1335 φοϐοῦ,
3370 1268 3482 1341 τὴν
3503 1272 3687 1342 αἰσχύ-

2097 1365 2197 1420 νην
2225 1349 2282 1404 δὲ
2307 1350 2504 1420 νάρκα,
2538 1352 2601 1405 τὸ
2642 1353 2882 1422 χαλεπὸν
2925 1355 3035 1427 γάρ
3078 1358 3371 1433 ἑκατέρων
3420 1364 3683 1437 ἄμετρον-

2167 1448 2269 1511 ογ’.
2308 1443 2430 1497 Τῶν
2454 1443 2761 1514 μελλόντων
2783 1445 3030 1515 ἀγαθῶν,
3080 1451 3175 1505 καὶ
3219 1452 3287 1506 τὸ
3333 1455 3565 1521 κάλλος,
3597 1460 3687 1511 καὶ

2096 1531 2303 1604 πλῆθος
2329 1535 2556 1605 ἄπειρον
2587 1552 2602 1567 ο
2645 1537 2823 1591 ταῦτα
2860 1538 2918 1592 δὲ
2970 1540 3120 1608 σκιά,
3166 1546 3266 1598 καὶ
3315 1548 3561 1616 καπνὸς,
3598 1554 3689 1603 καὶ

2097 1625 2450 1696 πομφόλυγες
2479 1627 2579 1699 (1).

2166 1714 2258 1771 οδ’.
2290 1720 2382 1789 Μὴ
2414 1723 2605 1791 σπεῖρε
2636 1721 2872 1793 πονηρά,
2909 1722 2971 1776 τὸ
3000 1723 3109 1796 γὰρ
3155 1726 3319 1800 θέρος
3368 1733 3571 1802 ἐγγὺς,
3598 1736 3688 1789 καὶ

2096 1807 2158 1861 τὸ
2186 1808 2299 1881 πῦρ
2335 1810 2425 1863 τὸν
2469 1815 2717 1883 γεωργὸν
2755 1813 2866 1867 τῶν
2892 1814 3148 1871 ἀκανθῶν
3192 1819 3513 1893 ἐκδέχεται.

2166 1909 2258 1956 oe’.
2309 1903 2584 1957 Ῥοδατοῦ
2622 1905 2740 1975 βίου
2781 1907 3104 1975 ὑποκριταὶ,
3156 1911 3523 1983 πλεονέκται,
3570 1919 3689 1988 φιλ-

2095 1988 2303 2059 ήδονοι,
2337 1992 2474 2045 ἀλλὰ
2506 1995 2706 2066 μικρὸν
2736 1998 3051 2067 καρτερεῖς,
3085 2001 3181 2054 καὶ
3200 2003 3297 2058 τὸν
3317 2006 3528 2077 χόρτον
3556 2008 3689 2064 θεω-

2099 2080 2211 2149 ρεῖς
2242 2081 2612 2154 πατούμενον.

2163 2260 2270 2327 ος’.
2314 2264 2473 2317 Πᾶσα
2525 2268 2742 2339 πονηρά
2796 2271 3016 2342 πρᾶξις,
3081 2273 3296 2338 ὁπλίζει
3348 2276 3452 2329 τὸν
3507 2278 3692 2333 διά6ο‹⁵

2092 2351 2215 2422 λον,
2261 2352 2545 2424 ὁπλισθεὶς
2584 2359 2655 2414 ’δὲ
2708 2361 2966 2432 χαλεπῶς
3016 2368 3131 2430 τοῖς
3177 2367 3448 2423 ὁπλίσασι
3490 2371 3657 2443 κὲχρη

2091 2461 2203 2499 ται.

2161 2537 2261 2602 οξα
2294 2538 2485 2595 Βούλει
2527 2542 2620 2597 τὸν
2678 2544 2883 2617 ἐχθρὸν
2910 2549 3197 2618 ἀσθενεῖνς
3242 2551 3349 2624 τὴν
3402 2555 3691 2628 ἁμαρτίαν

2091 2630 2419 2701 περίκοπτε,
2473 2634 2569 2687 καὶ
2605 2637 2920 2706 γυμνωθεὶς
2957 2640 3070 2695 τῶν
3102 2644 3349 2715 πτερῶν.
3376 2645 3463 2712 ὡς
3500 2665 3689 2721 στρου-

2091 2718 2227 2786 θίον,
2256 2722 2608 2792 ὲμπαίζεται.

2158 2819 2259 2882 οη’.
2278 2814 2414 2867 Οὐαὶ
2432 2814 2509 2885 τῷ
2540 2817 2748 2882 ἀσεϐεῖ,
2776 2820 2883 2885 ὅτι,
2910 2821 3038 2875 ὅταν
3067 2823 3276 2890 πάντες
3308 2828 3681 2897 φιιντίζωνται,

2088 2903 2211 2956 τότε
2238 2905 2447 2969 ἐκεῖνος
2479 2908 2809 2973 σκοτίζεται.

2158 2994 2254 3049 οθ’.
2288 2998 2425 3051 Οὐαὶ
2452 2999 2530 3070 τῷ
2569 3000 2899 3075 βλασφήμῳ,
2928 3006 3214 3077 δεσμεῖται
3238 3009 3353 3081 γάρ
3374 3011 3484 3083 τὴν
3515 3013 3682 3080 γλῶτ-

2089 3102 2207 3151 ταν,
2238 3090 2333 3141 καὶ
2362 3090 2481 3156 πῶς
2524 3092 2909 3165 ἀπολογεῖσθαι
2951 3100 3089 3172 πρὸς
3116 3101 3209 3157 τὸν
3248 3105 3474 3179 Κριτὴν
3506 3108 3567 3160 ού
3592 3107 3679 3161 δύ

2093 3195 2274 3236 ναται.

2162 3279 2239 3327 π’.
2281 3275 2419 3328 Ούαὶ
2456 3276 2534 3347 τῷ
2584 3280 2796 3353 ἀνόμῳ,
2850 3285 2989 3357 πρὸς
3032 3287 3247 3357 Κριτὴν
3301 3290 3419 3361 γὰρ
3471 3293 3675 3363 αὐστη-

2094 3363 2187 3433 ρόν
2234 3382 2295 3418 τε
2331 3367 2426 3420 καὶ
2459 3369 2667 3425 δίκαιον
2700 3373 2795 3428 τὸν
2836 3378 3144 3449 νομοθέτην
3171 3380 3510 3451 ἀπέρχεται.

2166 3464 2278 3513 πα’.
2310 3461 2450 3513 Ούαὶ
2487 3463 2565 3533 τῷ
2593 3464 2918 3543 πλεονέκτῃ,
2948 3472 2977 3523 6
3007 3470 3239 3537 πλοῦτος
3268 3474 3440 3529 αὐτὸν
3467 3477 3676 3547 φεύγει,

2091 3548 2272 3603 καὶτὸ
2301 3552 2413 3624 πῦρ
2442 3554 2789 3627 ὑποδέχεται.

2163 3639 2275 3710 πβ’.
2301 3643 2439 3696 Οὐαὶ
2471 3645 2556 3716 τῷ
2590 3648 2843 3722 ῥαθύμῳ,
2868 3650 3100 3725 ζητήσει
3128 3656 3222 3710 τδν
3242 3658 3467 3731 καιρὸν,
3496 3662 3558 3715 ὃν
3580 3682 3677 3720 κα-

2093 3730 2205 3797 κῶς
2236 3734 2599 3808 ἐδαπάνησεν.
3004 3785 3013 3793 -

2162 3824 2274 3894 πγ’.
2301 3829 2439 3882 Οὐαὶ
2473 3830 2550 3900 τῷ
2572 3832 2815 3901 ἀλαζόνι,
2849 3837 2981 3893 ὅταν
2998 3840 3223 3917 εἰσέλθῃ
3252 3843 3347 3898 τὸν
3376 3845 3573 3917 τάφον,
3592 3848 3676 3912 τίς

2092 3918 2328 3990 ὑπάρχει
2362 3921 2701 3980 διδάσκεται.

2163 4013 2267 4066 πεδ’.
2299 4014 2433 4068 Οὐαὶ
2466 4016 2543 4086 τῷ
2584 4018 2915 4093 φιλοπόρνῳ,
2940 4024 3204 4094 ρυποῦντι
3246 4028 3447 4101 στολὴν
3476 4050 3677 4103 νυμφι-

2091 4103 2216 4175 κὴν,
2246 4105 2342 4159 καὶ
2370 4105 2464 4160 τοῦ
2495 4108 2779 4179 βασιλικοῦ
2808 4114 2989 4185 γάμου
3023 4119 3146 4187 μετ’
3179 4119 3448 4193 αἰσχύνης
3490 4124 3681 4178 6x6511-

2090 4192 2262 4249 λεται.

2162 4295 2264 4341 πε’.
2307 4289 2443 4343 Οὐαὶ
2472 4290 2552 4362 τῷ
2596 4291 2836 4366 λοιδόρῳ,
2877 4297 2974 4351 καὶ
3012 4299 3110 4353 σὺν
3143 4301 3396 4374 αὐτῷτῷ
3432 4305 3675 4378 μεθύσῳ,

2089 4379 2171 4433 ὅτι
2208 4380 2347 4450 μετά
2379 4383 2650 4451 φονευτῶν
2673 4386 2977 4454 τάττονται,
3004 4390 3100 4444 καὶ
3132 4393 3274 4463 μετά
3294 4396 3507 4466 μοιχῶν
3522 4398 3677 4454 κολά-

2027 4477 2070 4532 D
2096 4467 2301 4534 ζονται.

2167 4558 2285 4624 πς’.
2319 4561 2458 4615 Οὐαὶ
2481 4561 2561 4634 τῷ
2593 4564 2870 4636 τρυφῶντι
2909 4568 3100 4640 χρόνον
3123 4570 3327 4640 ὀλίγον,
3361 4572 3445 4637 ὡς
3476 4576 3675 4649 μόσχος

2095 4649 2177 4713 εἰς
2227 4651 2443 4723 σφαγὴν
2474 4653 2843 4723 ὲτοιμασθεὶς,
2882 4658 3177 4715 σιτεύεται.

2164 4739 2274 4806 πζ’.
2308 4744 2446 4798 Οὐαὶ
2476 4744 2557 4816 τῷ
2586 4746 2883 4820 ὑποκριτῇ,
2917 4751 2945 4803 6
2976 4750 3182 4822 ποιμὴν
3216 4753 3387 4809 αὐτὸν
3403 4756 3669 4826 ἀρνεῖται,

2095 4831 2190 4885 καὶ
2221 4832 2381 4886 λύκον
2411 4835 2439 4887 6
2473 4836 2682 4907 Κριτὴς
2710 4838 3095 4907 ἀποφαίνεται.

2166 4922 2277 4995 σπη’.
2308 4926 2594 4998 Μακάριος
2621 4930 2649 4982 6
2674 4930 2869 5001 στενὴν
2918 4931 3120 4987 ὁδεύων
3163 4933 3303 5001 ὁδὸν,
3332 4951 3671 5011 στεφανηφο-

2096 5016 2205 5088 ρῶν
2225 5018 2335 5090 γὰρ
2361 5018 2451 5073 τὸν
2471 5020 2699 5091 οὐρανὸν
2720 5023 3051 5095 εἰσέρχεται.

2166 5108 2275 5163 πθ’.
2309 5109 2596 5183 Μακάριος
2618 5114 2647 5166 6
2668 5111 2767 5177 τὰς
2796 5114 2991 5186 ἡδονὰς
3017 5116 3226 5182 πατῶν,
3260 5120 3539 5194 τρέμουσι
3567 5124 3670 5194 γάρ

2098 5202 2235 5272 πρὸς
2261 5204 2422 5258 αὐτὸν
2450 5206 2499 5258 οἱ
2521 5206 2793 5277 δαίμονες.

2169 5299 2240 5362 μ’.
2272 5298 2559 5368 Μακάριος
2597 5299 2626 5351 6
2650 5298 2752 5370 τὴν
2777 5300 2981 5373 ἀρετὴν
3025 5302 3266 5375 καθαρὸς
3312 5306 3413 5359 καλι
3452 5308 3553 5378 τὴν
3579 5309 3670 5379 ψυ·

2100 5388 2201 5459 χὴν
2246 5391 2643 5462 ἀνυπόκριτοςο
2688 5393 2896 5463 κρίνειν
2922 5394 3034 5467 γάρ
3079 5396 3262 5467 μέλλει
3322 5400 3419 5455 τὸν
3450 5402 3670 5475 κόσμον,

2099 5484 2219 5552 οὐχὶ
2244 5483 2300 5536 δὲ
2338 5484 2475 5553 μετά
2503 5482 2597 5537 τοῦ
2620 5484 2827 5556 κόσμου
2854 5488 3152 5557 κρίνεσθαι.

2171 5580 2279 5641 ιμ’.
2310 5575 2594 5647 Μακάριος
2621 5575 2651 5628 6
2683 5580 2777 5631 τὸν
2815 5576 2929 5649 βίον
2966 5578 3105 5651 ἔχων
3152 5580 3377 5653 ὑψηλὸν,
3423 5585 3671 5641 ταπεινὸν

503 5755 579 5821 (1)
610 5751 765 5819 Apud
800 5750 1054 5805 Ducacum
1088 5765 1356 5807 numerus
1392 5750 1460 5805 7'5
1494 5750 1715 5809 induas
1752 5750 2054 5809 sententias
2089 5750 2343 5820 partitur.
