3808 6226
43 278 182 342 tata
1313 272 1578 333 CAPITA
1609 272 2119 333 PAIUENETICA.
3210 277 3343 341 1250

43 390 85 440 ῑὲ
122 388 458 457 φρόνημα,
482 383 717 457 Χριστὸν
735 383 844 455 γὰρ
870 384 1141 453 μιμεῖται,
1167 380 1262 435 καὶ
1286 380 1434 451 αὐτῷ
1474 398 1547 433 συ·

1838 397 1904 432 ro
1935 380 2231 444 humilem;
2264 380 2544 437 Clu-istum
2582 383 2781 438 etenim
2819 383 3085 451 imitatur,
3109 402 3342 457 cumque

43 481 309 545 ὶέζεται.

1773 473 1891 543 ipso
1918 472 2176 527 considet.

106 592 237 663 ιιβ’.
282 594 617 663 Μακάριος,
656 585 717 646 οὗ
761 591 859 659 τῆς
887 588 1136 659 γλώττης
1170 588 1199 641 6
1235 588 1398 658 νόμος
1423 588 1522 641 οὐκ
1569 587 1610 640 ἀι

1841 587 1931 643 92.
1978 586 2193 654 Beatus,
2239 588 2398 658 cujus
2442 605 2471 645 a
2520 590 2702 660 lingua
2751 593 2837 647 lex
2876 595 3102 651 minime
3134 597 3340 663 deticit,

43 688 325 750 ίσταται,
404 686 599 740 τούτου
628 686 738 755 γὰρ
786 684 888 755 τῆς
935 682 1140 753 σκηνῆς
1182 683 1212 735 6
1237 680 1370 743 Θεὸς
1397 681 1457 733 οὺ
1502 699 1547 750 χι

1837 670 1999 748 ιὀίυε
2044 695 2280 751 namque
2311 681 2657 738 tabernaculo
2697 684 2839 740 Deus
2885 702 3226 759 nequaquam
3260 707 3341 745 se-

43 778 236 841 ζεται.

1772 778 2014 843 paratur.

113 899 240 960 ι.,γ’.
315 892 625 961 Μακάριος
671 894 701 945 6
739 890 968 953 πολλοὺς
1000 884 1059 943 εὖ
1092 887 1282 954 ποιῶν,
1310 886 1532 950 πολλοὺς
1563 885 1617 956 γὲ

1844 880 1931 934 95.
1974 879 2194 945 Beatus,
2225 882 2318 952 qui
2347 882 2597 953 plurimis
2629 886 2917 955 benefacit,
2950 890 3151 946 multos
3171 892 3339 957 enim,

43 985 297 1056 εὑρήσει
330 984 679 1057 συνηγόρους
702 985 1042 1057 κρινόμενος.

1772 971 1901 1027 dum
1936 971 2234 1042 judicatur,
2259 975 2498 1030 inveniet
2528 978 2839 1034 advocatos.

121 1097 238 1166 ιβ’.
283 1099 597 1170 Μακάριος
628 1101 655 1152 6
691 1098 766 1169 μὴ
798 1097 1032 1151 νοθεύων
1056 1096 1154 1167 τὴν
1181 1094 1403 1166 ἀρετὴν,
1424 1092 1517 1147 τοῦ
1538 1094 1623 1164 Κρ

1842 1086 1930 1140 94.
1978 1086 2198 1155 Beatus,
2259 1089 2352 1158 qui
2408 1106 2514 1143 non
2556 1092 2823 1149 adulterat
2874 1096 3167 1165 virtutem;
3217 1099 3342 1168 quia

43 1190 145 1242 τοῦ
178 1190 313 1262 γὰρ
349 1191 421 1244 τὸ
450 1191 621 1244 πτύον
650 1192 749 1244 οὐκ
780 1190 1131 1261 ὲμπαίζεται.

1770 1178 1973 1250 judicis
2000 1195 2109 1233 non
2143 1182 2389 1236 illuditur
2412 1183 2794 1239 ventilabrum.

124 1302 242 1369 ι,ε’.
312 1304 613 1375 Μακάριος
662 1304 690 1356 6
738 1304 838 1368 τὰς
886 1302 1085 1356 ἑαυτοῦ
1140 1303 1371 1375 πράξεις
1427 1301 1628 1373 κοσμῶε

1845 1292 1932 1347 95.
1977 1294 2190 1358 Beatus,
2225 1298 2318 1367 qui
2350 1300 2593 1354 actiones
2620 1315 2748 1354 suas
2775 1302 3023 1367 adornat,
3054 1312 3342 1372 antequam

49 1396 192 1464 πρὶν
225 1394 493 1465 ὀφθῆναι
526 1394 587 1447 τὸ
615 1394 749 1466 πῦρ,
772 1389 815 1463 ᾦ
844 1396 1023 1450 πάντα
1044 1393 1422 1465 δοκιμάζεται.

1400 1434 1422 1449 η,
1776 1398 2033 1455 appareat
2060 1386 2200 1457 ignis
2231 1404 2340 1457 quo
2372 1390 2673 1459 probantur
2700 1393 2904 1445 omnia.

129 1506 264 1573 kg'.
303 1509 610 1579 Μακάριος
631 1510 659 1562 6
684 1509 929 1563 σπεύδων
954 1510 1091 1580 πρὸς
1124 1508 1224 1579 τὴν
1253 1506 1397 1579 ζωὴν
1426 1507 1525 1578 τὴν
1550 1506 1633 1577 μέ]

1846 1498 1934 1553 96.
1976 1498 2197 1567 Beatus,
2237 1502 2329 1572 qui
2369 1503 2434 1556 ad
2478 1503 2713 1557 futuram
2763 1506 2929 1560 vitam
2977 1505 3224 1574 festinat;
3260 1524 3345 1561 res

53 1600 157 1652 λου
168 1617 312 1661 σαν,
334 1601 414 1655 τὰ
437 1601 681 1675 παρόντα
701 1601 810 1673 γὰρ
840 1601 955 1666 ὄζει
981 1601 1210 1672 φθορᾶς,
1237 1599 1332 1655 καὶ
1354 1600 1490 1672 πρὸς
1513 1599 1557 1652 Θ(

1842 1607 2015 1661 ιιηᾳυθ
2064 1606 2357 1662 praesentes
2404 1596 2651 1651 redolent
2694 1598 3125 1668 corruptionem,
3175 1609 3229 1654 et
3278 1602 3346 1654 ad

59 1709 158 1745 τον
190 1691 465 1746 ἕλκεται.

1713 1743 1738 1746 _
1778 1694 2008 1738 mortem
2042 1686 2349 1742 tralmntur.

123 1803 260 1873 ειιξ.
303 1805 607 1877 Μακάριος
651 1807 679 1859 6
716 1805 785 1859 τὰ
837 1806 1016 1875 φαῦλα
1070 1804 1417 1877 σκορπίζων,
1467 1804 1504 1859 ἃ
1550 1821 1627 1859 συε

1846 1798 1932 1853 97.
1975 1798 2191 1865 Beatus,
2223 1801 2314 1869 qui
2357 1801 2621 1871 dispergit
2668 1802 3080 1874 improba,quze
3124 1821 3350 1876 congre-

68 1898 288 1968 ήγαγε,
313 1898 421 1951 διαὶ
449 1898 687 1967 καθαρὸς
704 1897 782 1969 τῷ
805 1896 1231 1970 καθαρῷξΚριτῇ
1248 1897 1572 1970 παριστάμεε

1293 1897 1675 1970 αριστάμενος,
1774 1890 1938 1960 gavit,
1964 1899 2018 1944 et
2049 1906 2218 1959 purus
2248 1908 2386 1962 puro
2418 1891 2595 1949 Judici
2636 1904 2797 1949 astat.

140 2008 265 2080 ιη’.
315 2009 639 2077 Κεφάλαιον
671 2007 773 2080 μὲν
810 2008 905 2063 τοῦ
947 2008 1107 2079 λόγου
1133 2022 1147 2037 ⁶
1171 2006 1316 2078 ψυχὴ
1347 2007 1421 2078 μὴ
1461 2008 1644 2073 ἀμέλει

1846 2005 1934 2062 98.
1987 2005 2328 2077 Praecipuum
2380 2016 2594 2073 autem,
2649 2025 3036 2081 summumque
3083 2012 3348 2065 sermonis

75 2096 315 2167 μέλλεις
371 2099 483 2170 γὰρ
530 2098 623 2153 τὸν
684 2100 848 2169 ζυγὸν
895 2100 1032 2170 μετὰ
1074 2098 1269 2171 μικρὸν
1322 2098 1579 2169 μετέρχεο

1847 2109 1879 2154 t.
1929 2100 2125 2155 Anima
2196 2116 2265 2155 ne
2316 2101 2393 2156 sis
2448 2102 2763 2173 negligens;
2836 2119 2959 2157 nam
3006 2104 3170 2173 paulo
3228 2112 3351 2172 post

70 2188 171 2241 τοῦ
206 2188 465 2261 φοϐεροῦ
497 2190 779 2261 κριτηρίου
805 2190 1042 2262 Χριστοῦ
1080 2190 1173 2243 τοῦ
1204 2189 1337 2243 Θεοῦ
1358 2190 1538 2261 ἡμῶν.

1841 2194 1992 2250 ibibis
2024 2196 2233 2250 lancem
2269 2195 2534 2251 tremendi
2559 2196 2750 2266 judicii
2780 2196 2983 2251 Christi
3028 2196 3120 2251 Dei
3153 2197 3345 2250 nostri.

150 2300 267 2370 ἥθ’.
311 2302 412 2367 Ὧς
443 2301 552 2373 γὰρ
577 2304 627 2356 ot
654 2303 964 2375 ἐλεήμονες,
990 2320 1048 2361 κ.
1076 2319 1129 2356 τ.
1162 2301 1215 2358 λ.

1852 2307 1941 2362 99.
1968 2306 2122 2363 Sicut
2159 2323 2396 2378 namque
2423 2307 2826 2365 misericordes.
2851 2320 2956 2363 etc.

85 2459 674 2534 Sequentiarusquead
697 2478 843 2516 num.
876 2461 1328 2534 lii‘qdcerbum
1352 2461 1624 2534 exscripta
1668 2472 1790 2515 sunt
1815 2479 1880 2517 ex
1915 2462 2030 2516 Nili
2075 2464 2327 2531 opusculo
2357 2464 2430 2519 De
2482 2464 2791 2534 voluntaria
2828 2472 3162 2534 paupertate,
3188 2480 3349 2525 supra

154 2530 289 2601 pag.
334 2533 448 2587 255
470 2533 741 2605 ;ﬁre_liqya,
763 2548 920 2605 Anum.
953 2531 1221 2593 122-155,
1253 2530 1509 2584 verbatim
1531 2534 1692 2584 etiam
1715 2534 2033 2605 Igguuturin
2064 2534 2299 2605 ejusdem
2321 2534 2458 2589 libro
2479 2533 2551 2590 De
2577 2530 2977 2590 monachorum
3010 2537 3346 2605 praastantiu,

155 2619 362 2671 supra,
396 2620 450 2673 p.
483 2602 608 2658 577.
629 2601 837 2671 Duplex
854 2601 949 2655 hoc
978 2611 1340 2656 assumentum
1374 2618 1690 2656 resecamus.
1728 2601 1887 2657 Em.

734 2935 1154 3023 ΝΕΙΛΟΥ
1208 2937 1879 3025 ΕΠΙΣΚΟΠΟΥ
1933 2940 2130 3023 ΚΑΙ
2163 2942 2741 3029 ΜΑΡΤΥΡΟΣ

1263 3121 1615 3176 ΚΕΦΑΛΑΙΑ
1671 3124 1720 3176 Η
1774 3123 2207 3177 ΠΑΡΑῙΝΕΣΙΣ.

522 3466 617 3555 S.
693 3469 951 3559 NI[.I
1027 3464 1573 3560 MONACHI
1652 3460 2068 3550 CAPITA
2124 3453 2959 3547 PARIENETICA.

796 3662 891 3722 (Ex
912 3657 1175 3709 Frontonis
1206 3655 1376 3704 Ducaei
1404 3652 1637 3703 Auctario
1673 3649 1804 3700 Bibl.
1829 3654 1929 3698 vet.
1988 3647 2145 3707 Patr.,
2174 3650 2289 3695 tom.
2316 3644 2379 3708 Π,
2414 3660 2462 3709 p.
2499 3642 2664 3704 1168.)

1696 3783 1766 3795 ..ι-

197 3925 368 3998 Ἀρχὴ
403 3922 671 3994 σωτηρίας
696 3923 729 3992 ἡ
754 3920 946 3975 ἑαυτοῦ
975 3918 1342 3986 κατάγνωσις..

1712 3912 1760 3973 C
1860 3908 1913 3960 1.
1954 3905 2173 3959 Initium
2202 3902 2392 3957 salutis
2423 3910 2524 3965 est,
2555 3902 2811 3972 suiipsius
2842 3903 3134 3959 accusatio.

186 3995 410 4074 Βέλτιον
436 4019 558 4088 εἰκῆ
585 4016 871 4089 ἐμϐάλλειν
886 4014 1053 4079 λίθον,
1075 4012 1107 4084 ἢ
1129 4012 1306 4078 λόγον.

1857 4000 1913 4053 2.
1933 3998 2113 4052 Satius
2130 4005 2215 4049 est
2233 4005 2432 4049 temere
2449 3995 2661 4049 mittere
2678 3996 3094 4065 lapidem,quam
3111 3997 3355 4055 verbum.

188 4109 345 4164 Γίνου
373 4112 485 4174 τοῖς
518 4110 702 4173 πᾶσιν,
723 4106 798 4171 ὡς
834 4108 915 4159 σοὶ
949 4105 1123 4167 Θέλεις
1149 4103 1375 4165 πάντας.

1858 4092 1911 4146 5.
1952 4089 2059 4145 Fac
2083 4088 2357 4153 omnibus,
2380 4088 2833 4157 quemadmodum
2868 4095 2921 4142 tu
2953 4088 3033 4143 vis
3058 4104 3248 4145 omnes
3279 4092 3358 4145 fa-

1791 4198 1914 4237 cere
1949 4183 2062 4236 tibi.

191 4287 549 4357 Δικαιοσύνην
582 4285 780 4357 μᾶλλον
815 4284 960 4356 ἔργῳ
988 4282 1021 4354 ἢ
1051 4281 1194 4352 λόγῳ
1224 4281 1407 4335 ἄσκει.

1860 4275 1912 4328 4.
1946 4271 2219 4326 Jusxitiatn
2267 4271 2437 4341 magis
2471 4286 2636 4341 opere
2685 4286 2847 4337 quam
2881 4269 3048 4324 verbo
3077 4286 3288 4325 exerce.

193 4379 438 4451 εὐσεϐὴς
486 4380 584 4449 οὐχ
644 4380 673 4431 6
717 4377 947 4440 πολλοὺς
1001 4375 1207 4438 ἐλεῶν,
1264 4372 1381 4427 ἀλλ’
1424 4373 1452 4425 6
1484 4370 1688 4442 μηδένα

1863 4366 1914 4419 5.
1955 4365 2084 4418 Pius
2133 4371 2238 4425 est,
2281 4379 2391 4417 non
2435 4363 2527 4432 qui
2575 4362 2869 4415 multorum
2926 4362 3235 4429 miseretur,
3271 4364 3361 4417 sed

130 4469 343 4529 ἀδικῶν.

1792 4458 1886 4527 qui
1919 4458 2191 4511 neminem
2217 4455 2415 4525 injuria
2443 4454 2629 4508 allicit.

197 4568 301 4637 Ζῇν
329 4566 551 4636 ἄμεινον
577 4563 670 4617 ἐπὶ
708 4560 979 4628 στιϐάδος,
1023 4558 1120 4613 καὶ
1149 4557 1392 4632 θαρρεῖν,
1420 4556 1454 4628 ἢ
1486 4554 1694 4628 χρυσῆν

1864 4550 1917 4603 6.
1958 4547 2140 4603 Satius
2166 4557 2249 4601 est
2273 4546 2422 4600 humi
2458 4546 2746 4600 cubantem
2771 4546 2972 4610 vivere,
2995 4554 3049 4599 et
3078 4544 3221 4599 bono
3245 4561 3366 4599 esse

134 4652 312 4723 ἔχοντα
334 4656 541 4726 κλίνην.

1796 4643 1995 4707 animo,
2027 4655 2189 4711 quam
2219 4641 2594 4710 perturbatum
2622 4640 2674 4692 in
2707 4654 2874 4693 aureo
2897 4639 3054 4692 lecto.

207 4746 365 4813 Ἠδῦς
416 4748 621 4809 ἐκεῖνος
653 4746 681 4797 6
707 4744 881 4814 φίλος,
918 4742 1070 4812 ὁτὴν
1122 4738 1300 4810 ψυχὴν
1362 4737 1690 4808 διατρέφων.

1866 4736 1917 4789 7.
1959 4733 2143 4787 Dulcis
2168 4732 2255 4786 ille
2282 4731 2490 4785 amicus
2513 4738 2617 4791 est,
2653 4729 2746 4797 qui
2776 4728 3009 4782 animam
3036 4728 3229 4797 pascit.

198 4835 327 4893 Θεὸν
391 4840 489 4909 μὲν
546 4838 723 4907 λόγοις
781 4835 961 4905 ὕμνει,
1002 4833 1182 4903 ἔργοις
1215 4832 1272 4884 δὲ
1307 4830 1489 4895 σέϐου,
1518 4829 1698 4901 ἐννοίᾳ

1868 4827 1920 4880 8.
1962 4824 2129 4877 Deum
2158 4822 2337 4877 verbis
2366 4822 2586 4892 quidem
2626 4821 2805 4882 lauda,
2857 4820 3111 4889 Operibus
3151 4820 3287 4885 cole,
3318 4832 3370 4874 et

138 4924 190 4979 δὲ
224 4931 374 5000 τίμα.

1798 4916 2127 4988 cogitatione
2164 4915 2390 4968 honora.

217 5020 383 5093 Ἰερέα
410 5021 692 5093 φρόνησις,
724 5019 818 5073 καὶ
856 5016 989 5088 βίος,
1018 5015 1110 5069 καὶ
1135 5014 1384 5083 εὐγένεια
1420 5015 1589 5067 ποιεῖ.

1868 5010 1920 5063 9.
1964 5006 2307 5061 Sacerdotem
2340 5004 2463 5059 facit
2508 5001 2886 5072 intelligentia,
2921 5011 2976 5054 et
3013 5001 3144 5066 vita,
3181 5012 3234 5054 et
3255 5018 3371 5055 mo-

1798 5118 1918 5156 rum
1951 5099 2257 5168 integritas.

206 5199 473 5253 Κάκιστόν
500 5200 616 5252 ἐστι
648 5198 787 5250 πᾶσι
819 5194 1091 5249 δουλεύειν
1117 5194 1377 5263 αἰσχροῖς.

1874 5192 1960 5246 10.
2000 5190 2241 5245 Pessima
2283 5205 2370 5244 res
2417 5198 2517 5252 est,
2551 5186 2801 5241 omnibus
2847 5186 3051 5241 servire
3080 5186 3372 5257 turpitudi-

1869 5286 1967 5312 In...

1809 5286 1989 5340 nibus.

210 5378 360 5451 Λόγῳ
386 5378 483 5450 μὲν
520 5376 617 5451 τὴν
638 5375 837 5449 ἀρετὴν
862 5375 1096 5439 δίδασκε,
1136 5373 1282 5444 ἔργῳ
1311 5372 1367 5424 δὲ
1396 5370 1565 5441 αὐτὴν
1603 5369 1703 5441 κή-

1882 5375 1969 5427 11.
2014 5373 2188 5427 Verbo
2214 5373 2465 5427 virtutem
2497 5373 2706 5436 docetu,
2730 5386 2890 5441 opere
2920 5378 3101 5424 autem
3131 5371 3371 5424 eamdem

152 5483 316 5535 ρυττε.

1809 5465 2046 5520 declara.

214 5563 315 5637 Μὴ,
374 5564 435 5618 τὸ
487 5563 629 5634 ἔχειν
684 5561 902 5633 ἀρετὴν,
947 5558 1111 5613 καλὸν
1140 5556 1346 5628 νόμιζε,
1378 5552 1517 5608 ἀλλὰ
1543 5552 1604 5607 τὸ
1628 5552 1705 5615 ὡς

1880 5558 1966 5610 1⁸2.
2007 5554 2147 5619 Νοη,
2181 5556 2379 5610 habere
2401 5555 2676 5618 virtutem,
2705 5554 3021 5624 prtcclarum
3046 5562 3252 5623 putato,
3283 5553 3375 5608 sed

155 5648 240 5704 διῐ.
1809 5652 2263 5724 quemadmodum
2298 5651 2468 5714 decet.
2500 5666 2561 5705 ea
2592 5650 2689 5705 uti.
