3808 6226
428 274 562 341 1251

481 388 569 442 15.
608 386 803 457 Legem
836 385 1133 447 honorans,
1165 383 1319 453 juxta
1358 383 1531 453 legem
1557 383 1723 438 vives.

478 478 564 533 il.
608 478 818 548 Hos’pes
851 478 938 530 ille
960 486 1062 538 est,
1107 477 1191 530 cui
1225 475 1443 530 sordent
1480 476 1775 529 mundana.

481 570 568 624 15.
612 569 829 625 Invidus
885 569 1123 638 scipsum
1170 569 1396 635 multat;
1449 568 1538 621 cui
1588 568 1734 621 enim
1798 567 1990 621 adver-

410 676 506 715 sus
560 662 793 717 alterum
850 661 1111 732 loquitur,
1159 660 1397 729 seipsum
1452 659 1660 714 inscius
1712 660 1870 713 malis
1907 659 1991 713 af-

412 752 546 808 ficit.

481 844 569 900 16.
610 845 771 899 Diviti
804 860 980 913 neque
1012 844 1254 907 adulare,
1296 856 1474 912 neque
1516 842 1766 896 eumdem
1818 841 1990 897 irrita.

482 935 568 988 l7.
614 933 812 988 Vinum
860 934 1083 989 roborat
1118 948 1340 1001 corpus,
1386 932 1626 985 animam
1659 941 1841 985 autem
1868 947 1991 986 ver-

452 1044 538 1081 um
575 1027 688 1081 Dei.

411 1028 538 1083 bum
575 1028 688 1081 Dei.

482 1119 566 1172 18.
608 1118 757 1173 Cibis
786 1126 937 1172 utere
972 1133 1079 1171 non
1114 1115 1387 1180 dulcibus,
1412 1116 1505 1171 sed
1528 1116 1877 1170 salutaribus.

483 1210 568 1264 l9.
612 1210 668 1263 Si
718 1210 934 1265 conaris
972 1209 1185 1279 placere
1217 1209 1400 1279 vulgo,
1432 1208 1591 1279 vulgo
1639 1209 1833 1264 similis
1863 1209 1985 1265 ﬂas.

478 1388 568 1443 20.
608 1387 783 1455 Super
812 1388 994 1441 omnia
1031 1394 1214 1442 autem
1259 1388 1524 1443 mortifica
1569 1403 1769 1457 corpus
1812 1397 1987 1443 tuum.

481 1481 571 1536 2i.
616 1481 706 1535 Ille
735 1481 1041 1535 laboriosus
1078 1489 1180 1544 est,
1220 1480 1309 1535 cui
1355 1496 1461 1534 non
1500 1489 1715 1550 tempus
1748 1489 1987 1548 superat.

477 1574 568 1629 22.
608 1571 687 1626 Ne
729 1573 955 1643 recipito
990 1571 1286 1627 Christiani
1340 1572 1576 1626 hominis
1611 1572 1841 1625 formam
1874 1580 1992 1627 tan-

413 1676 546 1727 tum,
588 1665 682 1719 sed
713 1666 910 1719 animae
936 1665 1117 1733 potius
1146 1664 1514 1733 prudentiam.

1914 274 1976 333 S.
2009 273 2175 333 NILI

2008 400 2059 458 Α
2152 386 2337 457 Νόμον
2362 385 2561 455 τιμῶν,
2594 385 2738 441 κατά
2762 385 2929 457 νόμον
2950 387 3158 458 ζήσεις.

3543 269 3669 336 1%!

2162 478 2321 543 Ξένος
2354 481 2582 543 ἐκεῖνος,
2617 470 2663 546 ᾧ
2694 479 2819 542 ξένα
2852 477 2921 531 τά
2963 478 3057 531 τοῦ
3084 477 3315 547 κόσμου.

2176 573 2232 627 Ὀ
2262 572 2473 640 φθονῶν
2517 571 2708 623 ἑαυτὸν
2739 571 2963 640 ζημιοῖ·
2984 570 3012 621 ό
3035 567 3144 638 γάρ
3176 567 3297 621 κατ’
3319 564 3489 619 ἄλλου
3512 562 3669 634 φθεγ-

2092 665 2342 736 γόμενος,
2378 664 2571 732 φθάνει
2602 663 2831 733 πάσχων
2871 662 2962 731 ὑφ’
2996 660 3190 716 ἑαυτοῦ
3217 658 3437 723 κακῶς.

2163 843 2424 896 Πλούσιον
2457 842 2595 912 μήτε
2625 841 2909 903 κολάκευε,
2953 840 3093 910 μήτε
3130 837 3433 909 παρόξυνε.

2172 936 2434 988 Ῥώννυσι
2474 934 2572 986 μὲν
2605 928 2745 995 οἶνος
2773 932 2832 985 τὸ
2878 932 3059 1001 σῶμα,
3092 932 3191 1001 τὴν
3218 931 3277 983 δὲ
3300 928 3492 999 ψυχὴν
3526 927 3674 994 λόγος

2088 1027 2251 1082 Θεοῦ.

2162 1120 2361 1182 Σιτίοις
2387 1118 2522 1189 χρῶ,
2547 1118 2607 1172 οὐ
2640 1119 2752 1180 τοῖς
2778 1117 2985 1186 ἡδέσιν,
3022 1115 3157 1169 ἀλλά
3187 1115 3303 1178 τοῖς
3347 1112 3672 1181 ὠφελίμοις.

2161 1214 2285 1275 Τοῖς
2341 1212 2519 1281 ὄχλοις
2591 1210 2935 1280 πειρώμενος
2995 1208 3277 1277 ἀρέσκειν,
3334 1205 3451 1257 τῶν
3508 1203 3675 1272 ὸχλων

2088 1302 2272 1373 ὅμοιος
2303 1302 2411 1356 ἔσο.

2174 1396 2345 1464 ’Υπὲρ
2375 1394 2552 1448 πάντα
2582 1392 2843 1463 καταχρῶ
2869 1391 2948 1462 τῷ
2975 1389 3184 1461 σώματί
3212 1406 3332 1443 σου.

2159 1486 2450 1547 Φιλόπονος
2485 1486 2712 1548 ἐκεῖνος,
2739 1477 2782 1551 ᾧ
2816 1484 3008 1555 χρόνος
3037 1483 3099 1535 οὐ
3148 1479 3504 1553 περισσεύει.

2160 1576 2490 1647 Χριστιανοῦ
2531 1576 2833 1647 ἁνδρὸς’μὴ
2878 1576 2939 1628 τὸ
2972 1577 3159 1645 σχῆμα
3210 1572 3511 1642 ἀποδέχου,
3546 1569 3681 1624 ἀλλὰ

2090 1670 2152 1725 τδ
2183 1675 2280 1741 τῆς
2309 1670 2487 1739 ψυχῆς
2510 1669 2790 1739 φρόνημα-

478 1758 570 1813 25.
613 1758 838 1826 Culpam
865 1756 1163 1811 transferre
1198 1756 1251 1810 in
1289 1756 1457 1810 Deum
1493 1774 1599 1811 non
1631 1756 1981 1826 culpandum,

2165 1762 2365 1829 Ψέγειν
2390 1760 2759 1831 ἀνεπίληπτον
2786 1760 2867 1823 εἰς
2897 1757 3031 1811 Θεὸν
3061 1757 3335 1828 ἁμαρτία.

409 1860 687 1921 peccatum
724 1860 825 1905 est.

481 1943 571 1996 ει.
610 1944 836 1996 Aurium
870 1952 922 1996 et
952 1941 1148 2009 linguae
1182 1957 1439 2011 magnum
1476 1950 1557 1995 est
1582 1942 1909 2011 periculum.

478 2034 568 2088 25.
610 2034 880 2087 Timorem
919 2042 973 2088 et
1015 2033 1345 2088 desiderium
1395 2032 1488 2087 Dei
1521 2034 1736 2099 habeto,
1762 2043 1816 2087 et
1853 2048 1989 2103 puro

409 2125 760 2181 conscientiae
790 2124 1105 2178 testimonio
1136 2140 1262 2196 erga
1296 2140 1487 2179 omnes
1521 2134 1693 2179 utere.

479 2217 569 2271 26.
614 2216 780 2271 Deum
822 2217 999 2286 ipsum
1050 2232 1262 2287 semper
1300 2227 1619 2287 praesentem
1650 2217 1839 2271 adesse
1869 2217 1988 2271 exi-

410 2311 597 2370 stima,
634 2310 685 2362 in
722 2309 975 2363 omnibus
1005 2326 1128 2378 quae
1158 2310 1299 2379 agis.

479 2402 568 2455 9.7.
611 2402 803 2471 Fugito
830 2400 1064 2462 laudem,
1095 2412 1147 2453 et
1169 2408 1359 2453 caveto
1381 2398 1730 2469 vituperium.

480 2495 571 2550 28.
608 2494 791 2549 Gaude
830 2494 1051 2563 quando
1101 2492 1355 2547 virtutem
1402 2508 1665 2546 exerces:
1698 2508 1883 2545 verum
1924 2507 1991 2546 ne

411 2587 671 2652 eﬂ‘eraris,
698 2585 988 2655 nequando
1023 2585 1077 2639 in
1106 2595 1262 2654 portu
1302 2584 1644 2654 naufragium
1679 2583 1865 2639 facias.

479 2677 569 2731 ‘29.
611 2677 826 2741 Quanto
858 2675 1027 2745 magis
1058 2676 1111 2729 in
1145 2676 1262 2745 lege
1288 2677 1529 2744 proficis,
1563 2683 1717 2729 tanto
1746 2677 1916 2744 magis
1942 2683 1992 2728 te

413 2770 604 2822 abesse
636 2785 665 2821 a
694 2767 1024 2836 perfectione
1051 2767 1341 2838 intelliges.

482 2860 571 2912 50.
616 2858 1057 2928 Uniuscujusque
1107 2858 1186 2913 rei
1242 2858 1403 2912 tinem
1450 2868 1575 2911 ante
1621 2856 1835 2911 initium
1862 2871 1995 2911 con-

413 2952 611 3006 sidera.

482 3042 570 3096 51.
626 3040 727 3096 Diu
778 3050 1051 3112 noctuque
1104 3040 1170 3095 ad
1229 3040 1472 3094 ultimam
1522 3042 1711 3094 horam
1762 3041 1989 3111 respice.

486 3218 574 3275 32.
618 3218 695 3275 Ne
748 3218 1088 3275 converseris
1141 3217 1270 3284 isti,
1332 3232 1495 3288 quem
1553 3233 1585 3272 a
1633 3218 1791 3273 bonis
1844 3218 1997 3274 vides

420 3313 645 3381 culpari.

487 3406 576 3459 55.
620 3404 851 3459 Studeas
897 3402 1101 3457 nemini
1148 3404 1409 3459 damnum
1447 3404 1597 3470 dare,
1637 3404 1723 3459 his
1754 3421 1875 3475 quae
1902 3421 1995 3460 seu

415 3498 575 3560 facis,
611 3512 706 3549 seu
737 3496 895 3559 dicis,
921 3512 1016 3551 seu
1050 3496 1279 3565 cogitas.

494 3589 584 3645 54.
626 3586 703 3640 Ne
747 3587 947 3642 laeteris
1005 3586 1211 3641 floridis
1262 3587 1384 3642 vitae
1423 3604 1437 3642 :
1486 3586 1586 3642 llos
1611 3587 1755 3642 enim
1796 3589 1997 3658 grami-

417 3696 575 3744 neus,
606 3696 729 3734 cum
764 3680 1159 3742 attrecraveris,
1195 3678 1483 3734 ﬂaccescit.

487 3772 577 3827 55.
618 3770 675 3825 In
718 3771 966 3827 tristibus
1015 3772 1218 3841 gratias
1250 3788 1370 3843 age,
1417 3782 1471 3826 et
1513 3772 1705 3842 jugum
1757 3770 1999 3827 afﬂictio-

420 3880 549 3919 num
582 3864 697 3918 leve
725 3862 849 3916 erit.

489 3954 678 4010 56.1n
746 3953 1139 4009 tentationibus
1208 3953 1285 4009 sis

419 4045 581 4097 etiam
613 4043 880 4111 maiorum
902 4051 1220 4113 arguerunt.

490 4137 579 4189 57.
620 4134 698 4189 Ne
750 4135 938 4190 incusa
979 4134 1076 4190 Dei
1130 4136 1591 4205 longanimitatem
1636 4154 1651 4192 :

420 4228 566 4283 enim
606 4235 690 4281 est
726 4227 1107 4297 pharmacum.

1348 3953 1553 4008 fortis:
1598 3954 1796 4009 multos
1852 3955 1995 4010 enim

1707 4146 1997 4192 commune

491 4340 579 4395 58.
620 4340 1040 4410 inaequalitatem
1071 4342 1194 4395 vita
1221 4340 1349 4395 odio
1382 4356 1732 4411 prosequere,
1776 4351 1994 4412 propter

422 4448 542 4487 eam
563 4447 691 4487 vero
725 4432 892 4487 Deum
924 4447 992 4487 ne
1022 4432 1363 4486 criminator.

493 4547 581 4602 59.
621 4546 976 4601 Attendamus
1020 4546 1178 4600 nobis
1230 4544 1398 4615 ipsis,
1450 4554 1504 4600 et
1577 4546 1716 4601 alios
1755 4561 1862 4599 non
1910 4560 2001 4601 re-

422 4639 847 4710 prehendemus.

495 4754 585 4807 40.
624 4752 789 4807 Multa
831 4752 978 4808 enim
1008 4752 1064 4807 in
1092 4752 1257 4807 nobis
1289 4760 1439 4817 sunt,
1465 4760 1688 4821 propter
1710 4768 1831 4825 quae
1861 4751 2000 4807 alios

425 4853 695 4899 laxamus.

497 4956 585 5010 41.
627 4955 875 5012 Psalmus
901 4955 1229 5027 precationis
1257 4956 1328 5011 sit
1360 4955 1456 5011 tibi
1484 4957 1537 5012 in
1572 4972 1666 5013 ore
1696 4964 1790 5011 tuo
1816 4974 1829 5011 :
1858 4956 2001 5013 Deus

425 5050 571 5103 enim
598 5049 911 5105 nominatus
946 5048 1096 5120 fugat
1128 5049 1422 5104 dazmones.

498 5163 587 5217 ω.
626 5164 812 5219 Oratio
866 5180 988 5219 cum
1022 5162 1316 5218 sobrietate
1362 5164 1475 5229 fiat,
1526 5179 1599 5219 ne
1628 5179 1659 5218 a
1692 5163 1808 5219 Deo
1848 5172 2001 5235 peta-

428 5270 551 5308 mus
581 5270 702 5323 qua!
740 5254 845 5324 ipsi
875 5270 981 5308 non
1012 5265 1169 5324 grata
1197 5262 1347 5309 sunt.

498 5367 587 5421 45.
627 5366 853 5437 Semper
881 5367 1169 5422 recordare
1222 5366 1340 5433 Dei,
1391 5376 1447 5422 et
1487 5367 1686 5423 coelum
1740 5368 1811 5422 sit
1849 5366 2000 5438 cogi-

431 5459 566 5513 tatio
599 5467 711 5513 tua.

502 5569 588 5622 44.
626 5568 832 5623 Cohibe
866 5570 1126 5627 oculum:
1162 5586 1287 5628 cum
1333 5572 1481 5628 enim
1523 5587 1631 5628 non
1672 5572 1999 5641 attenderis,

434 5658 897 5714 circumvolvitur.

2162 1938 2336 1990 Ὤτων
2359 1937 2454 1989 καὶ
2478 1934 2748 2005 γλώσσης,
2788 1935 2963 2005 μέγας
2994 1935 3023 1987 ό
3048 1934 3316 1995 κίνδυνος.

2157 2030 2321 2084 ⁴ἰιόὸον
2364 2028 2455 2102 ἔχε
2492 2029 2652 2095 Θεοῦ,
2694 2028 2787 2082 καὶ
2837 2028 3022 2093 πόθον,
3086 2028 3180 2081 καὶ
3246 2027 3508 2099 καθαρὸν
3548 2027 3681 2099 πρὸς

2089 2125 2297 2187 πάντας
2327 2125 2403 2194 τῷ
2433 2124 2715 2195 μαρτυρίῳ
2742 2121 2838 2176 τοῦ
2875 2121 3174 2186 συνειδότος
3198 2122 3473 2194 κέχρησο.

2160 2216 2331 2269 Αὑτὸν
2363 2215 2658 2284 ἐφεστάναι
2684 2215 2776 2268 τὸν
2810 2213 2943 2267 Θεὸν
2994 2214 3243 2277 πίστευε,
3289 2218 3352 2266 ὲν
3386 2208 3478 2279 οἷς
3507 2214 3679 2287 πράτ-

2088 2326 2202 2371 τεις
2232 2309 2509 2364 ἑκάστοτε.

2161 2400 2335 2469 Φεῦγε
2366 2401 2492 2463 τοὺς
2518 2400 2794 2466 ἐπαίνους,
2826 2400 3083 2470 αἰσχύνου
3110 2400 3167 2453 δὲ
3187 2400 3319 2461 τοὺς
3346 2398 3561 2469 ψόγους

2160 2490 2389 2561 Χαίρου,
2430 2491 2529 2563 τὴν
2581 2489 2783 2564 ἀρετὴν
2840 2492 3009 2563 ἡνίκα
3057 2491 3365 2564 πράττειςθ
3416 2490 3562 2544 ἀλλά

2100 2582 2356 2653 ὲπαῐρου,
2394 2585 2603 2653 μήποτε
2631 2584 2692 2637 τὸ
2716 2586 2973 2652 ναυάγιον
3006 2587 3062 2637 ὲν
3088 2582 3166 2654 τῷ
3199 2583 3384 2652 λιμένι
3432 2584 3680 2652 γένηται.

2164 2672 2327 2725 Ὅσον
2358 2675 2415 2725 έν
2459 2673 2541 2742 τῷ
2564 2674 2714 2745 νόμῳ
2757 2675 3108 2746 προκόπτεις,
3156 2672 3560 2727 ἀπολείπεσθαι
3588 2674 3682 2742 τῆς

2092 2764 2433 2835 τελειότητος
2459 2766 2718 2833 γίνωσκε.

2164 2855 2351 2926 Πάσης
2387 2856 2638 2926 πράξεως
2673 2856 2735 2909 τὸ
2754 2857 2909 2920 τέλος
2948 2855 3053 2927 πρὸ
3081 2856 3184 2925 τῆς
3214 2856 3393 2926 ἀρχῇς
3437 2855 3680 2921 ἐξέταζε.

2166 3036 2400 3106 Νύκτωρ
2452 3037 2548 3089 καὶ
2603 3037 2925 3107 μεθημέραν
2978 3036 3117 3107 πρὸς
3165 3035 3266 3107 τὴν
3320 3036 3547 3108 ἡμέραν
3588 3038 3684 3106 τὴν

2100 3128 2333 3198 ἐσχάτην
2358 3127 2653 3181 ἀπόὸλεπε.

2169 3219 2259 3288 Μὴ
2287 3220 2624 3290 ἀναμίγνυσο
2651 3220 2848 3291 τούτῳ,
2878 3220 2938 3274 ὃν
2966 3219 3117 3291 παρά
3144 3218 3253 3273 τῶν
3286 3219 3521 3288 ἀγαθῶν
3552 3220 3683 3273 θεωι

2101 3315 2214 3384 ρεῖς
2240 3313 2651 3385 λοιδορούμενον

2171 3405 2376 3458 Σπεῦδε
2408 3406 2596 3475 μηδενὶ
2622 3406 2848 3478 βλάὅην,
2888 3407 2946 3460 ὲν
2968 3402 3050 3471 οἷς
3092 3407 3382 3477 πράττεις,
3414 3407 3451 3478 ἢ
3482 3406 3680 3475 λέγεις,

2097 3498 2131 3568 ἢ
2162 3497 2493 3566 φιλοσοφεῖς,
2532 3498 2800 3567 γενέσθαι.

2168 3588 2262 3659 Μὴ
2312 3589 2606 3657 εὐφραίνου
2666 3592 2779 3653 τοῖς
2823 3589 3079 3661 ἀνθηροῖς
3122 3587 3219 3642 τοῦ
3269 3588 3393 3659 βίου
3421 3606 3439 3621 ·
3474 3588 3540 3642 τὸ
3577 3590 3682 3658 γὰρ

2097 3680 2343 3751 χόρτινον
2369 3681 2549 3747 ἀνθος,
2582 3681 2657 3746 ὡς
2684 3682 2962 3752 ψηλαφᾷς,
3000 3680 3356 3752 μαραίνεται.

2182 3774 2270 3827 Ἐν
2308 3775 2420 3836 τοῖς
2456 3774 2722 3844 λυπηροῖς
2752 3774 3091 3846 εὐχαρίστει,
3141 3773 3236 3826 καὶ
3282 3774 3312 3826 ό
3361 3772 3533 3841 ζυγὸς
3576 3772 3681 3825 τῶν

2099 3865 2381 3935 ἁμαρτιῶν
2405 3865 2743 3934 κουφίζεται.

2178 3955 2268 4008 Ἐν
2303 3960 2417 4019 τοῖς
2440 3960 2764 4027 πειρασμοῖς
2807 3956 3103 4026 ἀσφαλίζου
3130 3972 3144 3987 ⁸
3194 3956 3432 4020 πολλοὺς
3461 3960 3572 4028 γάρ
3592 3958 3680 4011 καὶ

2101 4049 2361 4119 μειζόνων
2390 4047 2643 4117 ἡλεγξαν.

2167 4141 2258 4208 Μὴ
2301 4141 2518 4210 μέμφου
2565 4139 2667 4211 τὴν
2705 4138 2801 4194 τοῦ
2842 4138 2978 4194 Θεοῦ
3013 4142 3404 4213 μακροθυμίαν
3430 4159 3444 4172 ·
3508 4143 3680 4196 κοινὸν

2096 4228 2206 4297 γάρ
2241 4230 2356 4281 ἐστι
2391 4230 2499 4299 φάρ
2509 4247 2703 4299 μακον,

2165 4342 2327 4394 Μίσει
2358 4341 2417 4394 τὸ
2446 4342 2731 4413 ἀνώμαλον
2764 4342 2858 4396 τοῦ
2894 4340 3035 4413 βίου,
3070 4344 3159 4396 ἐπ’
3180 4343 3313 4397 αὐτὸ
3335 4344 3397 4397 δὲ
3431 4344 3526 4396 τὸν
3552 4344 3678 4396 Θεὸν

2103 4431 2177 4503 μὴ
2212 4432 2482 4488 διάϐαλλε.

2172 4546 2535 4618 Προσέχωμεν
2583 4546 2819 4612 ἑαυτοῖς,
2870 4546 2967 4601 καὶ
2998 4546 3190 4610 ἀλλους
3247 4547 3310 4600 οὗ
3362 4548 3676 4619 σκώψομεν.

2172 4748 2349 4801 Πολλά
2377 4747 2485 4820 γὰρ
2519 4748 2578 4801 ὲν
2612 4748 2769 4819 ἡμῖν,
2801 4750 2896 4819 ἀφ’
2930 4741 3006 4802 ὧν
3031 4749 3157 4811 τοὺς
3182 4747 3385 4812 ἀλλους
3430 4749 3676 4803 σκώπτο-

2105 4859 2224 4912 μεν.

2168 4953 2399 5025 Ψαλμὸς
2425 4954 2565 5007 ἔστω
2593 4970 2675 5006 σοι
2721 4953 2887 5024 εὐχῆς
2917 4954 2975 5006 ὲν
3002 4953 3080 5024 τῷ
3113 4954 3343 5024 στόματί
3378 4972 3479 5009 σου
3504 4976 3520 4989 ο
3560 4958 3679 5020 Θεὸς

2101 5046 2212 5118 γὰρ
2239 5045 2639 5116 ὀνομαζόμενος
2674 5042 2972 5114 φυγαδεύει
3008 5047 3136 5110 τοὺς
3179 5046 3475 5117 δαίμονας.

2173 5158 2458 5229 Προσευχὴ
2518 5157 2657 5227 μετὰ
2692 5157 2908 5229 νήψεως
2969 5157 3248 5227 γενέσθω,
3312 5157 3409 5213 ἵνα
3463 5159 3545 5230 μὴ
3598 5159 3678 5211 τὸν

2103 5249 2235 5303 Θεὸν
2269 5250 2553 5320 αἰτοῦμεν,
2583 5245 2665 5313 οἷς
2687 5250 2851 5314 αὐτὸς
2892 5250 2991 5303 οὐκ
3020 5251 3340 5319 ἀρέσκεται.

2184 5364 2299 5419 ’Δεῖ
2328 5366 2630 5437 μνημόνευε
2664 5365 2760 5419 τοῦ
2800 5365 2955 5433 Θεοῦ,
2982 5366 3077 5419 καὶ
3130 5364 3363 5433 οὐρανὸς
3408 5365 3445 5435 ἡ
3481 5365 3679 5418 agam-.1

2104 5472 2197 5508 σου
2236 5456 2477 5525 γίνηται.

2173 5566 2405 5623 Χαλίνου
2433 5569 2524 5623 τὸν
2572 5568 2885 5640 ὀφθαλμόν*
2917 5568 2994 5632 ὡς
3046 5568 3155 5637 γὰρ
3202 5567 3305 5621 οὐκ
3351 5562 3533 5634 οἶδας,
3561 5567 3684 5638 ρέμο

2102 5657 2275 5713 δεται.
