3808 6226
110 318 265 381 ῙΞΞΒ
1345 296 1615 357 CAPITA
1650 290 2144 353 PARIENETICA
3239 283 3374 349 1254

180 424 387 478 ⁴Ι>είδου
443 421 541 492 τῆς
597 415 846 487 γλώττης
873 429 888 446 ·
938 409 1201 471 πολλάκις
1248 407 1358 479 γὰρ
1419 403 1683 475 προφέρει

1880 398 1969 452 45.
2008 396 2179 451 Parce
2206 405 2356 450 utere
2381 395 2561 465 lingua
2590 412 2605 450 :
2636 408 2780 464 saepe
2819 392 2965 448 enim
3007 391 3374 463 proferuntur,

108 520 269 588 ᾇπερ
302 488 524 587 ἄμεινον
550 508 905 582 κρύπτεσθαι.

1810 507 1932 561 quae
1962 490 2153 545 melius
2180 488 2372 543 fuisset
2396 488 2596 544 caalari.

183 630 441 701 Γεώργει
462 629 529 697 τῇ
550 623 748 696 μελέτῃ
769 620 862 675 τοῦ
884 620 1075 689 νόμου,
1104 616 1204 686 τὴν
1224 614 1463 669 διάνοιαν
1488 628 1499 640 ·
1530 608 1687 663 ἐκτίλι

1881 603 1971 690 λίιξ.
2012 602 2355 657 Meditatione
2405 599 2542 671 legis
2585 610 2820 654 mentem
2866 597 3033 654 colito
3067 615 3081 652 :
3121 599 3382 669 exstirpat

109 724 196 775 λει
233 694 792 792 γάρντῶν-λογισμῶν
821 713 949 776 τοὺς
993 708 1289 780 πονηροὺς,
1332 702 1573 773 συνεχῶς

1813 699 1957 754 enim
1990 700 2162 754 malas
2185 698 2565 768 cogitationes,
2591 695 2850 750 continue
2879 694 3240 764 faequentata.

113 814 465 882 λεηῦμενος.

191 906 240 957 Τ
247 905 320 967 ὰς
348 898 551 973 ἀρετὰς
581 895 794 967 κρύπτε
821 909 835 923 ·
880 890 1166 961 μάρτυρας
1192 885 1251 940 δὲ
1289 883 1383 938 τοῦ
1436 882 1552 954 βίου
1581 898 1617 934 π

1884 874 1974 931 47.
2018 874 2258 930 Virtutes
2312 885 2433 929 tuas
2479 874 2705 928 caelato:
2738 881 2901 928 testes
2939 887 3068 927 vero
3119 873 3241 925 vita:
3282 879 3384 924 tua:

112 996 253 1058 λοὺς
280 995 572 1064 κέκτησαι.
1488 1062 1496 1064 ξ

1814 971 2013 1023 multos
2048 968 2331 1037 acquirere
2362 968 2537 1022 stude.

186 1085 373 1140 Μίσει
399 1058 501 1145 τάς
525 1076 721 1149 ἡδονὰς
749 1073 853 1144 τῆς
886 1069 1088 1141 σαρκός
1114 1084 1127 1099 ·
1158 1065 1414 1140 ῥυπαρὰν
1440 1062 1550 1133 γὰρ
1576 1076 1690 1132 μετ(

1884 1062 1971 1114 48.
2011 1061 2143 1114 Odio
2166 1076 2493 1130 prosequere
2522 1058 2703 1115 carnis
2726 1058 3029 1128 voluptates
3060 1077 3073 1112 :
3114 1058 3383 1113 sordidam

107 1178 216 1233 τοῦ
252 1174 513 1245 σώματος
685 1166 865 1237 ψυχὴν
891 1161 1229 1233 ἐργάζονται.
1526 1243 1535 1245 Δ

1815 1150 1958 1205 enim
1994 1152 2233 1204 animam
2265 1166 2385 1205 cum
2422 1164 2651 1219 corpore
2674 1148 2936 1203 efﬁciunt.

200 1239 368 1320 Μόνά
415 1262 557 1315 δίδου
580 1261 647 1330 τῇ
674 1256 841 1328 σαρκὶ
887 1255 988 1306 ὃσα
1016 1251 1212 1324 χρῄζει
1250 1246 1456 1311 λαϐεῖν,
1488 1243 1586 1314 οὐχ
1614 1242 1704 1296 ὅσα

1884 1243 1975 1298 49.
2013 1242 2249 1311 Corpori
2298 1242 2475 1295 solum
2521 1248 2787 1312 quantum
2840 1240 3062 1311 indiget,
3110 1239 3384 1310 impende,

119 1354 409 1425 βούλεται.

1815 1348 1924 1388 nor.
1949 1343 2209 1403 quantum
2246 1333 2413 1402 cupit.

192 1446 297 1515 Μὴ
333 1443 523 1512 ἀγάπα
560 1438 623 1493 τὸ
655 1438 870 1509 τρυφᾷν
902 1451 917 1467 ⁸
952 1434 1137 1505 φιλίαν
1174 1431 1283 1502 γὰρ
1318 1429 1455 1501 πρὸς
1487 1428 1578 1481 τὸν
1602 1426 1696 1497 βίοε

1886 1424 1973 1480 50.
2019 1422 2257 1478 Delicate
2287 1425 2467 1477 vivere
2490 1440 2559 1477 ne
2587 1423 2790 1495 eligas:
2825 1438 3065 1477 amorem
3099 1420 3244 1475 enim
3283 1421 3384 1474 huc

122 1510 572 1607 ὲμττοιεῖ,ήέχθρα
602 1529 661 1583 δὲ
696 1528 833 1600 πρὸς
858 1526 952 1581 τὸν
989 1525 1120 1579 Θεὸν
1150 1525 1414 1594 ἐκατέρου
1447 1520 1626 1573 τίκτετ

1880 1531 1903 1571 s
1935 1514 2058 1568 vita:
2083 1514 2337 1568 conciliat
2362 1532 2375 1568 :
2405 1514 2683 1569 inimicitia
2712 1522 2894 1569 autem
2928 1513 3189 1567 adversus
3217 1510 3384 1565 Deum

1817 1624 1878 1663 ex
1917 1616 2143 1675 utroque
2176 1608 2442 1661 nascitur.

209 1711 592 1783 Ἀποστρέφου
638 1709 739 1780 τὴν
781 1708 841 1762 ὲν
868 1705 948 1777 τῷ
999 1705 1101 1776 βίῳ
1134 1704 1309 1776 χαράν
1338 1722 1357 1737 -
1415 1701 1554 1772 αῦτη
1607 1699 1713 1771 γὰρ

1889 1700 1977 1755 51.
2020 1699 2320 1754 Advcrsare
2376 1698 2428 1751 in
2476 1698 2585 1752 vita
2640 1699 2894 1768 gaudium
2952 1717 2964 1752 :
3017 1697 3194 1766 ipsum
3247 1695 3387 1750 enim

123 1807 434 1860 ὀλισθαίνει
465 1805 562 1857 καὶ
585 1802 821 1866 σκελίζει
853 1802 983 1864 τοὺς
1021 1799 1337 1871 τρέχοντας.

1748 1788 1792 1807 ⁵³
1821 1791 2087 1845 lubricum
2116 1798 2217 1855 est,
2239 1799 2292 1843 et
2322 1788 2623 1858 praecipitat
2660 1790 3012 1843 exsultantes.

199 1896 452 1951 Πλοῦτον
500 1896 549 1948 εἰ
586 1894 686 1966 μὲν
722 1892 889 1963 ἔχεις,
935 1888 1217 1961 σκόρπιζε.
1250 1888 1313 1940 Ei
1341 1885 1385 1939 δ’
1410 1884 1509 1938 οὑκ
1548 1881 1703 1954 ἔχεις,

1890 1882 1979 1938 52.
2015 1882 2240 1936 Divitias
2272 1881 2318 1935 si
2354 1881 2544 1944 habes,
2577 1881 2882 1936 distribue:
2920 1882 2965 1935 si
2996 1896 3126 1935 vero
3154 1896 3260 1935 non
3296 1880 3393 1933 ba-

141 1991 227 2060 μὴ
267 1988 495 2056 σύναγε.

1822 1971 1938 2036 bes,
1966 1987 2033 2025 ne
2056 1971 2266 2042 collige.

201 2081 415 2135 Ὅπλον
458 2077 594 2149 ἡγοῦ
631 2076 729 2148 τὴν
795 2072 1071 2145 νηστείαν,
1117 2070 1212 2125 καὶ⁵
1252 2068 1352 2141 τὴν
1413 2065 1705 2138 προσευχὴι

1894 2064 1983 2117 55.
2023 2062 2368 2116 Armaturam
2416 2064 2560 2116 enim
2605 2061 2893 2132 jejunium,
2941 2066 3241 2121 orationem
3273 2082 3393 2121 mu-

127 2176 339 2243 τεῖχος,
364 2171 458 2224 καὶ
488 2169 728 2239 λουτῆρα
757 2166 826 2219 τὰ
854 2166 1088 2234 δάκρυα.

1822 2172 1964 2220 rum,
1998 2166 2047 2210 et
2084 2156 2335 2210 balneum
2361 2156 2627 2226 lacrymas
2655 2171 2776 2210 esse
2801 2166 3006 2225 putato.

204 2266 358 2317 Ὅσα
376 2260 468 2333 ea)
478 2277 703 2332 μαρτες,
730 2258 910 2312 πάντα
930 2255 1067 2327 μετά
1087 2251 1405 2321 στεναγμῶν
1443 2251 1708 2322 μέρινησο⁴

1897 2249 1985 2303 54.
2031 2247 2377 2316 Quaecunque
2410 2249 2594 2317 inique
2625 2246 2831 2314 iecisti,
2868 2249 3050 2303 omnia
3081 2265 3203 2303 cum
3233 2252 3396 2320 gemi-

130 2354 354 2423 γίνεται
383 2354 493 2424 γὰρ
525 2350 778 2404 ἐντεῦθεν
811 2352 877 2420 τῇ
917 2348 1063 2419 ψυχῇ
1107 2342 1363 2416 διηνεκὴς
1406 2341 1634 2406 κατάνυξ

1890 2356 1967 2395 lllS
2002 2340 2318 2407 recordare;
2343 2339 2517 2393 oritur
2560 2338 2704 2393 enim
2754 2338 2881 2394 hinc
2913 2341 3109 2395 anima:
3138 2343 3394 2397 continua

1824 2432 2189 2502 compunctio.

206 2527 509 2603 Περιποιοῦ
563 2527 691 2590 τοὺς
743 2521 1027 2595 πτωχούς·
1082 2514 1228 2575 οῦτοι
1284 2517 1392 2588 γάρ
1444 2515 1576 2587 ἡμῖν
1629 2513 1710 2566 tbi

1892 2525 1981 2579 55.
2022 2525 2295 2594 Pauperes
2352 2522 2531 2578 foveto
2560 2540 2572 2576 :
2605 2522 2706 2593 ipsi
2753 2523 2896 2577 enim
2937 2524 3174 2595 judicem
3238 2526 3395 2580 nobis

134 2624 355 2695 Κριτὴν
389 2620 766 2675 καταλλάσσου
774 2634 845 2670 σι.

630 2634 845 2672 ισσουσι.
1824 2616 2134 2671 conciliant.

207 2718 349 2779 Ταῖς
370 2715 582 2787 χρείαις
612 2711 718 2765 τῶν
747 2709 918 2779 ἁγίων
950 2704 1235 2761 κοινώνει·
1280 2703 1348 2757 δι’
1393 2700 1575 2755 αὐτῶν
1613 2698 1711 2769 γάρ

1900 2710 1987 2765 56.
2027 2709 2225 2778 Inopia:
2286 2721 2600 2764 sanctorum
2660 2710 2930 2765 subveni:
2969 2725 3063 2780 per
3109 2727 3203 2765 eos
3254 2713 3397 2765 enim

138 2828 222 2864 σοι
251 2807 514 2862 κοινωνία
539 2803 676 2875 πρὸς
711 2803 803 2856 τὸν
832 2801 964 2855 Θεὸν
994 2801 1226 2869 γίνεται.

1822 2800 1920 2856 tibi
1945 2814 2068 2853 cum
2104 2798 2215 2852 Deo
2254 2799 2480 2869 contigit
2522 2800 2774 2854 societas.

207 2904 330 2974 Τὴν
358 2898 651 2969 ἐκκλησίαν
703 2898 777 2959 ὡς
815 2895 1041 2965 οὐρανὸν
1075 2894 1236 2947 πάτει
1265 2906 1279 2922 ·
1310 2890 1406 2943 καὶ
1466 2887 1633 2960 μηδὲν
1664 2886 1711 2940 ὲκ

1895 2892 1982 2948 57.
2025 2891 2320 2945 Ecclesiam
2364 2909 2471 2945 non
2513 2907 2670 2946 secus
2720 2908 2786 2947 ac
2831 2892 3028 2947 cmlum
3076 2892 3395 2962 frequenta:

138 2996 279 3064 αύτῇ
320 2992 451 3063 μηδὲ
472 2992 621 3058 λέγε,
653 2988 785 3058 μηδὲ
811 2987 1026 3054 λογίζου
1062 2986 1267 3054 γήϊνον.

1892 2984 2071 3053 hilque
2116 2984 2168 3036 in
2209 2983 2321 3051 ipsa
2358 2997 2452 3036 seu
2486 2983 2728 3051 loquere,
2761 2999 2855 3038 seu
2890 2987 3064 3054 cogita
3101 2996 3396 3041 terrenum.

223 3086 559 3152 Ἀναγκαῖαν
613 3080 803 3149 νόμιζε
850 3078 951 3148 τὴν
994 3076 1355 3146 αὐτάρκειαν,
1395 3069 1720 3143 παραχώρει

1896 3076 1981 3130 58.
2024 3073 2400 3129 Necessarium
2433 3076 2710 3140 existima,
2744 3078 2857 3130 suis
2897 3078 3058 3131 rebus
3088 3088 3400 3133 contentum

139 3179 197 3232 δὲ
217 3177 302 3249 τῷ
334 3175 451 3246 Θεῷ
476 3176 577 3244 τὴν
609 3173 749 3242 ὑπὲρ
773 3170 978 3239 ταύτης
1013 3170 1302 3239 μέριμναν.

1832 3181 1992 3221 esse:
2033 3167 2281 3235 permitte
2319 3174 2499 3219 autem
2534 3166 2644 3220 Deo
2675 3167 2793 3235 ejus
2830 3167 2904 3221 rei
2942 3184 3153 3223 curam.

212 3267 406 3322 Κύλλα
460 3265 557 3336 τὴν
596 3264 773 3334 σάρκα
818 3260 1043 3330 ἀγαθοῖς
1097 3260 1310 3323 πόνοις,
1357 3254 1639 3318 παντελῶς
1669 3254 1716 3307 δὲ

1902 3260 1989 3314 59.
2031 3258 2261 3312 Carnem
2288 3267 2434 3312 tuam
2465 3257 2743 3313 dcbilitato
2777 3259 2934 3313 bonis
2963 3259 3279 3327 laboribus;
3311 3277 3402 3332 pc-

143 3360 321 3431 αύτὴν
345 3359 426 3430 μὴ
452 3357 780 3411 καταπεσεῖν
815 3349 1089 3424 φρόντιζε.

1832 3352 1979 3406 nitus
2007 3368 2135 3405 vero
2158 3367 2275 3404 eam
2310 3366 2416 3404 non
2445 3350 2655 3403 domari
2685 3366 2847 3420 posse
2878 3352 3150 3405 existima.

218 3454 351 3506 Πίνε
385 3451 477 3503 τὸν
521 3444 663 3501 οἶνον
716 3445 1033 3514 ἐλάχιστονο
1068 3442 1192 3494 ὅσον
1238 3437 1347 3509 γὰρ
1388 3433 1722 3497 κολοϐοῦται¹

1902 3441 1991 3495 60.
2032 3440 2229 3495 Vinum
2282 3440 2405 3493 bibe
2439 3440 2594 3493 valde
2627 3439 2925 3502 modicum,
2963 3450 3227 3508 quantum
3259 3440 3403 3493 cnim

145 3545 433 3615 εὐεργετεῖ
458 3539 581 3602 τοὺς
617 3538 890 3598 πίνοντας.

1832 3532 2072 3598 offendit,
2104 3542 2311 3586 tantum
2336 3533 2498 3586 etiam
2527 3532 2846 3585 corroborat
2891 3532 3152 3587 bibentes.

216 3656 433 3721 Κόλαζε
462 3654 552 3707 τὸν
582 3652 749 3724 θυμόν
776 3668 791 3682 ο
826 3649 1024 3722 μανίας
1046 3647 1157 3717 γάρ
1178 3645 1294 3698 ἐστι
1323 3642 1527 3714 πατὴρ,
1550 3639 1609 3694 τὸ
1635 3639 1720 3709 μέ-

1903 3644 1989 3699 6l.
2034 3643 2174 3697 Iram
2222 3657 2538 3713 compesce:
2580 3643 2850 3697 insaniam
2897 3646 3042 3699 enim
3091 3648 3252 3718 parit,
3285 3665 3403 3705 mo-

146 3767 273 3819 τρον
308 3747 685 3818 ἐξερχόμενος.

1832 3742 1960 3797 dum
1992 3742 2281 3796 excedens.

229 3863 321 3916 Ἐν
344 3863 465 3923 ταῖς
510 3860 705 3923 νόσοις,
728 3859 793 3928 τῇ
819 3854 1094 3926 προσευχῇ
1146 3848 1251 3920 πρὸ
1280 3847 1388 3902 τῶν
1413 3844 1612 3917 ἰατρῶν
1635 3844 1728 3897 καὶ

1902 3854 1990 3908 62.
2034 3856 2090 3906 In
2148 3853 2389 3917 morbis,
2433 3852 2676 3909 oratione
2720 3853 3041 3925 priusquam
3088 3859 3312 3916 medicis
3353 3872 3406 3917 et

150 3955 457 4027 φαρμάκων
488 3952 744 4022 κέχρησο.

1833 3947 2144 4017 pbarmacis
2182 3956 2334 3999 utere

219 4068 360 4131 Τοὺς
414 4068 579 4136 ἱερεῖς
630 4064 837 4125 πάντας
886 4059 983 4131 μὲν
1027 4057 1184 4129 τίμα,
1236 4055 1348 4117 τοῖς
1398 4050 1622 4121 ἀγαθοῖς
1671 4049 1723 4102 δὲ

1904 4063 1991 4117 65.
2031 4061 2354 4116 Sacerdotes
2402 4074 2593 4115 omnes
2644 4059 2873 4125 honora,
2926 4062 3086 4119 bonis
3118 4080 3248 4120 vero
3285 4076 3408 4121 tan-

153 4162 480 4231 πρόστρεχε.

1841 4164 1956 4208 tum
1995 4168 2340 4209 convcrsare.

232 4275 449 4341 Ἀγάπα
476 4271 570 4325 τοῦ
612 4268 746 4322 Θεοῦ
776 4267 902 4329 τοὺς
929 4262 1131 4327 οἴκους,
1160 4255 1308 4313 οἷκον
1348 4258 1405 4311 δὲ
1448 4256 1585 4310 Θεοῦ
1633 4256 1727 4308 καὶ

1902 4270 1988 4322 64.
2034 4269 2304 4324 Venerare
2336 4269 2431 4326 Dei
2458 4270 2677 4339 domus,
2708 4271 2931 4328 domum
2962 4286 3088 4327 vero
3117 4271 3210 4328 Dei
3244 4273 3404 4328 etiam

158 4370 349 4420 σαυτὸν
379 4362 810 4418 κατασκεύασον.

761 4377 810 4414 ν.
1834 4360 2061 4430 teipsum
2091 4361 2264 4414 efﬁce.

219 4483 314 4544 Είς
347 4479 448 4550 τὴν
496 4473 792 4546 ἐκκλησίαν
826 4468 1057 4540 σύχναζε
1086 4483 1101 4499 ο
1147 4464 1394 4538 θορύϐων
1435 4462 1546 4535 γὰρ
1576 4461 1723 4533 ἡμᾶς

1904 4472 1983 4526 65.
2018 4471 2077 4525 lu
2112 4472 2395 4528 ecclesiam
2454 4470 2770 4543 frequenter
2802 4473 3029 4528 venias:
3066 4488 3097 4527 a
3125 4475 3408 4543 perturba-

157 4574 248 4626 καὶ
274 4572 442 4641 ζάλης
464 4566 795 4625 ἀπαλλάττει
827 4564 935 4617 τῶν
973 4560 1196 4628 ἔξωθεν.

1903 4564 2074 4619 nribus
2104 4566 2247 4620 enim
2301 4573 2356 4621 et
2398 4564 2848 4621 ﬂuctuationibus
2879 4564 3241 4622 exterioribus
3270 4567 3407 4621 libe‘

1836 4670 1960 4709 rare
1991 4671 2094 4710 nos
2126 4657 2285 4711 solet.

225 4775 367 4828 Ὅσα
405 4776 462 4826 ὲν
487 4774 552 4843 τῇ
591 4773 683 4842 γῇ,
740 4768 1052 4841 πρόσκαιρα
1075 4781 1089 4798 ⁸
1133 4764 1206 4836 μή
1242 4780 1303 4816 σε
1348 4761 1444 4816 νῦν
1477 4760 1639 4813 λύπει
1670 4758 1729 4813 τὸ

1905 4770 1992 4824 66.
2032 4770 2380 4840 Quaecunque
2415 4769 2467 4823 in
2515 4778 2654 4824 terra
2699 4779 2845 4835 sunt,
2880 4779 3227 4841 temporanea
3265 4770 3408 4826 exsi.

160 4868 540 4941 χωριζόμενον.

1837 4868 2022 4916 stunt:
2058 4875 2125 4915 ne
2149 4870 2202 4914 te
2229 4875 2357 4929 ergo
2396 4861 2696 4930 perturbet,
2726 4861 2867 4930 quod
2902 4861 2999 4915 tibi
3038 4862 3301 4915 aufertur.

227 5071 397 5125 Ὅταν
456 5086 539 5122 σοι
587 5065 847 5136 λογισμὸς
879 5061 1209 5135 ἡδυπαθείας
1258 5058 1574 5127 ἐγγένηται,
1606 5056 1731 5111 ἀντ-

1908 5055 1995 5110 67.
2031 5053 2262 5121 Quando
2294 5060 2355 5110 ιθ·
2382 5056 2678 5125 voluptatis
2713 5056 2938 5112 affectus
2989 5058 3269 5125 invaserit,
3311 5075 3409 5131 op-

164 5161 375 5235 ίστησον
419 5159 568 5231 αὐτῷ
620 5160 718 5230 τὴν
753 5157 861 5210 τῶν
925 5153 1231 5223 ἀνθρώπων
1279 5149 1584 5219 αἰσχύνην,
1641 5166 1668 5202 κ

1692 5148 1735 5201 xi
1836 5163 1977 5217 pone
2008 5147 2109 5217 ipsi
2142 5156 2345 5201 metum
2386 5147 2691 5213 hominum,
2717 5157 2769 5203 et
2802 5149 2893 5204 Dei
2918 5148 3196 5204 oll'ensam.

170 5254 255 5325 τὴν
276 5252 369 5307 τοῦ
397 5253 531 5306 Θεοῦ
566 5250 960 5322 πρόσκρουσιν.

1908 5264 1995 5318 68.
2037 5261 2246 5317 Munito
2289 5262 2571 5329 auditum,
2624 5272 2678 5317 et
2715 5264 2948 5320 oculos:
2988 5280 3081 5334 per
3127 5265 3217 5319 illa
3264 5264 3410 5320 enim

239 5364 565 5435 Ἀσφαλίζου
616 5364 717 5432 τὴν
740 5361 913 5432 ἀκοὴν
956 5361 1051 5414 καὶ
1092 5361 1220 5423 τοὺς
1276 5354 1594 5426 ὀφθαλμούς
1623 5368 1637 5382 ⁶
1669 5351 1737 5404 δι’

1329 5354 1594 5426 ρθαλμούς
1623 5368 1637 5382 ο
1669 5351 1737 5404 δι’
1839 5354 2022 5409 omnia
2047 5354 2151 5408 tela
2180 5354 2404 5408 malitia:
2436 5354 2833 5424 ingrediuntur.

166 5456 333 5509 αὐτῶν
361 5456 466 5527 γὰρ
496 5456 674 5509 πάντα
695 5453 765 5507 τά
796 5452 922 5523 βέλη
953 5454 1052 5523 τῆς
1074 5450 1275 5513 κακίας
1302 5448 1665 5519 εἰσέρχονται.
3320 5510 3321 5513 η

241 5567 433 5623 Ἠνίκα
459 5567 738 5640 προσεύχῃ
764 5609 779 5633 ,
839 5566 931 5617 τὸν
970 5562 1233 5633 λογισμὸν
1285 5561 1425 5632 πρὸς
1475 5557 1609 5611 Θεὸν
1646 5557 1741 5610 ἀν-

1912 5553 1998 5609 69.
2038 5552 2172 5609 Cum
2210 5556 2473 5621 oraveris,
2506 5566 2736 5611 mentem
2784 5557 2849 5612 ad
2891 5556 3059 5612 Deum
3099 5558 3283 5613 attolle
3316 5576 3328 5611 :
3358 5567 3412 5613 et

171 5657 334 5729 ἀγαγε
363 5703 378 5728 ,
413 5663 517 5717 κᾶν
550 5658 949 5733 περισπασθεὶς
975 5654 1237 5726 κατέλθῃ,
1269 5651 1434 5707 πάλιν
1458 5648 1621 5705 αὐτὸν
1645 5648 1675 5702 ἀ

1914 5645 2051 5700 amsi
2106 5645 2229 5699 inde
2281 5649 2552 5705 abstracta
2588 5650 2946 5717 descenderit,
2986 5650 3180 5707 iterum
3232 5662 3412 5708 tamen

172 5748 354 5820 ἀγαγε.

1843 5740 2013 5810 ipsam
2044 5738 2317 5811 recollige.
