3808 6226
396 270 419 333 1
432 272 537 334 ’255

1880 264 1942 323 S.
1975 263 2138 324 NILI

3495 266 3618 332 12.56

455 386 540 438 70.
587 382 739 438 Mens
778 384 1016 438 humana
1063 399 1171 437 non
1206 398 1443 453 unquam
1483 394 1662 438 cessat
1695 397 1953 454 generare

2126 383 2201 435 Ού
2232 382 2464 436 παύεται
2496 384 2530 455 ἡ
2574 383 2781 445 διάνοια
2829 384 3092 439 τίκτουσα
3120 398 3133 413 ·
3171 386 3234 438 σὺ
3257 384 3313 437 δὲ
3349 385 3478 448 τοὺς
3532 389 3620 456 μὲν

384 478 740 549 cogitationes
773 492 787 529 :
826 485 884 531 tu
910 492 1037 531 vero
1067 476 1239 531 malas
1268 476 1487 547 quidem
1513 476 1740 547 expelle,
1785 476 1958 531 bonas

383 585 512 624 vero
548 568 774 624 colendo
804 583 1019 624 exerce.

455 683 541 735 7|.
580 682 894 737 Humilitate
933 682 1139 752 gaude:
1173 682 1399 737 altitudo
1436 682 1581 737 enim
1627 679 1748 751 ejus
1803 679 1959 733 ﬁrma

381 786 486 840 est,
519 791 618 830 nec
644 791 801 830 ruere
824 784 1020 845 potest.

457 889 543 942 72.
585 889 660 943 lta
696 904 887 943 exerce
918 903 1138 958 corpus,
1176 896 1235 942 ut
1275 902 1593 957 compescas
1624 886 1805 942 carnis
1830 900 1961 939 mo-

385 993 512 1037 tus:
553 993 607 1037 et
656 984 701 1037 si
736 997 878 1053 aeger
924 982 1113 1044 fueris,
1148 995 1347 1050 corpus
1375 994 1527 1045 cura,
1564 987 1624 1032 ut
1668 978 1956 1032 sanitatem

387 1074 740 1144 adipiscatur,
769 1090 877 1127 nou
907 1072 1192 1126 utdeliciis
1226 1079 1532 1126 enervetur.

457 1190 541 1243 75.
583 1191 785 1244 Pravas
812 1186 1167 1258 cogitationes
1204 1184 1327 1240 aliis
1354 1180 1794 1254 [cegitationibus
1841 1193 1959 1234 me—

386 1282 613 1337 lioribus
639 1281 814 1350 abige.

459 1394 543 1448 74.
585 1394 884 1449 Considera
933 1394 1236 1450 ccelestium
1290 1391 1559 1448 bonorum
1605 1389 1880 1453 decorem,
1908 1396 1963 1443 et

388 1489 597 1543 nullum
642 1500 692 1544 te
733 1489 910 1559 capiet
931 1489 1262 1544 desiderium
1290 1496 1468 1551 terrae,
1503 1500 1605 1539 nec
1632 1483 1777 1538 aliud
1805 1498 1870 1537 ex
1898 1498 1962 1536 ea

384 1581 649 1636 dulcium.

458 1696 545 1750 75.
588 1694 819 1762 Quando
861 1693 956 1749 tibi
1006 1693 1188 1762 aliqua
1241 1691 1308 1747 de
1349 1691 1460 1745 Deo
1498 1692 1645 1746 subit
1687 1689 1961 1762 cogitatio,
1997 1724 2040 1779 Β

386 1805 495 1867 pou
529 1790 719 1851 Deum,
769 1788 861 1841 sed
900 1788 1132 1856 teipsum
1176 1786 1371 1856 cogita.
1415 1783 1557 1837 Nihil
1595 1782 1738 1837 enim
1788 1791 1959 1836 tutum

385 1880 635 1949 estquod
681 1877 903 1932 modum
953 1877 1186 1941 excedit,
1221 1891 1383 1947 quem
1434 1890 1653 1930 servare
1690 1874 1962 1928 convenit.

457 1995 547 2048 76.
589 1994 789 2049 Pravas
842 1993 1194 2063 cogitationes
1235 2007 1420 2046 semen
1459 2005 1581 2046 esse
1614 1989 1816 2045 diaboli
1847 1988 1964 2042 exi-

391 2086 551 2140 stima
578 2102 592 2151 ;
624 2088 703 2140 sic
730 2085 875 2139 enim
926 2085 1057 2154 ipsae
1100 2083 1390 2148 desinunt;
1418 2083 1639 2153 ipseque
1671 2079 1967 2136 seminator

390 2178 766 2234 confunditur.

463 2291 550 2347 77.
594 2289 891 2345 Excessum
946 2290 1093 2345 risus
1143 2289 1356 2361 fugito:
1394 2299 1612 2346 enervat
1655 2288 1799 2343 enim
1837 2287 1968 2340 ani—

392 2395 554 2434 mam.
588 2379 787 2435 Anima
839 2394 967 2434 vero
1016 2389 1300 2444 enervata,
1354 2378 1513 2433 facile
1560 2395 1591 2433 a
1633 2381 1786 2433 freno
1834 2377 1968 2448 legis

391 2486 628 2528 exuuur.

466 2586 555 2642 78.
598 2585 655 2639 In
686 2586 903 2642 labores
936 2596 991 2642 et
1027 2587 1303 2642 orationes
1335 2594 1551 2656 oportet
1582 2585 1819 2641 animam
1844 2600 1970 2656 par-

394 2681 522 2735 tiri:
558 2681 638 2734 sic
657 2681 802 2735 enim
848 2697 957 2737 non
986 2683 1188 2736 multos
1221 2681 1277 2735 in
1324 2681 1483 2737 nobis
1526 2681 1786 2737 introitus
1815 2679 1969 2735 inve-

395 2772 509 2826 niet
537 2770 811 2827 diabolus.

467 2884 553 2939 79.
594 2883 861 2939 Laborem
904 2900 1026 2941 esse
1082 2900 1189 2940 non
1246 2885 1575 2940 mediocrem
1614 2896 1805 2956 putato
1839 2886 1970 2957 legis

396 2978 1084 3047 meditationemzquando
1129 2992 1286 3033 mens
1331 2979 1494 3033 simul
1541 2988 1594 3034 et
1645 2979 1829 3051 lingua
1886 2995 1974 3035 co-

2059 474 2296 544 φαύλους
2323 475 2553 542 ἕκτειλε,
2583 478 2710 540 τοὺς
2741 476 2798 530 δὲ
2831 477 3075 546 ἀγαθοὺς
3108 475 3455 548 γεώργησον.

2127 679 2299 749 Χαῖρε
2319 679 2385 748 τῇ
2412 676 2736 730 ταπεινώσει
2760 693 2774 707 ο
2801 677 2862 730 τὸ
2889 677 3000 749 γὰρ
3027 676 3088 742 ἐξ
3114 678 3285 749 αὐτῆς
3318 676 3457 748 ὕψος
3477 680 3627 745 πολὺ,

1992 770 1999 775 ’
2058 769 2154 821 καὶ
2181 771 2365 819 πεσεῖν
2407 769 2482 838 μὴ
2514 768 2829 839 δυνάμενον.

2134 877 2329 929 ⁸Ἀσκει
2353 874 2628 941 τοσοῦτον,
2675 877 2798 929 ὅσον
2828 875 3062 946 χαλάσαι
3103 877 3202 946 τῆς
3226 877 3438 948 σαρκὸς
3464 878 3532 931 τὰ
3558 896 3633 931 κιο

2058 968 2276 1038 νήματα
2308 982 2320 995 ·
2372 967 2473 1020 κᾶν
2497 966 2790 1040 ἀσθενήσῃ,
2839 969 2977 1038 πρὸς
3018 968 3209 1037 ὑγείαν
3239 973 3303 1023 τὸ
3335 969 3525 1040 σῶμα,
3566 972 3635 1040 μὴ

2061 1059 2199 1129 πρὸς
2226 1059 2439 1129 τρυφὴν
2466 1057 2823 1130 θεράπευσον.

2131 1173 2270 1235 Τοὺς
2299 1172 2572 1242 πονηροὺς
2600 1172 2711 1224 τῶν
2760 1170 3058 1242 λογισμῶν,
3113 1170 3399 1243 λογισμοῖς
3435 1170 3640 1241 ἑτέροις

2060 1266 2161 1320 ἀνα
2168 1266 2416 1336 μὸχλευε.

2132 1380 2366 1449 Λογίζου
2407 1380 2515 1435 τῶν
2545 1380 2790 1452 οὐρανῶν
2834 1378 3056 1448 ἀγαθῶν
3098 1379 3197 1451 τὴν
3248 1379 3603 1450 εὐπρέπειαν
3627 1395 3638 1408 ·

2067 1475 2165 1528 καὶ
2194 1475 2369 1538 πάθος
2398 1475 2555 1527 οὐδέν
2590 1492 2673 1527 σοι
2702 1474 2802 1544 τῆς
2830 1474 2952 1545 γῆς,
2987 1474 3020 1545 ἢ
3051 1473 3160 1527 τῶν
3197 1473 3263 1526 ὲκ
3291 1472 3504 1543 ταύτης
3526 1489 3645 1542 τερ-

2067 1568 2218 1621 πνῶν
2245 1567 2653 1640 ἐπεισέρχεται.

2148 1680 2342 1735 Ἦνίκα
2380 1697 2433 1733 τι
2467 1680 2597 1750 περὶ
2642 1679 2778 1733 Θεοῦ
2825 1679 3118 1751 ἐπέρχεταί
3142 1697 3225 1733 σοι
3248 1682 3419 1742 νοεῖν,
3455 1678 3534 1749 μὴ
3559 1678 3648 1731 τὸν

2069 1769 2222 1835 Θεὸν,
2278 1769 2415 1823 ἀλλὰ
2446 1769 2679 1823 σαυτόν·
2725 1768 2878 1824 οὐδὲν
2932 1772 3041 1842 γὰρ
3087 1768 3356 1839 ἀσφαλὲς,
3417 1769 3564 1840 ὑπὲρ
3594 1769 3653 1820 τὸ

2073 1868 2296 1936 μέτρον,
2328 1865 2464 1935 ὅπερ
2492 1863 2799 1934 χωροῦμεν,
2824 1863 3133 1935 ἐπέρχεται.

2142 1978 2256 2040 Τὰς
2306 1977 2545 2047 φαύλους
2583 1976 2909 2049 ἐνθυμήσεις
2935 1977 3137 2049 σπόρον
3162 1972 3305 2031 εἶναι
3340 1976 3440 2030 τοῦ
3472 1976 3652 2030 διαϐό-

2071 2070 2163 2123 λου
2192 2071 2415 2123 πίστευε
2434 2085 2448 2099 ⁸
2474 2068 2616 2123 οὕτω
2644 2072 2752 2140 γὰρ
2770 2069 2931 2123 αὑταὶ
2956 2070 3244 2124 παύονται.
3267 2069 3297 2121 ό
3329 2070 3388 2122 δὲ
3419 2071 3655 2139 σπορεὶς

2072 2162 2407 2232 αἰσχύνεται.

2140 2273 2329 2327 Φείδου
2355 2273 2421 2327 τὰ
2458 2272 2631 2326 πολλὰ
2653 2272 2892 2342 γέλωτος
2915 2286 2930 2301 ⁸
2958 2272 3147 2343 χαυνοῖ
3169 2271 3279 2344 γὰρ
3304 2272 3410 2342 τὴν
3454 2269 3652 2340 ψυχήν.

2073 2366 2428 2419 Χαυνωθεῖσα
2472 2366 2531 2420 δὲ
2567 2364 2644 2436 τῷ
2672 2364 2767 2418 τοῦ
2813 2364 2979 2435 νόμου
3006 2363 3209 2435 χαλινῷ
3237 2360 3494 2432 εὐχερῶς
3524 2364 3660 2415 ἁπο-

2073 2458 2276 2514 δύεται.
3596 2526 3603 2531 .

2146 2571 2241 2636 Εἰς
2298 2569 2435 2642 ἔργα
2460 2570 2541 2623 δεῖ
2566 2570 2667 2642 τὴν
2711 2567 2888 2639 ψυχὴν
2931 2568 3025 2621 καὶ
3063 2565 3379 2638 προσευχὰς
3438 2565 3661 2637 μερίζε-

2077 2664 2205 2718 σθαι
2228 2681 2243 2697 ο
2273 2663 2415 2717 οὕτω
2432 2664 2542 2734 γὰρ
2572 2664 2634 2717 οὐ
2663 2662 2861 2726 πολλὰς
2895 2661 3144 2732 εὑρίσκει
3174 2659 3316 2730 πρὸς
3374 2660 3533 2730 ἡμᾶς
3563 2662 3659 2721 τὰς

2075 2756 2313 2820 εἰσόδους
2342 2758 2370 2809 ὁ
2400 2755 2667 2819 διάϐολος.

2150 2872 2354 2943 Ἔργον
2394 2867 2532 2924 εἶναι
2582 2870 2677 2924 τοῦ
2708 2870 2874 2943 νόμου
2929 2868 3030 2939 τὴν
3072 2866 3388 2935 ἀνάγνωσιν
3445 2863 3659 2935 νόμιζε,

2076 2964 2205 3018 ὅταν
2245 2963 2385 3035 μετὰ
2417 2964 2518 3034 τῆς
2550 2961 2800 3033 γλώττης
2821 2964 2851 3014 ό
2885 2961 3009 3024 νοῦς
3054 2957 3329 3029 τρυγῆσαί
3358 2973 3421 3010 τι
3468 2957 3661 3020 θέλων,

395 3085 659 3140 gnoseere
709 3069 841 3141 quid
874 3071 1097 3135 volens,
1139 3070 1195 3125 in
1235 3069 1392 3125 libris
1442 3085 1567 3125 cum
1616 3071 1802 3126 labore
1847 3086 1970 3127 ver-

2125 3075 2136 3109 ρ
2162 3058 2281 3120 ταῖς
2307 3055 2511 3127 βίϐλοις
2541 3054 2863 3126 ἐργάζηται.

397 3169 569 3215 satur.

469 3272 557 3328 80.
597 3275 733 3330 Cum
783 3273 853 3329 ad
910 3273 1123 3329 labores
1184 3290 1406 3329 manum
1463 3274 1735 3342 moveris,
1794 3275 1977 3341 lingua’

398 3367 596 3439 psallat
640 3377 693 3421 et
743 3383 896 3423 mens
948 3376 1087 3422 oret.
1129 3368 1309 3437 Exigit
1361 3368 1506 3423 enim
1567 3367 1707 3423 Deus
1756 3378 1817 3423 ut
1854 3369 1974 3439 ejus

400 3476 615 3531 seraper
636 3476 904 3516 memores
931 3462 1126 3517 simus.

470 3575 559 3629 8|.
599 3576 772 3631 Omne
791 3576 935 3646 quod
970 3576 1107 3646 agis,
1139 3574 1384 3630 oratione
1404 3575 1726 3646 obsignato:
1767 3577 1819 3632 id
1848 3590 1975 3630 vero

402 3669 638 3723 maxime
686 3668 753 3724 de
782 3684 892 3723 ouo
914 3679 1153 3723 mentem
1182 3669 1336 3724 vides
1368 3669 1728 3724 dubitantem.

473 3865 562 3919 82.
604 3865 660 3919 Si
706 3865 787 3920 vis
842 3881 1105 3921 manuum
1149 3875 1365 3922 tuarum
1413 3867 1628 3923 labores
1682 3868 1894 3922 divinos
1924 3876 1978 3921 et

403 3969 511 4007 nou
542 3963 786 4009 terrenos
838 3954 978 4022 ﬁeri,
1020 3956 1271 4025 quaedam
1321 3972 1388 4010 ex
1442 3957 1509 4011 iis
1549 3957 1978 4011 communicabis

403 4060 527 4100 cum
559 4048 859 4115 egentibus.

478 4164 566 4220 8'5.
601 4164 787 4221 Gaude
854 4175 1171 4223 sanctorum
1225 4167 1536 4237 colloquio:
1580 4183 1673 4236 per
1700 4182 1793 4223 eos
1831 4168 1976 4223 enim

409 4255 555 4311 Deus
581 4258 676 4311 tibi
706 4257 1114 4314 manifestatur.

479 4370 570 4425 84.
613 4370 750 4427 Vere
809 4383 1025 4429 sanctos
1071 4375 1140 4429 ab
1192 4375 1447 4445 operibus
1499 4374 1779 4446 dignosce.
1834 4374 1981 4431 Una-

409 4478 639 4533 quaeque
674 4480 910 4536 namque
944 4468 1108 4521 arbor
1135 4483 1166 4522 e
1202 4468 1382 4523 fructu
1419 4469 1775 4540 dignoscitur.

482 4578 571 4632 85.
615 4577 840 4648 Semper
874 4579 1070 4634 lucrari
1114 4581 1317 4650 aliquid
1350 4583 1509 4636 stude
1555 4600 1621 4637 ex
1667 4593 1978 4638 sanctorum

409 4670 887 4739 contemplatione.
921 4671 1158 4727 Observa
1184 4688 1312 4727 vero
1352 4674 1593 4742 ipsorum
1630 4686 1905 4744 aspectum
1930 4684 1983 4730 et

412 4761 657 4816 habitum
686 4779 698 4813 :
731 4771 1024 4833 utrumque
1062 4765 1208 4818 enim
1240 4766 1469 4834 perutile
1498 4774 1603 4821 est.

481 4876 573 4931 86.
608 4879 815 4933 Exerce
852 4878 1142 4947 puritatem
1179 4880 1232 4934 in
1265 4880 1449 4944 corde,
1484 4889 1537 4934 et
1586 4882 1889 4937 castitatem
1926 4884 1983 4938 iu

412 4985 661 5040 corpore.
696 4970 768 5023 Ea
800 4971 945 5025 enim
976 4980 1206 5042 utraque
1245 4973 1497 5041 templum
1525 4974 1618 5029 Dei
1655 4983 1704 5030 te
1725 4974 1980 5031 elIiciuut.‘

485 5084 574 5139 87.
617 5084 708 5138 Sic
756 5085 939 5155 itaque
974 5086 1229 5156 templum
1266 5087 1501 5153 custodi,
1535 5097 1592 5142 ut
1624 5088 1717 5143 Dei
1756 5090 1849 5160 qui
1887 5107 1985 5146 ex-

413 5178 693 5243 struxerit,
736 5188 791 5233 et
835 5179 1079 5247 judicare
1125 5181 1381 5245 volentis,
1427 5190 1480 5235 et
1517 5182 1809 5253 imaginem
1838 5195 1983 5239 tuam

418 5270 558 5341 (qum
607 5279 692 5324 est.
750 5271 922 5339 ipsius
976 5271 1173 5344 imago)
1224 5288 1414 5342 puram
1459 5274 1525 5328 ad
1579 5275 1816 5346 regulam
1871 5279 1986 5332 exi-

416 5362 612 5430 gentis.

487 5478 576 5533 88.
616 5479 968 5533 Smcularium
1020 5480 1468 5536 eonversationes
1511 5491 1749 5536 mentem
1803 5499 1831 5535 a
1879 5481 1985 5537 Deo

419 5579 735 5638 segregant:
768 5582 1098 5642 quapropter
1118 5574 1264 5644 ipsos
1284 5589 1379 5629 nec
1400 5574 1701 5644 alloquere,
1731 5576 1824 5631 sed
1855 5579 1961 5632 alto

420 5668 650 5728 quentes
680 5661 914 5715 declina.

2165 3260 2289 3315 Ἐὰν
2336 3261 2416 3323 εἰς
2444 3259 2582 3331 ἔργα
2615 3258 2715 3328 τὴν
2752 3261 2911 3328 χεῖρα
2960 3260 3137 3329 κινῇς,
3189 3259 3225 3328 ἡ
3273 3257 3504 3326 γλῶττα
3529 3260 3663 3328 ψαλ-

2078 3352 2238 3415 λέτω,
2281 3353 2375 3405 καὶ
2411 3354 2439 3405 ὁ
2485 3351 2610 3415 νοῦς
2661 3349 3051 3421 προσευχέσθω
3078 3366 3093 3381 ο
3138 3352 3371 3403 ἀπαιτεῖ
3421 3353 3535 3421 γὰρ
3579 3352 3663 3405 ἀεὶ

2080 3448 2214 3518 παρ’
2240 3444 2396 3515 ἡμῶν
2429 3448 2458 3499 ό
2493 3444 2629 3509 Θεὸς
2666 3442 3123 3516 μνημονεύεσθαι.

2151 3563 2338 3616 Πᾶσαν
2393 3560 2491 3631 μὲν
2541 3559 2741 3631 πρᾶξιν
2805 3559 2893 3612 διὰ
2962 3560 3273 3630 προσευχῆς
3350 3559 3659 3630 σφράγιζε’

2081 3656 2284 3725 ταύτην
2340 3655 2399 3708 δὲ
2456 3655 2712 3724 μάλιστα,
2763 3653 2848 3723 ἐφ’
2884 3654 2951 3725 ἢν
2993 3653 3083 3705 τὸν
3132 3652 3402 3723 λογισμὸν
3438 3653 3661 3725 θεωρεῐς

2081 3746 2511 3819 ἀμφιϐάλλοντα.

2153 3860 2438 3931 Εἰ-βούλει
2494 3859 2563 3912 τὰ
2605 3858 2713 3912 τῶν
2760 3856 2960 3929 χειρῶν
2984 3856 3141 3928 ἔργα,
3179 3856 3300 3909 θεῖά
3342 3872 3429 3910 σοι
3466 3859 3561 3910 καὶ
3591 3859 3661 3928 μὴ

2083 3955 2240 4025 χοῖκὰ
2260 3952 2531 4021 γίνεσθαι,
2567 3951 2724 4005 κοινά
2755 3967 2838 4003 σοι
2861 3951 2928 4003 τὰ
2954 3949 3013 4014 ἐξ
3041 3949 3221 4002 αὐτῶν
3246 3949 3496 4017 γένεσθω
3533 3952 3664 4020 πρὸς

2082 4047 2208 4110 τοὺς
2236 4043 2557 4117 χρῄζοντας.

2154 4161 2326 4230 Χαῖρε
2356 4161 2422 4229 τῇ
2453 4158 2562 4211 τῶν
2614 4157 2782 4225 ἁγίων
2819 4156 3055 4222 ἐντεύξει
3094 4171 3106 4184 ·
3152 4156 3223 4209 δι’
3274 4157 3467 4211 αὐτῶν
3501 4158 3612 4227 γὰρ
3638 4160 3666 4211 ὁ

2084 4256 2218 4321 Θεὸς
2253 4255 2636 4326 ἐμφανίζεται.

2156 4369 2297 4431 Τοὺς
2357 4366 2573 4437 ἀληθῶς
2622 4365 2810 4434 ἁγίους
2869 4364 2976 4418 ἀπὸ
3005 4364 3113 4417 τῶν
3159 4363 3342 4434 ἔργων
3400 4365 3661 4434 διὰκρι·.ε.

2012 4437 2057 4492 D
2086 4459 2355 4514 Ἕκαστον
2381 4460 2489 4529 γὰρ
2520 4458 2736 4529 δένδρον
2765 4460 2828 4511 ὲκ
2853 4456 2947 4510 τοῦ
2979 4457 3189 4528 καρποῦ
3221 4458 3583 4529 γνωρίζεται.

2170 4574 2282 4628 Ἀεί
2310 4591 2360 4627 τι
2386 4573 2688 4645 κερδαίνειν
2727 4575 2792 4627 ἐκ
2816 4575 2916 4643 τῆς
2947 4573 3183 4642 θεωρίας
3220 4574 3321 4641 τῆς
3349 4574 3462 4627 τῶν
3502 4576 3665 4643 ἁγίων

2090 4667 2356 4731 σπούδαζε
2385 4682 2400 4698 ο
2429 4667 2683 4737 ἐπιτήρει
2713 4666 2769 4719 δὲ
2793 4664 2974 4718 αὐτῶν
3007 4664 3250 4735 βλέμμα,
3301 4668 3407 4718 καὶ
3442 4669 3630 4739 σχῆμα
3650 4685 3664 4695 ·

2088 4759 2366 4827 ἐπωφελὲς
2393 4758 2501 4829 γὰρ
2533 4758 2694 4811 ἐκάτε
2702 4776 2817 4829 ρον.

2172 4874 2227 4927 Ἀ
2238 4872 2434 4926 κακίαν
2452 4872 2610 4925 ἄσκει
2630 4874 2695 4942 τῇ
2718 4870 2935 4942 καρδίᾳ,
2960 4871 3057 4924 καὶ
3081 4872 3305 4939 ἁγνείαν
3334 4875 3419 4945 τῷ
3440 4877 3667 4947 σώματι·

2089 4965 2263 5019 ταῦτα
2296 4966 2405 5036 γὰρ
2434 4963 2605 5035 ἄμφω
2637 4982 2695 5017 σε
2725 4962 2860 5017 Θεοῦ
2891 4963 3015 5016 ναὸν
3044 4965 3455 5033 ἀπεργάζεται.

2163 5103 2348 5166 Οὕτως
2368 5098 2461 5157 οὖν
2482 5104 2718 5172 φύλαττε
2740 5103 2829 5155 τὸν
2851 5102 3001 5170 ναὸν,
3024 5102 3097 5165 ὡς
3122 5102 3218 5156 τοῦ
3252 5106 3568 5170 κτίσαντος
3588 5108 3670 5161 καὶ

2090 5199 2274 5269 κρίναι
2322 5197 2628 5267 μέλλοντος,
2687 5199 2784 5250 καὶ
2837 5198 2937 5270 τὴν
2970 5198 3159 5252 εἰκόνα
3203 5215 3265 5251 σε
3304 5200 3433 5270 (τὴν
3462 5202 3668 5267 ἑαυτοῦ)

2092 5288 2335 5358 καθαρὰν
2368 5289 2767 5360 μεθοδεύοντος.

2164 5490 2228 5541 Αἰ
2255 5489 2365 5541 τῶν
2412 5488 2683 5559 βιωτικῶν
2711 5490 2919 5561 ὁμιλίαι
2954 5491 3045 5544 τὸν
3080 5490 3348 5563 λογισμὸν
3384 5494 3497 5547 ἀπὸ
3544 5494 3670 5547 Θεον

2094 5579 2389 5651 χωρίζουσι
2415 5597 2427 5611 ’
2478 5582 2668 5651 διόπερ
2702 5583 2892 5647 αὐταῖς
2950 5583 3083 5654 μηδὲ
3123 5585 3403 5656 συλλάλει,
3434 5589 3529 5642 καὶ
3554 5588 3668 5648 τοὺς

2092 5672 2389 5737 λαλοῦντας
2413 5672 2647 5727 ἐκκλινε.
