3808 6226
360 208 500 283 1259

1850 211 1911 269 S.
1941 208 2105 270 NILI
2186 200 2194 204 ”

3467 214 3607 279 ιεδο

428 328 551 383 106.
593 325 1041 397 Quandoquidem
1100 325 1248 381 domi
1309 336 1544 391 nostrae,
1611 325 1921 387 Ecclesium1

2108 325 2169 378 El
2204 324 2533 397 Ἐκκλησίαν
2578 329 2698 381 κατ’
2746 322 2894 382 οἷκον
2950 328 3181 394 ἕκαστος
3229 330 3330 401 τὴν
3368 331 3607 385 διάνοιαν

352 430 588 474 mentem
633 420 864 489 quisque
901 434 1078 484 suam,
1138 418 1438 472 habemus:
1472 431 1728 487 peragere
1760 416 1921 470 etiam

352 514 613 569 debemus
646 515 699 567 in
735 513 847 582 ipsa
880 511 1134 566 Ecclesiae
1165 511 1451 566 sacriﬁcia.

412 604 550 659 -105,
592 605 646 659 Si
680 604 952 674 peragitur
995 604 1338 674 congregatio
1371 602 1425 659 in
1473 600 1815 665 Ecclesia,et
1861 612 1921 655 tu

353 696 572 751 adesto:
607 696 651 750 si
693 710 821 749 vero
865 710 970 748 non
1030 696 1340 764 peragitur,
1391 703 1450 749 tu
1513 694 1751 764 psallens
1792 708 1923 763 apo-

330 788 603 858 _stolicum
638 786 1004 856 Evangelii”,
1043 788 1208 840 abito.

426 878 545 932 106.
574 876 798 931 Virtutis
820 877 1044 945 gloriam
1064 886 1374 931 sanctorum
1394 876 1652 945 aspicito:
1680 875 1920 945 ipsorum

351 970 496 1024 enim
532 968 701 1038 gloria
737 969 1063 1023 immortalis
1097 977 1200 1035 est,
1231 968 1394 1022 etiam
1430 975 1550 1036 post
1581 969 1811 1022 obitum.

420 1149 544 1203 107.
588 1147 742 1204 Tunc
789 1149 1046 1202 malitiam
1088 1150 1321 1203 maxime
1350 1150 1549 1217 oderis,
1579 1149 1798 1219 quando
1828 1163 1922 1204 co-

349 1241 547 1310 gitabis
586 1239 729 1309 quod
780 1241 1087 1293 dzemonum
1131 1240 1200 1295 sit
1246 1239 1531 1311 fulgurans
1580 1250 1769 1296 contra
1819 1255 1921 1295 nos

348 1332 580 1402 gladius.

422 1422 541 1475 108.
585 1420 638 1474 Si
670 1428 982 1490 peccantem
1016 1419 1295 1485 admones,
1332 1420 1498 1477 misce
1520 1422 1921 1490 compassionis

346 1512 509 1566 verba
549 1528 562 1565 :
608 1519 663 1565 et
705 1524 867 1565 aures
918 1508 1283 1574 emollientur,
1330 1525 1424 1566 cor
1468 1526 1597 1567 vero
1641 1512 1920 1567 illumina-

346 1603 514 1657 bitur.

415 1696 538 1750 100.
577 1694 715 1750 Cum
771 1694 912 1749 inter
958 1705 1179 1749 sanctos
1227 1693 1486 1764 loqueris,
1533 1711 1654 1765 quae
1690 1695 1917 1766 spiritus
1951 1683 1995 1741 Β

345 1797 475 1843 sunt
518 1788 740 1857 loquere
768 1804 781 1841 :
812 1786 859 1841 si
885 1800 1014 1841 vero
1061 1786 1261 1841 talibus
1313 1802 1419 1840 non
1455 1786 1719 1857 loquaris,
1759 1787 1826 1841 de
1849 1787 1918 1842 iis

345 1894 414 1934 ne
436 1878 758 1948 quidquam.

418 1971 540 2024 110.
582 1970 807 2040 Semper
839 1969 1011 2024 bonas
1044 1969 1287 2026 actiones
1319 1986 1473 2041 urge,
1511 1970 1799 2040 nequando
1828 1984 1913 2025 re-

343 2063 491 2117 lictis
519 2062 626 2115 illis
650 2060 1057 2130 semiperfectus
1086 2061 1270 2139 abeas.

418 2155 537 2210 111.
583 2152 674 2208 Sic
713 2168 871 2208 curre
907 2160 968 2207 ut
1011 2153 1321 2222 assequaris
1365 2166 1587 2221 scopum
1616 2168 1631 2205 ι
1660 2151 1766 2207 hoc
1810 2160 1915 2218 est,

345 2247 737 2303 indesinenter.
793 2245 1018 2316 Oportet
1066 2246 1211 2301 enim
1244 2245 1401 2316 juxta
1432 2246 1688 2299 virtutem
1715 2244 1915 2308 vivere,

343 2338 522 2392 donec
549 2339 672 2390 vitae
704 2336 939 2392 stadium
968 2350 1377 2405 exsuperemus.

417 2428 538 2483 “2.
580 2425 658 2483 Ne
705 2427 782 2482 sis
840 2427 894 2481 in
956 2426 1138 2480 studio
1182 2425 1558 2479 mandatorum
1603 2422 1697 2478 Dei
1750 2422 1920 2493 negli-

346 2534 520 2591 gens:
555 2520 756 2575 talibus
804 2517 950 2572 enim
996 2517 1148 2572 labor
1194 2516 1408 2582 inanis,
1465 2515 1705 2569 laborem
1754 2529 1919 2583 super

346 2612 583 2666 laborem
619 2611 847 2680 aggerit.

420 2704 545 2757 115.
598 2701 922 2757 Patientiam
979 2699 1141 2754 etiam
1193 2707 1481 2769 antequam
1542 2709 1765 2751 necesse
1814 2702 1915 2760 est,

346 2809 562 2861 exerce,
615 2802 677 2846 ut
729 2792 900 2860 ipsius
955 2797 1286 2845 armaturam
1351 2800 1596 2859 paratam
1652 2786 1917 2851 invenias,

349 2887 512 2943 etiam
536 2886 589 2939 in
628 2883 970 2939 necessitate.

425 2975 546 3030 1M.
588 2972 854 3044 lmprobis
889 2972 1082 3026 resiste
1105 2968 1546 3041 cogitationibus,
1578 2975 1631 3021 et
1653 2963 1921 3035 responde

354 3070 491 3140 ipsis
520 3084 641 3139 qua:
672 3068 725 3122 in
760 3068 873 3136 lege
902 3065 1180 3121 dicuntur.

421 3162 543 3217 115.
586 3160 867 3231 Diligentia
902 3158 1067 3212 multa
1091 3156 1279 3212 oculos
1309 3171 1337 3209 a
1359 3156 1466 3209 vita
1498 3155 1600 3210 hac
1630 3153 1918 3209 abStrahe:

344 3251 537 3307 ~fumus
574 3251 718 3306 enim
758 3248 1101 3320 perniciosus
1127 3264 1192 3303 ex
1224 3249 1342 3317 ipsa
1385 3246 1623 3309 veniens,
1650 3244 1920 3299 turbidam

351 3345 528 3399 reddit
559 3343 820 3397 animam.

428 3435 545 3490 116.
582 3433 646 3490 Si
687 3433 1082 3489 consuetudine
1131 3431 1312 3500 aliqua
1359 3430 1497 3483 mala
1527 3414 1778 3483 detentus
1807 3427 1925 3482 fue-

342 3528 450 3596 ris,
496 3527 755 3597 paulatim
807 3540 925 3578 eam
985 3523 1234 3578 rescinde
1265 3540 1278 3576 :
1310 3528 1364 3576 et
1398 3521 1516 3575 sine
1561 3520 1672 3574 ullo
1704 3519 1922 3589 negotio

352 3620 421 3674 ab
447 3619 627 3672 anima
652 3616 863 3685 spinam
893 3612 1222 3668 eradicabis.

424 3710 545 3766 117.
591 3708 758 3762 Deum
793 3721 986 3776 purum
1013 3704 1390 3766 exsistentem,
1421 3716 1555 3770 pure
1586 3713 1804 3768 quoque
1842 3697 1924 3751 di-

348 3800 498 3869 iige:
534 3808 590 3853 et
619 3812 727 3866 pra:
766 3810 853 3860 eo,
886 3795 938 3848 in
991 3793 1246 3848 omnibus
1300 3790 1483 3845 omnia
1513 3789 1752 3844 secundo
1805 3788 1923 3841 loco

352 3888 596 3944 habenda
634 3902 754 3940 esse
787 3884 1118 3939 existimato.

424 3981 545 4035 118.
588 3978 643 4032 Si
667 3977 749 4034 vis
792 3992 914 4032 esse
951 3976 1208 4045 templum
1245 3974 1358 4039 Dei,
1410 3971 1735 4028 sacriﬁcium
1785 3969 1923 4023 assi-

349 4073 573 4126 duitatis
605 4070 902 4141 (assiduam
944 4067 1153 4123 scilicet
1197 4065 1524 4135 orationem)
1580 4064 1797 4119 assidue
1820 4061 1922 4133 ipsi

349 4165 568 4219 oﬂ‘eras.

422 4256 545 4310 119.
587 4253 927 4323 Negligenter
960 4259 1015 4307 et
1044 4266 1209 4321 prave
1237 4249 1508 4303 viventem
1560 4262 1627 4301 ne
1675 4258 1925 4301 accersas

2027 414 2251 487 ἔχομεν,
2277 418 2566 487 καὶντελεῖν
2588 421 2645 473 ἐν
2663 421 2799 491 αὐτῇ
2819 422 2943 485 τοὺς
2976 422 3208 491 θεσμοὺς
3232 424 3333 493 τῆς
3373 424 3605 493 Ἐκκλη-

2030 508 2151 570 σίας
2180 508 2487 579 ὀφείλομεν.

2098 600 2163 653 Εἰ
2195 600 2430 653 τελεῖται
2467 600 2691 668 σύναξις
2726 602 2785 656 ἐν
2841 603 3157 675 Ἐκκλησία,
3191 606 3487 674 παράϐαλε
3514 623 3531 638 θ
3558 607 3608 658 εἰ

2027 687 2084 742 δέ
2111 689 2186 761 μὴ
2210 689 2466 760 τελεῖται,
2491 693 2555 746 σὺ
2588 692 2808 763 ψάλλων
2850 696 3210 751 ἀποστολικὸν
3244 697 3613 768 Εύαγγέλιον,

2027 783 2252 839 ἄπελθε.

2099 874 2210 943 Τὴν
2237 875 2345 929 τῶν
2373 876 2585 945 ἀρετῶν
2607 876 2765 943 δόξαν
2797 878 2863 931 ἐκ
2903 876 3015 932 τῶν
3060 879 3234 948 ἁγίων
3260 881 3578 934 κατόπτευε
3596 896 3609 907 ·

2027 964 2283 1019 ἀθάνατοι
2340 966 2449 1038 γὰρ
2499 968 2680 1021 αὐτῶν
2730 971 2787 1022 αἱ
2834 970 3009 1039 δόξαι,
3056 973 3152 1024 καὶ
3180 972 3324 1041 μετά
3374 952 3613 1026 θάνατον

2027 1055 2286 1125 γίνονται.

2097 1148 2211 1217 Τὴν
2243 1148 2441 1203 κακίαν
2461 1148 2581 1202 τότε
2612 1149 2889 1220 μισήσεις,
2918 1152 3048 1204 ὅταν
3079 1149 3295 1220 λογίσῃ,
3323 1150 3611 1221 δαιμόνων

2026 1239 2112 1293 ὅτι
2140 1240 2260 1293 ἐστι
2290 1241 2415 1294 καθ’
2442 1240 2601 1313 ἡμῶν
2634 1241 2996 1312 στιλϐουμένη
3016 1244 3284 1313 μάχαιρα.

2095 1414 2157 1468 Ei
2191 1414 2463 1479 νουθετεῖς
2491 1417 2584 1471 τὸν
2642 1419 2974 1484 πταίσαντα,
3022 1420 3233 1489 κρᾶσον
3285 1420 3615 1489 συμπαθείᾳ.

2024 1504 2095 1559 τά
2115 1508 2338 1578 ῥήματα
2357 1524 2371 1539 ·
2397 1510 2495 1563 καὶ
2526 1508 2594 1564 τὰ
2626 1510 2724 1581 μὲν
2745 1504 2860 1566 ὦτα
2894 1512 3289 1583 μαλάσσονται,
3318 1513 3354 1581 ἡ
3392 1513 3454 1566 δὲ
3475 1530 3611 1583 καρ·

2032 1597 2121 1651 δία
2158 1598 2474 1668 φωτίζεται.

2095 1689 2265 1745 Ὅταν
2293 1692 2351 1746 ἐν
2378 1692 2554 1760 ἁγίοις
2584 1691 2789 1757 λαλεῖς,
2823 1692 3005 1765 ἐρώτα
3032 1694 3103 1747 τά
3132 1693 3227 1747 τοῦ
3256 1693 3607 1764 πνεύματος*

2020 1780 2147 1837 ὅταν
2176 1780 2233 1835 δὲ
2263 1782 2340 1853 μὴ
2376 1782 2646 1847 τοιούτοις
2669 1782 2869 1848 λαλεῖς,
2898 1785 2959 1838 ού
2987 1785 3159 1842 ταῦτα
3182 1785 3357 1839 λάλει.

2089 1961 2203 2026 Τὰς
2229 1962 2459 2034 πράξεις
2480 1964 2569 2017 ἀεὶ
2600 1963 2700 2028 τὰς
2723 1964 2958 2041 Δἀγαθὰς
2999 1964 3316 2029 ἐπίσπευδε,
3352 1966 3432 2036 μή
3478 1982 3613 2019 ποτε

2019 2053 2332 2109 καταλιπὼν
2356 2056 2547 2123 αὑτὰς,
2569 2058 2834 2129 ἡμιτελὴς
2858 2057 3156 2129 άπελεύσῃ.

2088 2144 2244 2199 Οὕτω
2266 2145 2452 2217 τρέχε,
2483 2146 2572 2201 ἵνα
2596 2147 2932 2218 καταλάϐῃς,
2961 2147 3240 2201 τουτέστιν
3270 2148 3604 2213 ἀπαύστως.

2017 2236 2111 2288 Δεῖ
2166 2236 2276 2307 γὰρ
2308 2236 2408 2309 τὴν
2444 2238 2649 2310 ἀρετὴν
2679 2239 2918 2311 τρέχειν,
2959 2239 3153 2310 μέχρις
3188 2240 3255 2295 ἂν
3285 2241 3606 2313 ἐξέλθωμεν

2017 2325 2113 2380 τοῦ
2149 2327 2266 2398 βίου
2287 2328 2347 2382 τὸ
2374 2329 2609 2383 στάδιον.

2088 2422 2183 2492 Μὴ
2231 2422 2385 2490 γίνου
2417 2422 2548 2494 περὶ
2586 2422 2688 2492 τὴν
2741 2423 3013 2493 ἐργασίαν
3043 2423 3151 2477 τῶν
3193 2425 3427 2479 ἐντολῶν
3461 2425 3614 2494 ὀλίγ-

2018 2530 2183 2586 ωροςο
2206 2517 2321 2577 τοῖς
2349 2514 2459 2586 γὰρ
2488 2514 2751 2579 τοιούτοις
2776 2518 2804 2569 ὀ
2833 2516 3003 2579 κόπος
3026 2516 3279 2588 ἀκερδὴς,
3313 2518 3413 2570 ἐπὶ
3438 2519 3613 2573 κόπον

2020 2607 2397 2678 προστίθεται.

2089 2699 2201 2769 Τὴν
2235 2699 2512 2769 ὑπομονὴν
2548 2699 2645 2753 καὶ
2678 2699 2784 2769 πρὸ
2808 2700 2908 2771 τῆς
2936 2701 3183 2772 ἀνάγκης
3232 2700 3417 2768 ἄσκει,
3456 2703 3609 2766 ὅπως

2018 2793 2188 2863 αὐτῆς
2242 2790 2410 2864 εὕρῃς
2460 2793 2553 2845 καὶ
2609 2793 2667 2847 ἐν
2732 2796 2798 2864 τῇ
2862 2794 3081 2867 ἀνάγκῃ
3136 2795 3233 2866 τὴν
3293 2796 3608 2850 πανοπλίαν

2018 2885 2131 2938 ἐτοι
2139 2901 2261 2955 μον.

2094 2974 2288 3041 Μάγου
2341 2974 2455 3035 τοῖς
2500 2975 2758 3043 πονηροῖς
2810 2972 3113 3044 λογισμοῖς,
3164 2973 3259 3026 καὶ
3290 2973 3422 3043 λέγε
3472 2974 3607 3045 πρὸς

2025 3065 2225 3126 αὐτοὺς
2254 3067 2354 3118 ὅσα
2380 3063 2459 3133 τῷ
2489 3063 2640 3133 νόμῳ
2667 3063 2930 3118 λαλεῖται.
2986 3062 2989 3065 ’

2095 3157 2305 3228 Σπουδῇ
2339 3155 2510 3226 πολλῇ
2544 3159 2635 3208 τὸν
2660 3156 2937 3225 ὀφθαλμὸν
2963 3157 3026 3209 ἐκ
3048 3157 3142 3210 τοῦ
3176 3157 3293 3228 βίου
3326 3159 3609 3229 μετάστη-

2025 3268 2116 3304 σον
2135 3264 2148 3279 ’
2174 3248 2382 3313 καπνδς
2406 3248 2514 3319 γὰρ
2548 3248 2607 3313 ἐξ
2632 3247 2796 3301 αὐτοῦ
2833 3250 3085 3321 πονηρὸς,
3120 3250 3279 3321 θολὴν
3303 3250 3406 3322 τὴν
3432 3251 3604 3322 ψυχὴν

2022 3342 2343 3396 ἀναδίδοται.

2093 3433 2156 3485 Et
2195 3432 2374 3505 φαύλῃ
2404 3431 2514 3484 τινὶ
2546 3430 2805 3501 συνηθείᾳ
2826 3431 3191 3502 κεκράτησαι,
3227 3432 3371 3503 μετὰ
3407 3432 3603 3502 μικρὸν

2021 3525 2296 3593 ἀπότεμνε
2326 3537 2341 3553 ’
2393 3524 2486 3576 καὶ
2541 3524 2710 3576 κόπου
2766 3522 2963 3576 πολλοῦ
3017 3522 3210 3594 χωρὶς,
3264 3525 3368 3592 τῆς
3428 3523 3605 3592 ψυχῆς

2023 3613 2322 3675 ἀποϐαλεῖς
2351 3612 2451 3683 τὴν
2492 3611 2755 3667 ἄκανθαν.

2092 3705 2346 3777 Καθαρὸν
2377 3705 2507 3759 ὄντα
2540 3703 2632 3756 τὸν
2657 3703 2809 3767 Θεὸν,
2841 3702 3097 3773 καθαρῶς
3126 3703 3318 3771 ἀγάπα
3338 3718 3355 3733 '
3389 3706 3487 3757 καὶ
3512 3702 3605 3756 τοῦ

2021 3799 2112 3851 ἐπὶ
2141 3798 2379 3862 πάντων,
2408 3796 2587 3851 πάντα
2612 3796 2841 3867 δεύτερα
2870 3796 3083 3867 νόμιζε.

2094 3976 2157 4029 Ei
2190 3975 2363 4039 θέλεις
2405 3970 2547 4028 εἶναι
2598 3974 2724 4037 ναὸς
2766 3974 2924 4041 Θεοῦ,
2980 3974 3172 4028 θυσίαν
3221 3975 3603 4048 ἐνδελεχισμοῦ

2022 4068 2121 4139 τὴν
2155 4067 2463 4140 προσευχὴν
2492 4065 2640 4137 αύτῷ
2672 4065 2771 4137 τὴν
2800 4066 3027 4137 διηνεκῆ
3051 4068 3358 4139 πρόσφερε.

2095 4243 2201 4296 Τὸν
2227 4242 2444 4314 ἀμελῶς
2466 4241 2706 4313 βιοῦντα,
2743 4242 2818 4312 μὴ
2841 4243 3230 4314 προσλάμϐανε
3261 4246 3600 4316 σύμϐουλον

348 4345 754 4408 consultorem;
821 4341 978 4396 malis
1032 4341 1178 4395 enim
1234 4339 1508 4410 gaudens,
1562 4337 1704 4392 bona
1760 4334 1921 4391 simul

2084 4335 2194 4404 γὰρ
2230 4339 2345 4398 τοῖς
2396 4338 2587 4398 κακοῖς
2640 4334 2863 4405 χαίρων,
2899 4335 3080 4405 ἀγαθὰ
3129 4338 3221 4393 καὶ
3285 4342 3473 4408 μισεῖν
3515 4342 3602 4394 καὶ

347 4434 553 4498 odisse,
592 4441 645 4487 et
678 4429 962 4486 consulere
982 4430 1168 4483 eadem
1200 4443 1306 4482 non
1338 4436 1535 4497 potest.

422 4526 547 4579 120.
585 4525 667 4578 Ab
711 4523 858 4576 omni
906 4520 1258 4589 corruptione
1314 4518 1547 4583 abstine,
1597 4528 1652 4573 et
1686 4520 1927 4591 mysticae

346 4632 521 4672 C(ElltB
559 4615 707 4669 omni
758 4612 847 4666 die
899 4612 1175 4680 particeps
1229 4610 1370 4665 tias:
1407 4609 1487 4665 sic
1529 4611 1675 4664 enim
1720 4610 1926 4667 Christi

349 4722 552 4775 corpus
577 4713 821 4758 nostrum
856 4701 969 4756 ﬁeri
1005 4700 1214 4769 incipit.

424 4798 546 4851 121.
587 4794 645 4849 lu
693 4794 945 4849 omnibus
1001 4791 1219 4861 quando
1269 4808 1299 4846 a
1361 4790 1469 4845 Deo
1502 4793 1819 4862 corriperis,
1861 4809 1929 4848 ne

349 4902 653 4951 niurmura,
683 4884 914 4954 castigat
943 4883 1085 4937 enim
1114 4892 1172 4935 ut
1202 4895 1383 4951 pater;
1412 4883 1642 4952 ideoque
1679 4892 1738 4937 ut
1768 4884 1928 4939 bene-

338 4980 526 5034 ‘l‘actor
559 4978 757 5048 dignus
812 4986 895 5029 est
936 4983 992 5027 ut
1019 4974 1313 5043 gratiarum
1364 4975 1576 5029 actione
1604 4976 1925 5031 celebretur.

423 5071 544 5126 1'22.
588 5068 647 5123 Si
687 5067 984 5138 ignominia
1032 5066 1257 5121 aﬂ‘ectus
1300 5066 1488 5132 fueris,
1521 5067 1729 5138 gaude:
1756 5069 1929 5139 siqui-

352 5164 472 5218 dem
497 5163 641 5218 enim
667 5162 887 5231 injuste,
918 5174 1126 5215 merces
1163 5167 1253 5212 tua
1282 5160 1503 5229 copiosa
1534 5161 1638 5214 erit
1664 5180 1677 5215 :
1722 5162 1766 5216 si
1798 5177 1929 5217 vero

351 5256 518 5327 juste,
549 5264 604 5309 et
631 5254 673 5306 si
707 5250 1038 5321 resipueris,
1076 5250 1186 5320 jam
1228 5248 1490 5305 liberatus
1532 5264 1590 5303 es
1624 5264 1654 5303 a
1693 5249 1926 5321 ﬂagello.

425 5346 551 5401 125.
587 5343 800 5399 Umbrae
825 5350 878 5396 et
900 5349 1054 5405 rotae,
1086 5350 1140 5394 et
1178 5340 1352 5395 tristia
1379 5348 1434 5395 et
1462 5341 1580 5395 laeta
1609 5341 1774 5411 hujus
1807 5343 1930 5398 vita:

355 5450 611 5506 compara
640 5452 653 5489 :
683 5450 806 5488 nam
838 5432 1293 5503 quemadmodum
1318 5432 1511 5486 umbra
1539 5447 1646 5488 non
1676 5442 1927 5501 manent,

353 5538 409 5582 et
438 5540 495 5581 lll.
526 5536 643 5582 rota
673 5536 975 5581 vertuntur.

427 5616 548 5669 1‘24.
591 5614 815 5685 Semper
849 5615 1110 5685 proﬁcere
1140 5616 1193 5670 in
1240 5616 1349 5672 Deo
1376 5630 1611 5672 conare:
1650 5617 1922 5674 modicum

2029 4424 2420 4495 συμϐουλεύειν
2441 4424 2540 4477 οὐκ
2572 4424 2843 4493 ἀνέχεται.

2098 4519 2284 4590 Πάσης
2316 4519 2520 4589 ἀπέχου
2553 4517 2780 4586 φθορᾶς,
2814 4519 2908 4572 καὶ
2948 4519 3042 4572 τοῦ
3092 4521 3359 4590 μυστικοῦ
3382 4521 3601 4576 δείπνου

2018 4614 2207 4665 πᾶσαν
2234 4611 2446 4685 ἡμέραν
2480 4611 2698 4681 μέτεχέ.
2739 4609 2895 4663 Οὕτω
2921 4611 3029 4683 γὰρ
3068 4613 3307 4685 Χριστοῦ
3338 4615 3417 4684 τὸ,
3445 4616 3603 4686 σῶμα

2024 4703 2084 4756 τὸ
2118 4702 2385 4774 ἡμέτερον
2414 4703 2643 4772 γίνεται.

2110 4795 2197 4848 Ἐν
2222 4790 2303 4859 οἷς
2362 4796 2589 4868 παιδεύῃ
2641 4798 2794 4869 παρά
2823 4796 2978 4863 Θεοῦ,
3023 4797 3100 4868 μὴ
3148 4799 3389 4867 γόγγυξε
3415 4815 3431 4830 ·
3484 4819 3607 4856 παι-

2026 4884 2171 4939 δεύει
2227 4887 2325 4956 μὲν
2366 4887 2477 4958 γὰρ
2524 4888 2599 4952 ὡς
2647 4890 2830 4960 πατήρ
2859 4905 2874 4918 ’
2935 4888 3382 4960 εύχαριστεῖσθαι
3431 4891 3487 4945 δὲ
3535 4892 3606 4956 ὡς

2027 4979 2321 5048 εὐεργέτης
2353 4979 2501 5032 ἐστὶν
2531 4979 2703 5045 ἄξιος.

2099 5070 2269 5123 Ὅταν
2317 5069 2647 5142 ἀτιμασθῇς,
2697 5074 2892 5142 χαῖρεσ
2939 5074 2987 5124 εί
3035 5071 3135 5142 μὲν
3168 5071 3278 5143 γάρ
3317 5072 3547 5138 ἀδίκως,
3575 5077 3603 5128 ὁ

2032 5160 2223 5230 μισθὸς
2254 5154 2419 5222 πολύς
2438 5176 2452 5189 ·
2486 5162 2536 5213 εί
2565 5160 2620 5215 δέ
2645 5161 2889 5229 δικαίως,
2923 5162 3017 5216 ἐὰν
3069 5166 3357 5234 σωφρονῇς
3387 5166 3607 5235 ἐκουφί-

2031 5253 2159 5321 σθης
2190 5252 2289 5322 τῆς
2326 5252 2609 5322 μάστιγος.

2101 5345 2235 5415 Σκιᾷ
2268 5344 2363 5397 καὶ
2387 5343 2565 5413 τροχῷ
2592 5343 2663 5398 τὰ
2702 5344 2921 5417 λυπηρά
2964 5346 3059 5399 τοῦ
3096 5346 3214 5417 βίου
3242 5346 3339 5400 καὶ
3385 5348 3608 5417 τάφαιο

2027 5436 2128 5506 δρά
2161 5434 2480 5505 παράϐαλλε
2510 5449 2523 5462 ·
2550 5434 2621 5498 ὡς
2655 5435 2764 5507 γὰρ
2792 5437 2919 5490 σκιά
2947 5438 3008 5491 ού
3042 5437 3217 5508 μένει,
3248 5437 3343 5490 καὶ
3378 5437 3458 5501 ὡς
3486 5453 3603 5507 τρο⁸

2030 5526 2124 5597 χδς
2161 5526 2431 5581 κυλίεται.
3092 5530 3093 5535 “

2114 5620 2223 5673 Ἀεὶ
2260 5622 2593 5689 προκόπτειν
2628 5618 2767 5676 κατά
2797 5619 2928 5674 Θεὸν
2957 5616 3253 5685 σπούδαζε.
3296 5617 3356 5672 'O
3383 5617 3489 5689 γάρ
3512 5635 3602 5688 μι-
