3808 6226
252 291 383 359 1261

1456 295 1719 357 (ΣΑΡΙΤΑ
1758 297 2269 365 PAR/ENETICA.

3336 314 3467 379 I262

235 412 358 483 κρῴ
379 412 471 465 ἐπὶ
498 410 695 482 μικρὸν
720 406 1033 479 προστιθεὶς
1055 404 1281 459 πλουτον
1301 403 1463 458 καλὸν
1486 408 1801 479 καταϐραχὺ

1947 414 2051 468 uim
2082 416 2297 471 modico
2338 417 2562 484 addens,
2599 419 2746 476 brevi
2780 420 2992 493 colliget
3015 422 3228 480 divitias
3251 427 3320 481 ab
3346 444 3469 483 omi-

239 504 512 572 ουλλέγει,
553 504 707 575 παρὰ
740 504 959 557 πάντων
987 502 1340 573 ζητούμενον.

316 598 378 649 Εἰ
424 595 605 666 βούλει
653 595 756 664 τῆς
794 594 1068 658 κολάσεως
1117 594 1375 664 ἐκφυγεῖν
1428 592 1489 646 τὸ
1528 593 1806 658 ἐπίπονον,

242 689 449 759 μηδένα
473 687 604 740 ποτέ
627 686 965 759 λοιδορήσῃςο
985 688 1049 739 ἐκ
1070 685 1260 740 τούτου
1286 684 1394 755 γὰρ
1411 684 1469 737 τὺ
1491 684 1644 737 θεῖον
1670 700 1808 754 παρ-

238 778 509 844 οξύνεται.

312 867 377 920 Ei
402 866 576 930 θέλεις
610 867 674 920 ἐκ
704 864 799 919 τοῦ
828 866 979 920 οῐκου
1018 882 1111 919 σου
1149 866 1445 932 ἀποδιῶξαι
1489 859 1670 922 πᾶσαν
1698 868 1808 937 μά-

240 976 425 1029 στιγα,
462 960 538 1031 μὴ
573 958 968 1029 κακολογήσεις
989 959 1261 1029 ὁμόφυλον
1288 958 1572 1032 ἄνθρωπον
1596 976 1612 995 ο
1644 962 1673 1014 6
1698 961 1806 1033 γὰρ

235 1050 474 1121 ποιήσας
501 1048 685 1113 αὐτὸν,
714 1047 940 1111 εἰκότως
966 1047 1355 1119 παροξύνεται.

314 1229 383 1284 El
405 1228 582 1292 θέλεις
605 1226 789 1298 πάσης
812 1226 1085 1298 ἁμαρτίας
1110 1226 1380 1299 άνώτερος
1397 1223 1554 1293 εἶναι,
1578 1228 1807 1300 πράξεις

234 1318 524 1389 ἀλλοτρίας
554 1319 629 1391 μὴ
659 1318 1049 1388 καταμάνθανε
1070 1333 1087 1349 ⁶
1115 1318 1284 1373 πολλὰ
1312 1318 1421 1391 γὰρ
1451 1321 1589 1374 είσὶν
1612 1324 1670 1375 ἐν
1699 1322 1803 1389 σοὶ,

236 1412 330 1479 ἀφ’
354 1403 430 1464 ὧν
458 1410 643 1480 ἕτερον
676 1407 1103 1479 ὑπολαμϐάνεις.

302 1498 477 1568 Φεῦγε
518 1499 619 1569 τὴν
666 1496 1070 1568 ὑπερηφανίαν,
1115 1490 1160 1550 ὦ
1192 1495 1469 1570 ἄνθρωπε,
1502 1496 1607 1551 κᾶν
1641 1497 1805 1551 πλού-

236 1599 351 1656 σιος
372 1589 430 1664 ᾖ,
470 1586 680 1663 μήποτε
700 1589 792 1644 τὸν
823 1590 956 1643 Θεὸν
984 1590 1443 1661 ἀντιτασσόμενον
1475 1591 1639 1657 ἕξεις.

301 1684 449 1737 Φίλει
477 1683 577 1754 τὴν
607 1682 1126 1754 ταπεινοφροσύνην,
1158 1681 1262 1738 κᾶν
1297 1684 1468 1754 μέγας
1514 1684 1800 1756 ὑπάρχεις,

236 1776 324 1831 ἵνα
347 1775 570 1847 ύψωθῇς
599 1776 659 1828 ἐν
691 1776 876 1847 ἡμέρα
904 1773 1160 1845 κρίσεως.

302 1869 397 1938 Μὴ
426 1867 649 1939 σκώψῃς
702 1868 1012 1938 ἄνθρωπον,
1056 1867 1151 1921 καὶ
1194 1867 1385 1938 μῶμον
1422 1869 1524 1940 οὐχ
1567 1867 1709 1934 ἕξεις
1743 1871 1801 1923 ἐν

230 1959 383 2029 πάσῃ
417 1957 530 2030 ζωῇ
560 1975 676 2014 σου.

303 2046 480 2100 Ὀταν
530 2048 588 2100 ἐν
658 2045 960 2117 Ἐκκλησία
1002 2046 1295 2118 ὑπάρχεις,
1324 2048 1400 2119 μὴ
1426 2049 1760 2120 μετεωρίζου
1786 2067 1799 2082 ο

230 2138 466 2192 ἐνώπιον
511 2138 620 2211 γάρ
654 2137 917 2209 βασιλέως
959 2138 1009 2193 οί
1061 2139 1329 2207 ἑστῶτες,
1379 2140 1503 2194 οὕτε
1550 2141 1801 2210 γελῶσιν,

228 2230 355 2284 οὔτε
388 2228 828 2301 μετεωρίζονται.

308 2323 402 2395 Μὴ
452 2323 785 2393 καταφρόνει
845 2321 944 2392 τῆς
972 2320 1118 2392 ζωῆς
1175 2338 1291 2389 σου,
1328 2322 1423 2375 καὶ
1496 2322 1805 2396 ἀδιαφόρως

229 2418 442 2487 πρᾶττε
492 2416 642 2485 παρὰ
695 2414 788 2469 τὸν
834 2414 1016 2486 νόμον,
1054 2413 1141 2467 ἵνα
1178 2413 1253 2485 μὴ
1296 2413 1448 2485 παρὰ
1493 2415 1658 2485 νόμον
1703 2413 1803 2486 τὴν

229 2504 509 2559 ἀπώλειαν
533 2504 698 2570 ἕξεις.

298 2597 455 2651 Μετὰ
480 2597 659 2666 πάσης
689 2592 988 2662 ἀσφαλείας
1011 2592 1315 2663 μνημόνευε
1336 2591 1445 2647 τῶν
1469 2594 1796 2666 εἰρημένων,

232 2691 325 2745 ἵνα
359 2707 419 2743 σε
456 2688 711 2759 λαμπρὸν
736 2686 816 2757 τῷ
847 2686 948 2758 βίῳ
984 2684 1356 2751 ἀναδείξωσιν.

303 2782 553 2852 Ζήλωσον
603 2780 719 2850 βίον
765 2779 983 2850 σεμνὸν,
1035 2778 1122 2831 ἵνα
1157 2776 1302 2849 ἔχεις
1330 2776 1800 2850 παῤ-ρησίανὲπιρ

233 2874 486 2947 στρέφειν
514 2873 639 2937 τοὺς
668 2873 1104 2945 ἁμαρτάνοντας.

314 2963 637 3035 Ἀσφαλίζου
684 2964 782 3035 τὴν
842 2963 1150 3029 αὐθάδειαν,
1177 2961 1272 3034 ’μὴ
1302 2959 1618 3031 ἐπιπλήξεις
1670 2963 1795 3030 τινὶ,

232 3058 321 3111 ῐνα
361 3056 439 3128 μὴ
469 3055 801 3127 κατακριθῇς
832 3054 908 3119 ώς
930 3054 1398 3126 ὑψηλοφρονήσας.

302 3231 395 3302 Μὴ
423 3230 657 3303 γελάσῃς
689 3232 780 3284 ἐπὶ
807 3220 1055 3302 πτώματι
1079 3229 1289 3301 ἐτέρου,
1320 3229 1407 3285 ῐνα
1430 3230 1506 3303 μὴ
1530 3220 1798 3301 γελασθῇς

226 3322 322 3390 ὑφ’
340 3316 416 3376 ὧν
447 3322 507 3375 ού
542 3321 732 3385 θέλεις.

298 3413 543 3466 Φύλασσε
563 3412 663 3475 τὰς
690 3411 1037 3480 παραινέσεις
1061 3410 1284 3478 ταύτας,
1316 3404 1403 3465 ἵνα
1428 3410 1690 3481 στέφανον
1713 3410 1800 3463 δό-

229 3499 331 3574 ξης
354 3502 723 3573 προξενήσωσί
752 3519 854 3557 σοι.

304 3594 465 3648 Γενοῦ
496 3594 769 3666 ἐγκρατὴς
822 3594 931 3649 τῶν
973 3594 1203 3649 ἐντολῶν
1250 3594 1474 3659 τούτων,
1503 3594 1589 3647 ἵνα
1630 3603 1796 3660 προσ-

228 3684 403 3751 ἀξωσί
433 3701 492 3737 σε
534 3686 749 3757 ἐμφανῆ
790 3688 903 3749 τοῖς
925 3684 1250 3756 ἀνθρώποις,
1284 3686 1377 3738 καὶ
1406 3685 1694 3753 εὐάρεστον
1722 3682 1800 3755 τῷ

228 3773 351 3844 Θεῷ
378 3791 392 3804 ·
420 3773 563 3827 οὕτω
584 3777 691 3845 γάρ
712 3775 901 3845 ἥδεται
925 3775 986 3829 τὸ
1005 3775 1157 3829 Θεῖον
1207 3773 1299 3830 καὶ
1317 3772 1574 3839 τοιούτοις
1605 3789 1800 3844 κατορ-

230 3863 449 3935 θώμασι
474 3865 832 3933 Θεραπεύεται
864 3867 893 3919 6
915 3865 1069 3930 Θεός.

316 3955 429 4008 Ἀεὶ
454 3956 781 4024 προκόπτειν
809 3958 868 4009 ὲν
895 3959 1008 4019 τοῖς
1035 3955 1259 4026 ἀγαθοῖς
1285 3954 1465 4027 ἔργοις
1495 3950 1759 4019 σπούδαζε
1782 3970 1797 3986 ο

227 4040 349 4109 ὁδὸς
376 4046 484 4118 γὰρ
503 4048 582 4109 εἰς
604 4040 852 4118 ἀρετὴν
876 4047 968 4101 τοῦ
997 4046 1111 4117 βίου
1145 4047 1310 4116 φυγή.

1910 503 2072 557 nibus
2094 507 2381 573 expetitas.

1980 593 2101 647 125.
2143 593 2202 649 Si
2237 597 2318 649 vis
2357 597 2607 667 supplicii
2649 600 2885 672 eil‘ugere
2923 604 3259 671 molestiam;
3293 610 3469 665 nemi-

1908 698 2028 737 ncnt
2063 701 2300 754 unquam
2328 689 2594 745 conviciis
2624 691 2861 748 allicies:
2901 709 2969 749 eo
2991 696 3136 750 enim
3183 698 3320 753 Deus
3374 714 3469 754 ex-

1907 788 2205 844 asperatur.
3077 844 3080 847 η

1977 867 2098 923 1215.
2142 868 2197 924 Si
2240 872 2321 925 vis
2367 887 2400 927 e
2448 872 2609 930 domo
2643 884 2735 931 tua
2778 877 3045 946 expellere
3089 893 3249 936 omne
3289 880 3470 952 ﬂagel-

1904 958 2039 1024 lum,
2068 977 2133 1016 ne
2168 963 2466 1021 maledictis
2498 966 2740 1023 incessas
2762 969 3119 1026 contribulem
3152 972 3425 1029 hominem
3452 992 3466 1027 :

1904 1050 1998 1118 qui
2029 1052 2172 1105 enim
2197 1055 2372 1124 ipsum
2408 1057 2611 1113 creavit
2641 1060 2801 1127 Deus,
2836 1063 3035 1118 merito
3072 1064 3140 1119 ad
3167 1063 3301 1119 iram
3338 1081 3468 1136 pro-

1904 1152 2149 1197 vocatur.

1978 1232 2099 1287 127.
2145 1233 2202 1289 Si
2232 1237 2382 1293 omni
2429 1252 2652 1309 peccato
2675 1242 2759 1298 vis
2783 1258 2904 1300 esse
2933 1247 3201 1316 superior,
3235 1264 3321 1303 res
3341 1250 3470 1306 alie-

1905 1340 2003 1378 nas
2032 1341 2098 1380 ne
2142 1328 2361 1386 curiose
2406 1331 2707 1402 inquirite:
2742 1336 2914 1391 multa
2963 1337 3109 1393 enim
3144 1338 3201 1393 in
3231 1349 3283 1395 te
3316 1351 3466 1407 sunt,

1903 1418 1969 1473 de
1990 1420 2189 1488 quibus
2210 1421 2375 1477 alium
2411 1437 2724 1495 suspectum
2754 1428 2942 1485 habes.

1976 1512 2098 1567 128.
2141 1512 2460 1584 Superbiam
2505 1519 2698 1589 fugito,
2735 1536 2769 1576 ο
2807 1522 3013 1590 homo,
3060 1522 3275 1578 etiamsi
3318 1522 3471 1584 dives

1903 1600 2015 1655 sis:
2047 1618 2112 1657 ne
2144 1602 2283 1658 forte
2324 1603 2493 1661 Deum
2526 1608 2815 1664 adversum
2851 1611 2951 1667 tibi
2983 1612 3207 1670 habeas.

1974 1691 2094 1748 129.
2137 1694 2307 1765 Dilige
2360 1696 2754 1764 humilitatem,
2810 1701 3025 1758 etiamsi
3071 1720 3299 1778 magnus
3355 1708 3468 1763 sis:

1839 1769 1881 1823 Β
1908 1793 1966 1837 ιιι
1990 1783 2241 1841 exalteris
2276 1786 2331 1840 in
2365 1786 2453 1841 die
2480 1788 2697 1858 judicii.

1955 1874 2100 1929 150.
2140 1872 2464 1933 Ne‘cavillis
2492 1890 2645 1949 petas
2673 1880 2973 1949 hominem,
3008 1892 3062 1940 et
3090 1886 3471 1957 reprehensio-

1906 1978 2030 2017 nem
2060 1979 2168 2019 non
2202 1965 2451 2024 incurres
2485 1970 2539 2024 in
2564 1971 2714 2025 omni
2744 1973 2851 2027 vita
2884 1982 2994 2028 tua.

1978 2052 2099 2107 151.
2139 2054 2275 2108 Cum
2298 2057 2518 2113 exsistis
2552 2059 2606 2113 in
2630 2062 2880 2125 ecclesia,
2906 2078 2974 2119 ne
2994 2063 3220 2121 eleveris
3245 2085 3258 2121 :
3285 2083 3470 2126 coram

1906 2156 2031 2214 rege
2064 2145 2208 2199 cnlm
2256 2157 2462 2205 stantes
2489 2165 2663 2220 neque
2694 2154 2890 2221 rident,
2921 2172 3096 2226 neque
3128 2155 3466 2230 superbiunt.

1977 2302 2099 2358 152.
2141 2302 2220 2357 Ne
2260 2305 2587 2375 negligenter
2614 2307 2815 2364 habeas
2846 2321 3011 2366 vutatu
3052 2323 3219 2378 tuam,
3258 2331 3356 2370 nec
3388 2327 3470 2371 te-

1905 2406 2054 2447 mere
2086 2403 2269 2448 contra
2298 2395 2469 2465 legem
2490 2395 2687 2453 facito:
2717 2414 2787 2455 ne
2814 2412 3005 2458 contra
3043 2405 3210 2474 legem
3241 2404 3468 2473 faciens,

1902 2485 2196 2553 perniciem
2219 2486 2493 2554 incurras.

1975 2576 2098 2630 155.
2139 2575 2346 2634 Memor
2392 2580 2469 2636 sis
2504 2580 2699 2637 horum
2748 2594 3134 2655 praeceptorum
3166 2592 3287 2644 eum
3320 2591 3469 2646 omni

1901 2667 2111 2735 studio,"
2136 2676 2197 2724 ut
2222 2681 2272 2726 te
2300 2662 2509 2726 clarum
2536 2672 2591 2727 in
2618 2673 2731 2728 vita
2762 2676 3008 2732 reddant.

1973 2760 2096 2816 151.
2136 2761 2332 2817 Puram
2381 2764 2666 2820 annulator
2695 2765 2881 2833 vitam,
2911 2778 2970 2823 ut
3007 2769 3207 2826 habeas
3240 2772 3463 2829 liberam

1900 2859 2221 2920 potestatem
2238 2848 2565 2925 increpandi
2594 2866 2903 2926 peccantes.

1970 2942 2093 2998 155.
2133 2944 2304 3015 Abige
2360 2960 2393 3000 a
2442 2954 2493 3001 te
2540 2950 2965 3015 contumaciam,
3023 2966 3200 3021 neque
3250 2952 3467 3024 increpa

1898 3048 2227 3104 quemquam
2265 3046 2485 3103 temere,
2532 3052 2602 3094 ne
2646 3040 3027 3097 condemneris
3066 3051 3127 3097 ut
3156 3045 3470 3115 arrOgantia

1823 3101 1869 3164 (ἶ
1898 3101 2135 3183 inﬂatus.

1972 3219 2094 3273 156.
2132 3217 2189 3272 In
2214 3220 2438 3276 alterius
2472 3219 2774 3280 infortunio
2802 3239 2868 3279 ne
2892 3224 3090 3292 rideas,
3108 3190 3201 3282 [ne
3241 3228 3468 3287 ridearis

1900 3323 1930 3362 a
1956 3310 2153 3379 quibus
2178 3327 2286 3367 non
2328 3314 2460 3369 velis

1972 3398 2092 3452 157.
2133 3398 2369 3455 Observa
2400 3401 2804 3461 admonitiones
2831 3406 2984 3474 istas,
3012 3420 3069 3465 ut
3091 3425 3348 3466 coronam
3370 3412 3465 3467 tibi

1900 3479 2087 3555 gloria:
2115 3488 2406 3545 concilient

1972 3575 2095 3630 158.
2134 3575 2220 3631 Sis
2259 3578 2557 3634 observans
2606 3582 2801 3637 ltorum
2854 3595 3271 3656 praeceptorum,
3312 3599 3369 3643 ut
3413 3598 3466 3643 tc

1901 3660 2109 3723 clarum
2157 3668 2395 3724 efﬁciant
2443 3673 2777 3741 hominibus,
2811 3684 2864 3729 et
2891 3686 3173 3747 acceptum
3218 3679 3359 3732 Deo:
3387 3681 3465 3734 ait:

1899 3759 2046 3814 enim
2074 3761 2273 3832 gaudio
2311 3755 2541 3819 aﬂicitur
2582 3766 2741 3833 Deus,
2776 3776 2831 3823 et
2872 3760 3183 3840 ltujusntodi
3213 3773 3466 3841 operibus

1901 3851 2098 3906 colitur
2132 3852 2293 3908 Deus.

1972 3943 2094 3998 159.
2139 3945 2364 4015 Semper
2411 3947 2675 4017 proiicere
2731 3950 2782 4005 in
2830 3952 2986 4008 bonis
3041 3954 3299 4024 operibus
3348 3967 3465 4009 stu-

1901 4035 2064 4090 deto:
2098 4037 2282 4091 saeculi
2326 4039 2472 4093 enim
2500 4039 2646 4110 fuga,
2679 4043 2762 4097 via
2798 4042 2975 4099 estad
3022 4046 3299 4111 virtutem,
3336 4058 3463 4109 ctc.,

1909 4138 1965 4181 ut
1984 4145 2143 4194 supra
2172 4129 2275 4184 col.
2313 4128 2452 4186 1259
2481 4131 2522 4186 C
2556 4148 2727 4203 usque
2755 4136 2819 4190 ad
2854 4143 3003 4190 nutn.
3029 4134 3115 4191 98.

725 4264 1004 4335 Sequente:
1029 4277 1144 4322 octo
1176 4266 1459 4321 sententias
1490 4265 1651 4321 edidit
1686 4263 1969 4320 Suaresius
2001 4266 2056 4319 in
2090 4264 2316 4320 Πίθωνι.
2341 4268 2403 4321 de
2431 4284 2553 4338 opp.
2590 4267 2728 4337 Nili,
2755 4285 2808 4340 p.
2842 4269 2965 4325 625.

301 4404 584 4475 Μακάριος
615 4405 644 4459 6
676 4403 768 4459 τὸν
808 4403 921 4475 βίον
974 4398 1173 4476 ὑψηλὸν
1226 4404 1386 4476 ἔχων,
1438 4404 1695 4459 ταπεινὸν
1735 4405 1794 4459 δὲ

1968 4403 2187 4471 Beatus,
2208 4406 2301 4483 qui
2328 4406 2493 4461 vitam
2528 4406 2689 4462 habet
2714 4407 3023 4473 sublimem,
3050 4411 3308 4465 humilem
3339 4427 3467 4469 vero

229 4496 510 4570 φρόνημα.
538 4495 769 4567 Χριστὸν
803 4497 913 4567 γὰρ
949 4499 1216 4567 μιμεῖται,
1242 4498 1337 4550 καὶ
1366 4495 1528 4567 αὐτῷ
1566 4494 1801 4565 συγκαθ-

234 4594 437 4646 ίσεται.

304 4682 589 4754 Μακάριος
621 4673 682 4734 οὗ
705 4681 804 4751 τῆς
828 4680 1072 4749 γλώττης
1103 4680 1132 4732 ό
1161 4679 1323 4749 νόμος
1352 4679 1451 4732 οὐκ
1479 4677 1796 4747 ἀφίσταταιο

227 4774 424 4829 τούτου
460 4773 568 4843 γὰρ
598 4772 696 4843 τῆς
721 4772 922 4843 σκηνῆς
942 4772 970 4823 6
997 4770 1127 4833 Θεὸς
1153 4772 1213 4824 ού
1244 4770 1552 4840 χωρίζεται.

303 4864 589 4935 Μακάριος
608 4866 637 4917 6
658 4862 882 4925 πολλοὺς
904 4860 1157 4913 εύποιῶν·
1182 4859 1408 4923 πολλοὺς
1427 4861 1536 4931 γὰρ
1555 4859 1802 4930 εὑρίσκει

229 4948 565 5022 own-{6906;
598 4952 933 5023 κρινόμενος.

305 5044 590 5115 Μακάριος
633 5046 661 5097 ό
696 5044 771 5115 μὴ
802 5042 1034 5096 νοθεύων
1072 5041 1292 5113 ἀρετήν·
1321 5041 1415 5096 τοῦ
1462 5043 1652 5123 κριτοῦ
1695 5042 1805 5112 γὰρ

228 5139 295 5191 τὸ
322 5136 487 5189 πτύον
510 5137 608 5189 οὐκ
630 5136 975 5208 ἐμπαίζεται.

306 5229 591 5301 Μακάριος
647 5229 677 5281 6
738 5229 836 5294 τὰς
896 5228 1093 5283 ἑαυτοῦ
1122 5227 1350 5302 πράξεις
1404 5227 1801 5299 κατακοσμῶν

228 5320 423 5393 μέλλει
464 5324 573 5394 γὰρ
617 5322 728 5393 πῦρ
791 5322 1121 5393 ἀναφθῆναι,
1168 5316 1213 5391 ᾧ
1254 5322 1325 5375 τά
1355 5322 1533 5376 πάντα
1569 5322 1797 5393 δοκιμά-

226 5417 409 5483 ζεται.

306 5507 590 5578 Μακάριος
615 5507 644 5559 6
675 5506 918 5561 σπεύδων
944 5506 1085 5577 πρὸς
1127 5505 1225 5575 τὴν
1268 5503 1427 5574 ζωὴν.
1450 5506 1548 5576 τὴν
1577 5504 1801 5576 μέλλου-

226 5616 357 5657 σανο
391 5600 458 5654 τὰ
485 5600 728 5672 παρόντα
756 5601 864 5671 γὰρ
886 5598 999 5663 ὄζει
1035 5597 1259 5668 φθορᾶς,
1291 5598 1383 5652 καὶ
1415 5596 1548 5667 πρὸς
1576 5596 1801 5652 θάνατον

227 5695 403 5749 ἕλκει.

1901 4495 2067 4550 animi
2116 4512 2358 4552 sensum.
2407 4496 2686 4552 Christum
2737 4499 2882 4553 enim
2929 4500 3191 4565 imitatur,
3238 4511 3293 4555 et
3341 4517 3467 4557 cum

1900 4588 2017 4657 ipse
2062 4587 2383 4643 considebit.
3128 4586 3133 4591 ’

1975 4677 2191 4742 Beatus,
2240 4679 2398 4750 cujus
2444 4696 2475 4734 a
2521 4681 2703 4753 lingua
2748 4682 2831 4737 lex
2864 4697 2969 4737 non
3009 4683 3213 4746 deticit.
3242 4682 3311 4739 ab
3348 4685 3469 4755 ejus

1900 4772 2048 4828 enim
2080 4770 2428 4827 tabernaculo
2450 4773 2592 4828 Deus
2621 4790 2731 4828 non
2758 4785 3061 4844 separatur.

1973 4859 2186 4926 Beatus,
2222 4861 2315 4930 qui
2361 4862 2547 4917 multis
2576 4861 2876 4916 beneﬁcum
2909 4878 2967 4917 se
2997 4871 3235 4932 praestat,
3270 4864 3467 4919 multos

1902 4949 2100 5017 quippe
2127 4947 2333 5003 invenit
2356 4949 2667 5014 advocatos,
2697 4950 2824 5004 dum
2853 4949 3153 5019 judicatnr.

1972 5036 2203 5103 Beatus,
2254 5039 2346 5108 qui
2408 5055 2515 5094 non
2577 5044 2878 5112 corrumpit
2925 5044 3220 5108 virtutem,
3263 5044 3468 5115 judicis

1903 5130 2045 5186 enim
2078 5132 2435 5187 ventilabtum
2467 5150 2575 5187 non
2608 5135 2867 5190 illuditur.

1977 5221 2195 5288 Beatus,
2222 5224 2317 5295 qui
2346 5240 2475 5279 suos
2496 5236 2653 5280 actus
2679 5226 2928 5293 adornat,
2966 5228 3296 5283 accendatur
3323 5232 3467 5284 enim

1900 5313 2067 5385 ignis,
2086 5330 2198 5385 quo
2225 5315 2523 5386 probantur
2552 5318 2755 5371 omnia.

1974 5491 2173 5548 Beatus
2203 5493 2295 5564 qui
2342 5493 2562 5549 festinat
2605 5497 2671 5550 ad
2703 5497 2866 5551 vitam
2908 5496 3184 5561 futuram,
3227 5500 3467 5554 redolt-ni

1903 5599 2109 5655 quippe
2156 5586 2441 5655 praesentia
2493 5590 2927 5659 corruptionem,
3001 5599 3055 5645 et
3113 5591 3180 5646 ad
3244 5605 3471 5649 mortem

1906 5684 2149 5738 trahunt.
