3808 6226
308 334 452 402 1365

1802 354 2078 416 SERMO.

3418 363 3553 441 1266

302 462 420 499 των
463 446 675 516 κτῆσιν,
728 450 1036 520 προκόψασι
1074 453 1153 517 δὲ,
1199 456 1293 509 καὶ
1319 457 1417 527 τὴν
1451 458 1656 513 τούτων
1700 458 1885 514 λοιπὸν

1992 464 2150 529 riam,
2199 465 2403 521 talibus
2441 470 2710 523 emulceat
2750 470 2927 524 verbis
2958 472 3127 526 emitr
3151 474 3553 547 diiiicult'atem‘;

305 538 413 590 οὐκ
445 539 848 609 ἐπιδεχομένοις
880 542 1104 617 βλάϐην,
1150 548 1432 620 ἐπιτρέπει
1464 551 1673 617 τούτοις
1718 552 1887 617 ἀδεῶς

308 628 471 696 αὖθις
500 634 819 706 κεχρῆσθαι,
860 638 959 693 οὐκ
986 640 1066 695 ἐτι
1096 644 1238 699 κατὰ
1266 645 1391 708 τοὺς
1425 647 1651 711 πολλοὺς
1678 648 1756 719 τῷ
1785 652 1887 718 ἁρ-

308 727 490 795 γυρίῳ
526 729 1014 801 προσπάσχοντας,
1059 734 1177 788 οὐδὲ
1238 738 1572 808 νικωμένους
1625 740 1889 810 φιλαργυο

310 816 441 886 ρίας
470 818 676 892 ἀπάτῃ,
724 824 889 893 φησὶν
937 825 1030 878 καί
1056 844 1069 857 ·
1126 845 1145 879 ι
1184 828 1352 883 Ὅταν
1400 831 1695 885 ἀπέστειλα
1748 834 1889 902 ὑμᾶς

310 909 486 977 χωρὶς
514 909 799 979 βαλαντίου
842 916 935 968 καὶ
965 917 1167 987 πήρας,
1223 921 1297 990 μή
1332 938 1477 986 τινος
1511 922 1885 994 ύστερήσατες

310 996 414 1049 νῦν
440 998 498 1051 δὲ
527 999 668 1068 λέγω
695 1002 843 1073 ύμῖνο
887 1005 945 1058 '0
990 1006 1129 1077 ἔχων
1160 1008 1465 1076 βαλάντιον,
1511 1010 1745 1076 λαϐέτω,
1796 1012 1890 1065 καὶ

310 1090 504 1159 πήραν
553 1093 771 1163 ὁμοίως.
812 1114 833 1147 ι
877 1098 1025 1152 Ἔδει
1057 1099 1167 1169 γάρ
1194 1101 1389 1164 αὐτοὺς
1426 1103 1484 1156 ἐν
1531 1104 1671 1174 ἀρχῇ
1724 1105 1891 1174 μηδὲν

310 1181 781 1253 ἐπιφερομένους,
829 1191 1025 1260 πεῖραν
1070 1189 1257 1245 λαϐεῖν
1285 1193 1385 1263 τῆς
1425 1193 1520 1247 τοῦ
1569 1196 1889 1249 διδασκάλου

310 1272 620 1344 δυνάμεως,
668 1280 1053 1353 σχεδιαξούσης
1093 1285 1276 1348 αὐτοῖς
1316 1286 1663 1357 καθεκάστην
1692 1290 1890 1359 ἀμερί-

318 1382 471 1434 μνως
501 1367 600 1436 τὴν
630 1370 823 1439 χρείαν
857 1372 952 1425 τοῦ
1001 1374 1269 1445 σώματος.
1322 1380 1397 1433 Οὐ
1433 1380 1592 1449 μόνον
1620 1381 1676 1433 δὲ
1709 1382 1889 1447 τοῦτο,

312 1458 455 1512 ἀλλά
500 1461 591 1514 καὶ
639 1462 700 1514 τὸ
733 1464 838 1533 πρὸ
889 1467 1085 1536 μικροῦ
1131 1471 1441 1541 εἰρημένον,
1486 1474 1574 1526 ἵνα
1611 1475 1891 1543 ἐγγυμνα-

316 1550 537 1614 σθέντες
569 1554 636 1622 τῇ
667 1553 1038 1628 ἀκτημοσύνῃ,
1068 1558 1181 1624 ἕξιν
1215 1560 1419 1631 ταύτης
1456 1562 1662 1616 λάϐωσι
1691 1564 1891 1635 δυσμε-

310 1642 625 1712 τακίνητον,
654 1645 713 1697 τὸ
734 1647 1083 1716 ἀπροσπαθές
1109 1653 1319 1716 ἑαυτοῖς
1346 1656 1466 1706 κατ’
1490 1656 1667 1723 ὀλίγον
1696 1674 1891 1728 κατορ-

310 1732 608 1799 θώσαντες,
639 1736 725 1791 διά
749 1737 846 1809 τὴν
876 1741 1106 1805 πολλοὺς
1134 1744 1475 1799 ἀπολέσασαν
1498 1747 1885 1818 φιλαργυρίαν.

312 1824 463 1895 Αὕτη
510 1827 638 1898 γάρ,
685 1830 779 1882 καὶ
830 1830 921 1885 τὸν
975 1834 1177 1887 Ἰούδαν
1227 1837 1306 1898 είς
1350 1837 1409 1889 τὸ
1456 1839 1556 1909 τῆς
1600 1843 1889 1911 προδοσίας

311 1915 584 1969 κατέϐαλε
634 1918 942 1991 βάραθρον,
987 1923 1303 1978 ἐνεθίσαντα
1354 1931 1465 1991 τοῖς
1503 1931 1780 1999 χρήμασιν
1823 1935 1888 1987 ἐκ

310 2005 407 2057 τοῦ
441 2011 796 2064 πεπιστεῦθαι
822 2013 884 2065 τὸ
912 2015 1013 2084 τῆς
1044 2016 1313 2081 διακονίας
1340 2022 1446 2073 τῶν
1477 2024 1682 2076 πιστῶν
1709 2024 1886 2093 γλωσ-

310 2097 568 2167 σόκομον.

1988 558 2134 626 quod
2183 558 2389 612 scilicet
2436 562 2695 630 apostolis
2746 564 3126 634 incipientibus
3170 570 3387 637 quidem
3444 576 3557 643 pie-

1991 649 2116 702 tatis
2168 649 2460 719 cultusque
2499 651 2667 705 divini
2698 654 2935 707 studium
2985 654 3245 711 Dominus
3274 670 3556 728 pauperta—

1989 747 2097 793 tem
2132 738 2432 804 mandavit,
2478 741 2665 796 volens
2719 753 2777 796 ut
2806 744 2905 797 soli
2950 750 3563 804 vacarentrdivinarnm

1988 827 2401 897 disciplinarum
2452 830 2809 896 meditationi,
2866 833 3153 903 sciensque
3186 837 3553 906 imperfectiu-

1987 921 2141 976 ribus
2172 921 2532 989 periculosam
2571 937 2690 978 esse
2733 926 3080 994 pecuniarum
3128 930 3553 996 possessionem;

1988 1023 2045 1068 at
2080 1014 2191 1083 jam
2220 1030 2567 1084 progressum
2608 1016 2951 1083 facientibus,
2994 1035 3307 1090 noxamque
3332 1038 3396 1075 ex
3449 1024 3555 1078 illis

1989 1105 2056 1160 de
2089 1116 2285 1160 ca’tero
2319 1107 2520 1161 nullam
2557 1109 2987 1175 admittentibus,
3022 1114 3313 1181 permittit,
3339 1125 3395 1167 ut
3426 1116 3556 1184 ipsis

1990 1200 2216 1255 licenter
2270 1200 2598 1269 impuneque
2652 1200 2846 1255 iterum
2913 1212 3153 1269 utantur,
3206 1215 3413 1274 utpote
3463 1208 3556 1275 qui

1992 1304 2103 1343 non
2133 1290 2365 1359 amplius
2395 1290 2478 1359 (ut
2508 1291 2659 1344 multi
2688 1293 2946 1361 assolent)
2977 1304 3198 1362 argento
3224 1297 3575 1351 adhaeresceo

1990 1381 2121 1436 bant
2171 1396 2293 1435 cum
2338 1381 2611 1450 passione,
2651 1397 2824 1450 neque
2854 1384 2922 1436 ab
2966 1385 3208 1438 avaritiae
3240 1384 3560 1455 deceptione

1992 1471 2382 1536 vincebantur;
2412 1481 2465 1524 et
2502 1471 2611 1524 ait:
2670 1491 2685 1522 ι
2718 1472 2945 1537 Quando
2994 1474 3118 1527 misi
3152 1491 3245 1528 vos
3278 1475 3395 1529 sine
3437 1492 3559 1531 sae-

1989 1561 2134 1623 culo,
2168 1569 2222 1614 et
2253 1576 2400 1629 pera,
2438 1562 2681 1631 nunquid
2728 1562 2930 1630 aliquid
2972 1562 3142 1617 defuit
3191 1565 3381 1619 vobis?
3412 1582 3581 1620 nune

1991 1660 2169 1705 autem
2211 1652 2333 1704 dico
2374 1651 2549 1714 vobis,
2583 1651 2675 1720 qui
2724 1650 2885 1704 habet
2931 1653 3208 1706 sacculum
3248 1655 3478 1723 accipiat
3508 1666 3565 1709 et

1995 1759 2176 1813 peram
2208 1744 2544 1798 similiter".
2567 1762 2584 1793 ι
2604 1743 3109 1815 Oportebatquippe
3128 1746 3272 1814 ipsos
3300 1748 3452 1800 initio
3477 1750 3561 1801 ni-

1998 1836 2071 1888 hil
2130 1836 2600 1897 circumferendo,
2647 1837 3033 1904 experientiam
3082 1836 3261 1891 facere
3321 1838 3561 1908 Magistri

1994 1927 2282 1994 potentiae,
2326 1943 2448 1994 quae
2493 1928 2622 1995 ipsis
2666 1944 3006 1997 quaecunque
3042 1941 3197 1983 erant
3224 1930 3466 1999 quotidie
3495 1932 3563 1983 ad

1993 2025 2239 2092 corporis
2270 2021 2618 2089 indigentiam
2648 2022 2952 2075 necessaria
2972 2063 2987 2088 ,
3020 2021 3466 2077 subministrabat
3496 2039 3560 2075 ex

1993 2125 2255 2184 tempore.
2289 2112 2485 2166 Verum
2514 2128 2618 2165 non
2647 2113 2821 2165 solum
2859 2113 2982 2178 hoc,
3017 2113 3109 2167 sed
3140 2121 3195 2168 et
3230 2114 3373 2183 quod
3408 2114 3566 2183 paulo

308 2197 439 2241 ante
477 2189 680 2246 dictum
717 2192 838 2259 fuit,
875 2205 933 2249 ut
973 2199 1230 2253 nimirum
1262 2206 1593 2271 paupertatis
1627 2209 1884 2264 exercitio
1920 2210 2154 2282 probati,
2186 2207 2349 2276 hujus
2402 2204 2647 2257 habitum
2687 2214 3085 2274 compararent,
3114 2206 3207 2274 qui
3271 2207 3557 2266 diliicuziter

308 2284 512 2336 ululari
568 2295 773 2354 posset,
830 2288 1185 2362 sibimetipsis
1233 2294 1484 2363 paulatim
1538 2299 1879 2367 perlicientes
1922 2304 2239 2373 passionum
2270 2299 2592 2363 carentium,
2629 2308 2848 2368 propter
2904 2300 3214 2361 avaritiam,
3256 2316 3377 2369 qua:
3455 2306 3566 2372 plu-

309 2375 486 2429 rimos
566 2378 834 2445 perdidit;
899 2380 1014 2449 ipsa
1043 2398 1274 2453 namque
1312 2396 1366 2439 et
1399 2384 1594 2441 Jmlam
1644 2391 1697 2443 in
1745 2391 1952 2448 foveam
1994 2394 2315 2465 proditionis
2350 2393 2457 2461 egit
2505 2390 2855 2460 praecipitem,
2892 2394 3138 2461 pecuniis
3162 2397 3555 2460 assuel'actum,

304 2480 377 2519 ex
402 2482 467 2521 eo
495 2467 639 2537 quod
669 2468 771 2536 ipsi
800 2473 1136 2541 marsupium
1162 2475 1449 2530 ministerii
1482 2478 1719 2535 lidelium
1750 2483 1941 2539 fuisset
1966 2484 2363 2540 concreditum.

918 2610 1167 2663 ΚΕΦΑΛ.
1197 2612 1270 2665 B'.

383 2743 497 2795 Ούκ
517 2737 632 2796 οἶδα
661 2744 717 2796 δὲ
739 2745 947 2809 λοιπὸν,
982 2747 1110 2815 περὶ
1136 2747 1250 2808 τοῦ,
1288 2770 1305 2800 ι
1346 2751 1405 2802 'U
1438 2750 1576 2821 ἔχων
1605 2753 1880 2825 μάχαιραν

309 2833 545 2893 λαϐέτω,
577 2836 671 2887 καὶ
698 2838 724 2888 ὁ
756 2836 830 2907 μὴ
857 2835 996 2906 ἔχων
1029 2837 1339 2909 πωλησάτω
1382 2842 1443 2895 τὸ
1514 2844 1726 2912 ἱμάτιον
1784 2846 1880 2899 αύ-

309 2924 432 2989 τοῦ,
472 2926 563 2978 καὶ
584 2926 909 2996 ἀγορασάτω
940 2929 1235 3000 μάχαιραν,
1285 2952 1304 2983 ι
1339 2933 1453 2997 πῶς
1480 2937 1879 3007 ἀπολογήσεται

2604 2612 2831 2668 CAPUT
2893 2611 2961 2669 ll.

2059 2751 2321 2801 Caeterum
2407 2747 2552 2799 circa
2619 2751 2760 2809 hoc,
2801 2762 2821 2793 ι
2893 2744 2997 2809 Qui
3073 2745 3233 2799 habet
3284 2748 3561 2816 gladium,

1988 2849 2251 2904 assumat,
2312 2848 2367 2891 et
2427 2838 2519 2906 qui
2599 2854 2703 2889 non
2771 2837 2952 2901 habet,
3016 2839 3215 2892 vendat
3271 2840 3565 2893 vestimen-

1990 2941 2102 2985 tum
2148 2946 2343 2992 suum,
2378 2938 2432 2982 et
2484 2936 2630 2982 emat
2673 2928 2907 2998 gladium
2934 2969 2949 2993 ,
2985 2948 3003 2979 ι
3029 2930 3214 2983 nescio
3272 2948 3560 3000 qnanmam

306 3016 465 3084 ὁτῆς
518 3018 761 3088 ἱστορίας
804 3020 1203 3091 προϊστάμενος
1246 3024 1554 3095 εἰρηνικοὺς
1598 3022 1736 3081 εἶναι
1786 3028 1877 3080 τοῦ

1992 3022 2313 3074 ilefensivam
2397 3019 2804 3088 responsionem
2896 3021 3084 3085 dabit,
3155 3022 3249 3091 qui
3326 3023 3561 3077 litteram

313 3107 546 3178 Κυρίου,
608 3110 705 3162 καὶ
750 3112 1015 3174 ἐπιεικεῖς
1063 3115 1337 3182 πανταχοῦ
1391 3115 1715 3186 βουλομένου
1749 3120 1875 3178 τοὺς

315 3199 591 3269 μαθητάς.
618 3200 753 3271 Φέρε
783 3202 846 3272 δὴ
870 3199 963 3255 οὖν
985 3203 1203 3273 ἴδωμεν,
1241 3206 1356 3267 πῶς
1397 3206 1457 3259 τὸ
1494 3209 1624 3261 αὐτὸ
1650 3210 1882 3278 προστάς

308 3305 452 3357 γμα,
487 3289 818 3357 σωματικῶς
853 3291 971 3360 μὲν,
1004 3291 1097 3344 καὶ
1124 3295 1260 3362 πρὸς
1301 3294 1448 3360 λέξιν
1502 3296 1653 3348 ἐστὶν
1684 3296 1881 3350 ἀδύνα-

308 3395 426 3445 τον,
454 3382 840 3450 πνευματικῶς
889 3382 945 3434 δὲ
994 3385 1090 3436 καὶ
1136 3385 1383 3450 δυνατὸν,
1440 3388 1535 3441 καὶ
1585 3388 1879 3457 ὠφέλιμον.

324 3474 522 3541 Ἐγγὺς
553 3474 644 3527 τοῦ
671 3474 878 3537 πάθους
906 3474 1196 3545 γενόμενος
1223 3478 1251 3529 ὁ
1281 3477 1505 3548 Κύριος,
1540 3480 1633 3532 καὶ
1675 3479 1885 3549 μέλλων

308 3565 393 3634 τῷ
432 3566 650 3636 σταυρῷ
680 3567 1105 3638 προσέρχεσθαι,
1153 3571 1410 3641 ἐπιϐουλῇ
1452 3571 1549 3641 μὲν
1588 3572 1696 3624 τῶν
1749 3573 1882 3624 Ἰου-

304 3656 499 3719 δαίων,
525 3656 720 3729 γνώμῃ
740 3658 797 3711 δὲ
815 3660 990 3729 οἰκείᾳ
1006 3658 1093 3713 διὰ
1120 3660 1216 3731 τὴν
1248 3663 1516 3731 σωτήριον
1547 3664 1881 3733 οἰκονομίαν,

308 3747 485 3802 ταῦτά
547 3765 733 3819 φησιν,
784 3748 1221 3820 παρασκευάζων
1301 3755 1438 3823 πρὸς
1516 3754 1694 3824 μάχην
1752 3755 1881 3817 τοὺς

312 3838 590 3908 μαθητάς,
646 3838 757 3892 τῶν
815 3841 1443 3912 ἀντιπαρατασσομένων
1488 3848 1556 3915 τῇ
1615 3844 1880 3915 ἀληθείᾳ,

317 3932 499 4000 μάχην
564 3932 666 3985 οὐκ
720 3932 1041 4002 ἐρέσχελον,
1095 3932 1332 3986 διάθεσιν
1405 3934 1886 4004 στρατηγουμένην

313 4022 492 4093 θυμῷ,
538 4023 653 4075 ἀλλ’
710 4024 925 4092 ἀγῶνος
996 4025 1232 4094 ἅμιλλαν
1304 4024 1513 4090 ἐνθέου,
1573 4028 1669 4078 καὶ
1726 4024 1886 4094 ζῆλον

309 4115 626 4178 θεοσεϐείας
650 4115 877 4186 ἔχουσαν
902 4118 1320 4187 πεπυρωμένον·
1343 4117 1490 4188 ἐωρα
1515 4117 1623 4190 γὰρ
1645 4118 1746 4188 ἥδη
1762 4119 1888 4182 τοὺς

309 4209 555 4271 ἀναιδεῖς
574 4208 741 4271 κύνας
776 4208 1063 4272 Ἰουδαίους
1083 4210 1410 4273 λυσσῶντας
1444 4210 1585 4263 κατὰ
1614 4211 1716 4280 τῆς
1740 4210 1888 4274 θείας

306 4297 682 4361 διδασκαλίας,
712 4299 806 4351 καὶ
829 4299 1122 4352 καταλύειν
1162 4298 1493 4363 σπεύδοντας
1523 4300 1585 4352 τὸ
1618 4301 1884 4370 σωτήριον

311 4391 599 4460 κήρυγμα,
627 4391 708 4444 διὸ
736 4391 873 4461 πρὸς
892 4392 985 4445 τὸν
1011 4394 1130 4445 κατ’
1168 4393 1397 4446 ἐκείνων
1420 4394 1619 4456 αὐτοὺς
1661 4394 1886 4463 διαίρων

314 4484 527 4551 ἀγῶνα,
558 4484 777 4552 ἀφεῖναι
800 4486 896 4554 μὲν
916 4485 1127 4538 κελεύει
1146 4485 1245 4557 τὴν
1264 4485 1535 4556 προτέραν
1562 4486 1884 4552 ἐπιείκειαν,

311 4575 514 4643 χωρεῖν
549 4572 605 4626 δὲ
640 4575 780 4645 πρὸς
809 4575 1030 4646 ἔλεγχον
1080 4578 1188 4629 τῶν
1234 4577 1562 4647 ἀνατρέπειν
1613 4578 1888 4647 πειρωμὲο

312 4681 424 4717 νων
450 4665 549 4735 τὴν
577 4666 1243 4741 ἀλήθειαν-μαχιμωτέρῳ
1275 4669 1438 4740 λόγῳ.
1460 4670 1632 4738 Χρεία
1656 4671 1753 4739 μὲν
1778 4670 1887 4741 γάρ

315 4753 397 4825 τῷ
428 4755 738 4826 Χριστιανῷ
774 4737 880 4827 πρδ
902 4737 1270 4825 γεάπάντων,
1318 4737 1618 4827 ἀναγκαίου
1656 4737 1888 4830 ἐνδύμαξ

310 4864 427 4910 τος,
480 4848 583 4917 τῆς
641 4850 1029 4920 προσηκούσης
1078 4849 1155 4919 τῷ
1206 4849 1429 4918 ὀνόματι
1474 4851 1882 4916 καταστάσεως.

312 4936 532 5007 Κοσμεί
555 4936 665 5008 γάρ
685 4937 983 5009 ἐνδύματος
999 4939 1097 4991 οὐκ
1120 4938 1339 4993 ἐλαττον
1359 4940 1532 5009 σεμνὴ
1557 4940 1884 5011 καταστολὴ,

312 5028 413 5081 καὶ
436 5024 565 5099 ἦθος
591 5030 831 5093 ἐπιεικὲς
848 5030 937 5083 τὸν
968 5031 1313 5102 Χριστιανὸν,
1335 5032 1491 5102 χρεία
1513 5031 1571 5083 δὲ
1600 5032 1696 5085 καὶ
1716 5031 1887 5100 λόγων

313 5121 670 5191 ἀμυντηρίων
717 5122 775 5176 ἐν
812 5121 992 5192 καιρῷ
1037 5121 1137 5191 τῆς
1183 5122 1316 5192 πρὸς
1363 5122 1488 5186 τοὺς
1540 5124 1886 5195 ἐναντιουμέ-

312 5228 444 5275 νους
476 5213 676 5283 μάχης,
718 5214 807 5266 Ἐν
839 5214 938 5284 μὲν
964 5209 1057 5267 οὖν
1092 5213 1169 5285 τῷ
1219 5214 1418 5285 καιρῷ,
1451 5217 1613 5285 φησὶν
1639 5258 1653 5281 ,
1698 5210 1742 5283 ᾧ
1786 5217 1890 5269 άπ-

314 5303 534 5358 ἑστειλα
562 5306 707 5375 ὑμᾶς
735 5306 795 5358 ἐν
826 5305 903 5375 τῷ
951 5307 1166 5377 Ἰσραὴλ
1212 5306 1563 5370 διδασκάλους
1588 5307 1771 5372 καλῶς
1807 5310 1886 5361 εί-

314 5396 549 5467 ρηνικὴν
620 5398 1001 5452 ἐπεδείκνυσθε
1050 5399 1401 5463 κατάστασιν,
1456 5399 1596 5469 πρὸς
1642 5400 1888 5471 ὑπακοὴν

313 5487 445 5551 τοὺς
466 5488 710 5552 ἀπειθεῖς
752 5490 839 5544 διὰ
876 5493 972 5561 τῆς
998 5490 1252 5561 τοιαύτης
1295 5490 1547 5553 ἕλκοντες
1588 5491 1884 5556 πολιτείας,

316 5579 416 5635 καὶ
448 5579 787 5654 ὑπαγόμενοι
814 5584 952 5655 πρὸς
990 5583 1050 5636 τὸ
1081 5582 1332 5645 εὐπειθὲς
1363 5581 1561 5644 αὐτοὺς
1588 5583 1654 5653 τῇ
1689 5581 1886 5654 ἡμερό-

390 5758 651 5818 “Matth.
683 5777 739 5829 ι,
770 5760 857 5817 Ιθ.
933 5762 979 5796 ⁸⁸
1009 5760 1140 5818 Luc.
1171 5779 1304 5834 uit,
1343 5762 1431 5819 35.

1988 3117 2196 3163 tutatur
2259 3108 2610 3169 historicam;
2678 3122 2800 3160 cum
2863 3107 3122 3163 Dominus
3164 3110 3329 3174 velit,
3375 3110 3563 3178 pacili-

1986 3216 2078 3255 cos
2127 3209 2181 3253 et
2233 3198 2495 3267 benignos
2537 3214 2657 3251 esse
2696 3198 2860 3268 578
2899 3200 3196 3268 discipulos
3231 3202 3559 3270 ubicunque.

1988 3293 2102 3361 Age
2124 3291 2287 3361 igitur
2318 3291 2614 3353 videamus,
2638 3291 2780 3358 quod
2808 3297 3135 3358 praeceptum
3166 3292 3272 3345 hoc
3306 3308 3563 3361 corpora-

1987 3386 2130 3449 liter,
2156 3395 2207 3439 et
2236 3384 2301 3438 ad
2334 3384 2556 3437 verbum
2593 3385 2665 3437 sit
2697 3383 3054 3451 impossibile,
3084 3384 3441 3452 spiritualiter
3461 3402 3561 3439 au-

1988 3490 2116 3542 tem,
2136 3487 2189 3531 et
2214 3476 2491 3547 possibile,
2515 3485 2570 3530 et
2592 3476 2745 3529 utile.
2774 3475 3036 3529 Dominus
3062 3491 3183 3530 cum
3208 3492 3319 3530 suae
3341 3478 3562 3546 pr0pin-

1987 3583 2126 3637 quus
2144 3575 2290 3621 esset
2308 3564 2573 3634 passioni,
2600 3575 2655 3617 et
2674 3564 2741 3617 ad
2763 3578 2979 3618 erucem
3008 3580 3331 3620 accessurus
3350 3565 3415 3619 Ju
3432 3568 3564 3620 heu-

1988 3675 2108 3714 rum
2133 3653 2351 3729 quidem
2389 3658 2622 3720 insidiis,
2652 3665 2708 3711 at
2739 3672 2803 3712 ex
2845 3656 3050 3727 proprii
3092 3658 3257 3711 animi
3292 3659 3560 3712 sententia

1988 3759 2209 3820 propter
2254 3748 2479 3802 humani
2527 3748 2739 3817 generis
2782 3749 3021 3802 salutare
3063 3749 3418 3819 mysterium,
3446 3749 3564 3802 inec

1988 3841 2142 3906 dicit,
2193 3854 2503 3912 praeparans
2543 3840 2611 3894 ad
2657 3840 2900 3909 praelium
2962 3840 3257 3909 discipulos
3307 3842 3564 3893 adversus

1988 3948 2081 3987 eos
2142 3931 2236 4001 qui
2285 3940 2473 3986 contra
2534 3931 2814 3986 veritatem
2874 3934 3136 3987 instructa
3192 3933 3563 3988 consistebant

1990 4026 2143 4089 acie;
2190 4023 2434 4092 prtelium
2488 4022 2755 4094 (inquam)
2812 4040 2919 4078 non
2975 4024 3239 4090 rixosum,
3285 4025 3428 4095 quod
3482 4036 3565 4079 est

1991 4116 2213 4170 alfectus
2246 4116 2315 4169 ab
2347 4116 2426 4168 ira
2452 4156 2468 4180 ,
2502 4123 2759 4184 tanquam
2794 4115 2963 4181 duce,
2998 4115 3271 4180 directus,
3307 4115 3396 4169 sed
3427 4130 3563 4183 pra:-

1992 4206 2126 4258 lium
2155 4204 2361 4259 habens
2394 4203 2758 4259 contentionis
2784 4205 2981 4260 divinae
3016 4205 3256 4259 studium
3286 4205 3561 4274 quoddam

1992 4299 2296 4351 virtuosun
2364 4296 2649 4364 zelumque
2692 4297 2871 4352 cultus
2924 4296 3091 4351 divini
3135 4298 3318 4353 studio
3353 4296 3565 4351 inﬂatu-

1920 4430 1962 4483 Β
1994 4405 2198 4445 rnatum
2238 4429 2254 4442 .
2290 4390 2505 4448 videbat
2532 4390 2731 4460 quippe
2770 4390 3115 4459 impudentes
3154 4407 3317 4445 canes
3346 4389 3565 4445 Judaeos

1990 4485 2100 4553 jam
2130 4494 2281 4541 actos
2329 4486 2475 4540 rabie
2510 4486 2772 4540 adversus
2815 4486 3050 4539 divinam
3094 4484 3399 4538 doctrinam
3424 4498 3563 4551 pra:-

1992 4578 2319 4645 conimnque
2369 4577 2607 4630 salutare
2649 4586 2891 4630 evertere
2934 4575 3287 4639 festinantes;
3335 4573 3455 4627 ideo
3495 4573 3561 4626 ad

1996 4666 2125 4718 illud
2154 4678 2340 4720 contra
2379 4683 2474 4721 eos
2509 4676 2786 4721 certamen
2833 4680 2963 4720 suos
3010 4664 3243 4734 erigens,
3289 4664 3562 4718 dimittere

1993 4760 2209 4827 quidem
2236 4760 2391 4828 jubet
2439 4763 2668 4828 primam
2709 4757 3205 4819 mansuetudinem,
3255 4767 3309 4808 et
3348 4756 3561 4823 prodire

1993 4851 2060 4904 ad
2106 4850 2414 4921 arguendos
2455 4866 2569 4911 eos,
2606 4850 2700 4918 qui
2750 4849 3063 4918 pugnaciori
3108 4863 3361 4902 sermone
3397 4863 3561 4902 cona-

1993 4940 2191 4993 bantur
2207 4941 2485 4993 destruere
2512 4938 2815 4993 veritatem.
2835 4937 3043 4991 Etenim
3071 4946 3194 4990 ante
3216 4937 3400 4990 omnia
3422 4952 3560 5007 Opus

1993 5038 2077 5082 est
2102 5028 2414 5082 Christiano
2451 5028 2768 5081 indumento
2802 5028 3142 5091 necessario,
3175 5026 3320 5095 quod
3350 5027 3558 5080 nomini

1993 5120 2323 5175 conditionis
2365 5120 2684 5184 conveniat;
2738 5127 2899 5171 ornat
2926 5120 3124 5187 quippe
3162 5119 3557 5183 Christianum,

1995 5229 2105 5265 non
2169 5212 2349 5266 minus
2384 5210 2601 5273 vestitu,
2643 5210 2872 5263 honesta
2923 5210 2976 5262 in
3031 5210 3215 5263 habitu
3271 5212 3557 5273 modestia,

1994 5318 2282 5371 moresque
2334 5300 2578 5354 benevoli
2633 5316 2695 5353 ac
2753 5300 3019 5353 mansueti
3073 5320 3085 5354 :
3134 5302 3228 5354 sed
3282 5312 3337 5355 et
3391 5302 3557 5369 prmlii

1995 5405 2235 5463 tempore
2280 5399 2471 5445 contra
2519 5391 2797 5461 oppositos
2842 5392 3257 5460 propulsatariis
3290 5393 3559 5447 sermoni-

1992 5485 2095 5539 bus
2119 5500 2256 5554 opus
2290 5491 2391 5538 est.
2429 5481 2639 5536 Etenim
2683 5491 2921 5551 tempore
2954 5482 3153 5553 (inquit
3185 5484 3253 5554 ⁸⁸)
3284 5500 3395 5553 quo
3435 5483 3559 5537 misi

1992 5592 2089 5633 vos
2117 5576 2170 5632 in
2200 5574 2364 5633 Israel
2390 5574 2677 5640 doctores,
2711 5574 2849 5630 bene
2898 5575 3180 5644 paciﬁcum
3216 5575 3557 5630 detnonstra-
