3808 6226
201 368 355 429 1269

1692 353 1966 416 SERMO.

3316 344 3447 410 1270

197 474 455 543 ἱμάτιον,
491 471 589 525 καὶ
627 468 838 539 φθάσας
888 470 982 521 ἐπὶ
1024 468 1124 539 τὴν
1169 467 1507 539 τελειότητα,
1559 465 1655 519 κα.)⁸
1690 463 1785 516 ἐπὶ

1902 457 2055 514 vestis
2082 455 2227 529 (inde
2255 453 2425 527 patet)
2446 454 2592 525 quod
2623 453 2690 522 is,
2720 453 2813 525 qui
2847 454 3128 525 pertigerit
3179 453 3245 510 ad
3273 454 3451 525 perfe-

194 565 304 618 τοῦ
333 562 584 634 δώματος
616 563 716 632 τῆς
757 561 990 630 Θεωρίας
1023 558 1262 614 ἀνελθὼν
1295 557 1645 629 ἐπιστρέφειν
1691 573 1783 610 κε-

195 654 473 711 κώλυται.
500 654 695 722 Σαφῶς
722 653 828 723 γὰρ
855 652 1096 706 διδάσκει
1124 651 1296 719 λέγων
1327 650 1356 701 ὁ
1382 649 1609 719 Κύριος,
1659 665 1680 699 ι
1718 648 1780 701 Ὀ

199 748 308 801 ἐπὶ
350 744 448 799 τοῦ
492 745 741 816 δώματος
782 746 857 815 μὴ
891 744 1267 798 καταϐαινέτω
1299 739 1429 814 ἆραι
1479 742 1540 795 τὸ
1570 742 1783 812 ἱμάτιον

196 836 403 891 αὐτοῦ.
442 853 461 887 ι

820 946 1048 999 ΚΕΦΑΛ
1062 984 1076 999 .
1106 944 1179 998 Δ’.

288 1066 446 1118 Ἔστι
477 1064 535 1117 δέ
573 1062 667 1117 καὶ
704 1063 934 1132 οἰήσεως
971 1060 1219 1130 δώματα,
1268 1060 1353 1128 ἐφ’
1382 1052 1459 1115 ὧν
1491 1061 1617 1123 τοὺς
1650 1060 1786 1113 ἀναν

204 1160 420 1220 ϐάντας
439 1156 715 1227 μέμφεται
732 1152 904 1209 εἰπὼν
927 1155 954 1205 ὁ
975 1152 1308 1225 προφητικὺς
1330 1152 1507 1219 λόγος,
1528 1152 1749 1220 φάσκων
1769 1167 1783 1181 ·

209 1267 237 1300 ι
311 1248 380 1300 Τί
435 1246 683 1314 ἐγένετο,
737 1244 820 1297 ὅτι
892 1244 1091 1306 πάντες
1135 1242 1370 1313 ἀνέϐητε
1425 1246 1504 1305 είς
1558 1241 1785 1313 δώματα

216 1340 466 1410 μάταια;
501 1358 518 1389 ι
569 1337 642 1390 Οὐ
689 1337 799 1406 γὰρ
829 1336 1030 1406 ἀρετῆς
1056 1332 1123 1405 ἦν
1158 1334 1287 1403 ὕψος
1318 1334 1379 1387 τὸ
1407 1334 1564 1405 δῶμα
1609 1333 1789 1397 καλῶς

210 1428 717 1501 τεθεμελιωμένης,
762 1426 898 1480 ἀλλά
944 1425 1132 1480 καινοῦ
1184 1428 1503 1497 φυσήματος
1565 1427 1786 1495 οἴδημα,

214 1522 504 1593 σφαλερὰν
554 1520 653 1590 τὴν
708 1520 803 1577 ἐπὶ
856 1518 949 1572 τοῦ
1003 1517 1245 1575 τοιούτου
1300 1516 1581 1580 ποιοῦντος
1624 1516 1791 1586 ὕψους

209 1613 501 1682 διαγωγήν
518 1628 532 1642 ·
560 1612 619 1663 τὸ
647 1610 702 1664 δὲ
724 1610 822 1680 τῆς
842 1608 1099 1680 ἀληθείας
1116 1607 1273 1679 δῶμα
1290 1606 1522 1677 βέϐηκεν
1539 1606 1788 1675 ἐδραίως,

211 1705 426 1773 παγίαν
456 1704 578 1774 ἐχον
608 1704 706 1772 τὴν
755 1702 894 1771 μετά
931 1701 1153 1771 μετρίου
1189 1701 1541 1772 φρονήματος
1585 1698 1790 1751 οἰκοδο-

1882 547 2142 611 ctionem,
2169 555 2223 601 et
2243 560 2416 615 usque
2443 545 2508 598 ad
2533 545 3007 614 contemplationis
3028 554 3225 601 tectum
3258 560 3453 601 ascen-

1883 638 2045 702 derit,
2070 645 2287 691 vetatur
2319 635 2677 691 retrocedere.
2705 636 3203 691 Luculenter-enim
3233 637 3333 693 hoc
3354 637 3453 693 do-

1882 725 2271 790 cctDominus,
2308 725 2461 781 aiens
2521 742 2535 779 :
2594 744 2612 777 ι
2672 725 2883 791 Quiest
2922 726 2977 782 in
3017 734 3180 791 tecto,
3204 743 3314 782 non
3354 726 3455 783 dev-

1884 818 2111 875 scendat
2138 817 2328 873 tollere
2355 827 2558 873 vestem
2586 834 2741 873 suam
2774 819 2839 873 ⁶².
2867 837 2886 871 ι

2443 927 2684 995 ,ΟΑΡυΤ
2741 928 2833 984 ιν.

1957 1042 2160 1100 Verum
2183 1056 2312 1099 sunt
2335 1044 2498 1101 etiam
2526 1051 2664 1098 tecta
2695 1043 3005 1112 arrogantis
3032 1042 3464 1103 existimationis

1888 1138 1992 1201 sui,
2023 1152 2184 1206 super
2213 1152 2335 1206 qua:
2376 1134 2728 1189 ascendentes
2758 1143 2981 1189 accusat
3012 1133 3168 1205 581
3223 1138 3457 1207 prophe-

1888 1232 2028 1285 ticus
2056 1246 2260 1291 sermo,
2287 1229 2476 1283 dicens
2509 1246 2522 1283 :
2566 1247 2593 1280 ι
2624 1228 2763 1294 Quid
2792 1229 2991 1283 factum
3015 1228 3139 1290 fuit,
3174 1229 3318 1297 quod
3346 1244 3460 1283 om-

1889 1340 1985 1379 nes
2025 1322 2346 1379 ascendistis
2387 1322 2441 1375 in
2476 1330 2616 1376 tecta
2655 1337 2788 1375 vana
2815 1322 2900 1375 "?
2936 1341 2955 1373 ι
2997 1320 3108 1376 Nec
3133 1324 3276 1376 enim
3326 1321 3457 1374 illud

1889 1424 2090 1470 tectum
2130 1423 2248 1469 erat
2273 1413 2500 1468 altitudo
2527 1413 2663 1467 bene
2700 1412 2936 1467 fundatae
2978 1413 3216 1475 virtutis,
3248 1411 3340 1467 sed
3370 1420 3466 1465 ιιι-ο

1890 1522 2009 1561 mor
2037 1506 2259 1576 quidam
2290 1519 2442 1559 vanas
2481 1504 2775 1561 inflationis
2797 1544 2811 1570 ,
2843 1520 2945 1560 seu
2979 1504 3154 1558 animi.
3179 1503 3461 1568 elationis,

1889 1595 2179 1652 efﬁcientis
2202 1597 2327 1651 vita:
2359 1597 2669 1651 institutum
2698 1611 2859 1666 super
2883 1595 2975 1649 tali
3004 1594 3287 1649 altitudine
3314 1595 3467 1663 ρει-ῖς

1890 1686 2160 1751 culosum,
2192 1695 2247 1740 et
2285 1685 2536 1755 lapsans;
2578 1692 2633 1738 at
2657 1684 2901 1740 veritatis
2936 1693 3159 1747 tectum,
3179 1691 3261 1739 est
3286 1682 3456 1737 ﬁrmi-

214 1795 491 1868 μηθεῖσαν
523 1793 742 1865 ἀρετὴν,
776 1791 868 1861 ἀφ’
897 1787 963 1863 ἧς
988 1794 1175 1844 πεσεῖν
1202 1792 1304 1844 οὐκ
1326 1790 1473 1844 ἐστιν
1492 1807 1506 1820 υ
1543 1789 1787 1860 στεφάνη

1902 1787 1975 1832 ter
2000 1776 2308 1841 fundatum,
2340 1792 2405 1831 ac
2453 1777 2641 1840 fixum,
2672 1776 2878 1831 habens
2907 1774 3160 1829 virtutem
3208 1774 3457 1830 stabilem

212 1888 330 1957 γὰρ
363 1884 502 1953 αῦτη
536 1883 782 1953 ἀσφαλὴς
817 1882 910 1935 τοῦ
959 1882 1208 1953 δώματός
1268 1883 1403 1947 ἐστι,
1444 1882 1648 1953 γυμνὸν
1692 1882 1789 1936 καὶ

210 1980 433 2033 ἄκακον
482 1977 595 2030 ἄνω
651 1976 743 2028 τὸν
795 1974 1087 2028 ἀνελθόντα
1128 1975 1206 2038 ὡς
1257 1977 1314 2028 ἐν
1363 1976 1442 2047 τῷ
1477 1975 1789 2047 παραδείσῳ

212 2068 597 2136 φυλάσσουσα.
629 2069 692 2119 Et
726 2067 783 2118 δὲ
815 2067 907 2120 καὶ
937 2067 1013 2138 μὴ
1047 2066 1376 2121 ἀποδύσαιτό
1407 2084 1490 2131 τις
1530 2067 1591 2120 τὸ
1622 2066 1790 2120 τοιοῦ-

206 2178 312 2214 τον
342 2159 579 2229 ἱμάτιον,
609 2158 961 2228 λωφήσαντος
988 2157 1085 2212 τοῦ
1111 2158 1247 2230 πρὸς
1268 2158 1336 2213 τὰ
1359 2159 1507 2229 πάθη
1530 2158 1787 2229 πολέμου,

214 2251 319 2305 καὶ
342 2251 437 2304 τὸν
462 2252 521 2303 ἐν
548 2252 667 2313 ταῖς
692 2250 910 2320 ἠθικαῖς
942 2250 1165 2320 ἀρεταῖς
1193 2251 1353 2304 πόνον
1392 2249 1467 2321 μὴ
1524 2250 1789 2320 μεταθείη

211 2343 315 2395 ἐπὶ
347 2342 407 2394 τὸ
436 2340 739 2412 κτήσασθαι
768 2340 866 2411 τὴν
882 2341 976 2393 τοῦ
1007 2341 1165 2409 λόγου
1208 2340 1460 2412 δύναμιν,
1497 2341 1631 2415 μηδὲ
1663 2340 1788 2413 βού-

210 2437 386 2506 ληται
412 2436 598 2488 λοιπὸν
629 2436 858 2504 ἀκαίρου
897 2435 1058 2488 πόνου
1086 2433 1340 2488 ἀπολύειν
1369 2435 1430 2488 τὸ
1462 2435 1622 2505 σῶμα
1650 2435 1791 2506 μετὰ

206 2527 282 2581 τὸ
306 2527 599 2598 παρελθεῖν
628 2527 718 2581 τὸν
734 2528 822 2603 εἰς
858 2527 1016 2581 τοῦτο
1069 2527 1158 2581 διὰ
1203 2527 1312 2581 τῶν
1338 2526 1542 2597 ἡδονῶν
1574 2528 1793 2600 ἐξυϐρί-

211 2618 408 2681 ζοντα,
435 2617 822 2687 ὲπιπλήττεται
857 2617 931 2681 ὼς
969 2618 1030 2671 οὐ
1059 2617 1309 2681 δεόντως,
1346 2617 1448 2681 ἐτι,
1477 2620 1577 2689 τήν
1618 2637 1678 2672 τε
1700 2618 1790 2672 τοῦ

221 2709 447 2780 ἱματίου
494 2712 718 2781 πρᾶσιν,
760 2709 854 2762 καὶ
883 2709 981 2778 τὴν
1032 2710 1131 2779 τῆς
1164 2708 1439 2779 μαχαίρας
1490 2710 1791 2781 ἀγορασίαν

218 2804 688 2876 ἀναϐαλλόμενος,
715 2803 791 2866 ὡς
828 2804 975 2857 ἐστιν
1005 2804 1235 2858 ἀκοῦσαι
1267 2803 1361 2856 τοῦ
1387 2802 1790 2875 Παροιμιαστοῦ

215 2896 510 2965 λέγοντος·
544 2914 563 2950 ι
635 2895 860 2965 Ἀφελοῦ
898 2896 959 2949 τὸ
1009 2895 1221 2967 ίμάτιον
1268 2895 1488 2950 σαυτοῦο
1546 2894 1792 2966 παρῆλθε

221 2988 338 3059 γὰρ
366 2988 649 3059 ὑϐριστής.
686 3008 705 3041 ι
746 2989 859 3042 Οὐκ
891 2988 1080 3043 ἐλατον
1109 2987 1220 3059 γὰρ
1241 2989 1339 3059 τῆς
1365 2989 1424 3042 ὲν
1448 2990 1515 3059 τῇ
1554 3003 1791 3059 πρακτιη

220 3083 299 3151 κῇ
344 3079 834 3153 σκληραγωγίαςή
880 3081 1008 3151 περὶ
1060 3078 1161 3150 τὴν
1203 3079 1438 3150 ἄσκησιν
1486 3078 1595 3132 τῶν
1633 3078 1794 3132 θείων

224 3170 426 3239 λογίων
463 3170 667 3243 σπουδὴ
712 3172 1013 3225 καταπονεῖ
1052 3170 1113 3223 τὸ
1152 3169 1334 3239 σῶμα,
1368 3168 1599 3239 παρέχει
1637 3168 1693 3221 δέ
1741 3185 1795 3221 τι

225 3263 327 3316 καὶ
357 3262 519 3315 πλέον
550 3261 629 3332 τῷ
652 3261 902 3315 πονοῦντι
934 3261 1072 3333 πρὸς
1110 3260 1486 3331 καθαρότητα,
1542 3260 1616 3331 μὴ
1649 3261 1802 3330 ἐχού-

227 3370 335 3422 σης
368 3354 563 3425 καιρὸν
600 3357 698 3425 τῆς
724 3354 965 3416 διανοίας
995 3352 1446 3424 ἐπιστρέφεσθαι,
1478 3354 1575 3406 καὶ
1607 3352 1802 3422 σχολά-

229 3446 350 3513 ζειν
377 3448 491 3509 τοῖς
512 3446 864 3517 παρενοχλεῖν
893 3444 1139 3499 ἐθέλουσι
1170 3443 1393 3509 πάθεσι,
1428 3443 1516 3498 διὰ
1542 3443 1640 3516 τὴν
1674 3444 1802 3514 περὶ

230 3539 302 3591 τὰ
328 3539 615 3610 κρείττονα
638 3538 733 3593 τοῦ
764 3539 1028 3609 λογισμοῦ
1059 3537 1406 3609 προσεδρίαν.
1466 3536 1525 3591 'O
1558 3537 1656 3607 μὲν
1693 3536 1803 3607 γὰρ

230 3631 337 3700 τῆς
362 3631 495 3701 σκλη
505 3632 787 3702 ραγωγίας
804 3631 990 3694 πόνος,
1004 3630 1392 3703 κεκοπωμένου
1413 3627 1507 3684 τοῦ
1528 3628 1800 3699 σώματος,

232 3723 431 3794 καιρὸν
466 3724 679 3777 δίδωσιν
702 3723 830 3787 ἴσως
857 3726 972 3787 τοῖς
1011 3723 1231 3787 πάθεσι,
1264 3725 1485 3796 κινῆσαι
1520 3725 1659 3796 πρὸς
1702 3724 1804 3787 τὰς

238 3813 379 3877 ἰδίας
413 3813 545 3879 ὕλας
579 3815 947 3886 σχολάζουσαν
984 3814 1081 3888 τὴν
1118 3814 1419 3886 ἐνθύμησιν
1444 3832 1457 3846 ⁶
1485 3816 1519 3887 ἡ
1567 3816 1627 3870 δὲ
1664 3816 1802 3870 θεω-

233 3904 333 3975 ρία
354 3902 473 3957 ὅλον
498 3904 633 3975 πρὸς
658 3905 858 3977 ἑαυτὴν
886 3906 1193 3976 κατέχουσα
1227 3908 1317 3961 τὸν
1349 3905 1476 3962 νοῦν
1525 3906 1806 3978 περισπώ-

238 4010 429 4062 μενον,
481 3993 542 4046 οὐ
593 3994 938 4065 παραχωρεῖ,
990 3994 1050 4046 οῦ
1094 3992 1238 4062 λέγω
1281 3993 1471 4060 πάθει,
1540 3993 1657 4047 ἀλλ’
1684 3993 1805 4047 οὐδὲ

233 4083 564 4155 ἀνθρωπίνῳ
594 4083 841 4155 λογισμῷ
872 4084 1006 4155 πρὸς
1039 4085 1345 4153 ἀναγκαίαν
1387 4085 1518 4148 ἴσως
1550 4082 1806 4137 καλοῦντι

238 4176 453 4248 χρείαν.
490 4177 636 4247 Νικᾷ
662 4176 770 4245 γὰρ
828 4178 891 4230 οὐ
927 4176 1089 4247 μόνον
1127 4176 1323 4246 ἡδονὴν
1378 4176 1627 4247 ἐμπαθῆ,
1665 4173 1803 4228 ἀλλὰ

239 4268 340 4322 καὶ
372 4269 609 4339 φυσικὴν
638 4267 884 4339 ἀνάγκην
914 4269 948 4340 ἡ
979 4268 1078 4339 τῆς
1118 4267 1354 4342 θεωρίας
1384 4267 1566 4339 ἡδονὴ,
1593 4268 1653 4321 τὸ
1679 4284 1805 4338 τερ-

238 4359 377 4414 πνὸν
397 4360 474 4431 τῷ
502 4360 761 4432 ὠφελίμῳ
793 4358 1234 4431 συγκεκραμένον
1262 4359 1481 4430 ἔχουσα.
1510 4359 1683 4413 Τοῦτο
1709 4360 1805 4413 καὶ

1888 1884 2010 1923 cum
2042 1869 2317 1922 moderata
2344 1867 2512 1922 animi
2536 1866 2766 1922 elatione
2780 1865 3118 1928 aedificatam,
3145 1879 3173 1918 a
3202 1879 3307 1935 qua
3330 1879 3457 1934 pro-

1888 1959 1995 2013 labi
2029 1958 2151 2029 quis
2186 1973 2292 2011 non
2320 1966 2532 2028 potest;
2576 1958 2691 2012 haec
2723 1957 2924 2028 quippe
2953 1971 3205 2012 securum
3228 1965 3311 2012 est
3334 1956 3458 2010 tecti

1890 2066 2150 2106 cacumen
2187 2065 2520 2107 conservans
2560 2052 2769 2107 nudum
2804 2060 2859 2107 et
2897 2051 3244 2107 innocentem
3307 2048 3462 2105 velut

1892 2142 1945 2196 in
1974 2142 2230 2211 paradiso
2253 2158 2399 2207 eum,
2449 2143 2542 2213 qui
2587 2158 2804 2198 sursum
2834 2142 3156 2197 ascenderit.
3190 2139 3344 2207 Quod
3403 2140 3456 2195 si

1890 2235 2033 2303 quis.
2070 2235 2522 2305 interquiescente
2546 2234 2687 2290 bello
2712 2235 2979 2289 adversus
3006 2234 3318 2304 passiones,
3357 2234 3463 2287 hn-

1890 2326 2191 2396 juscemodi
2221 2335 2422 2381 vestem
2472 2342 2580 2382 non
2607 2327 2853 2391 exuerit,
2888 2327 3241 2394 laboremque
3267 2326 3321 2379 in
3346 2341 3464 2380 mo-

1893 2418 2094 2472 ralibns
2118 2417 2407 2473 virtutibus
2437 2433 2544 2471 non
2579 2417 2920 2472 transtulerit
2946 2416 3013 2471 ad
3040 2415 3462 2486 comparandam

1894 2509 2001 2562 vim
2023 2509 2292 2562 sermonis
2309 2548 2324 2573 ,
2355 2523 2456 2562 nec
2477 2507 2546 2561 de
2574 2516 2771 2561 caetero
2793 2507 2861 2561 ab
2885 2506 3265 2576 intempestivo
3284 2506 3466 2560 labore

1892 2600 2121 2655 voluerit
2168 2614 2369 2668 corpus
2397 2599 2660 2663 liberare,
2706 2607 2989 2668 postquam
3043 2596 3366 2666 praeterierit
3413 2597 3463 2652 is

1893 2693 1985 2762 qui
2022 2692 2286 2747 adversus
2336 2691 2468 2745 illud
2516 2706 2612 2761 per
2653 2690 2955 2760 voluptates
2995 2688 3320 2743 insolentius
3347 2702 3468 2743 sese

1893 2784 2121 2850 extulit';
2170 2784 2260 2839 ille
2302 2784 2447 2849 talis,
2496 2783 2740 2854 inquam,
2786 2784 3119 2852 increpatur,
3181 2795 3247 2837 eo
3299 2780 3465 2851 quod,

1896 2884 2008 2930 tum
2044 2876 2211 2931 vestis
2252 2874 2563 2930 venditione
2600 2916 2615 2942 ,
2648 2885 2762 2930 tum
2802 2874 2967 2944 gladii
3020 2872 3292 2942 emptione
3333 2886 3470 2926 nono

1894 2966 2022 3020 dum
2050 2966 2300 3022 decenter
2332 2968 2403 3022 sit
2436 2967 2697 3033 indutus;
2742 2967 2819 3021 uti
2856 2967 2979 3021 licet
3010 2965 3197 3020 audire
3238 2964 3470 3020 Prover—

1898 3058 2111 3112 biorum
2162 3060 2480 3128 scriptorem
2528 3057 2799 3113 dicentem
2849 3073 2864 3111 :
2916 3076 2934 3109 ι
2982 3055 3131 3112 Tolle
3176 3055 3472 3111 vestimen—

1898 3161 2013 3207 tum
2060 3160 2229 3211 tuum,
2276 3147 2492 3202 transiit
2517 3148 2683 3213 enim,
2714 3147 2829 3217 qui-
2856 3146 3018 3201 infert
3050 3142 3305 3215 injuriam
3329 3144 3395 3197 “.
3442 3160 3463 3195 ι

1899 3238 2352 3311 Quandoquidem
2408 3238 2673 3305 studium,
2708 3236 2853 3308 quod
2896 3237 2956 3293 fit
2988 3236 3042 3292 in
3088 3237 3345 3292 exercitio
3370 3234 3456 3289 di-

1900 3338 2150 3391 vinorum
2184 3346 2531 3396 sermonum,
2562 3344 2670 3384 non
2702 3330 2902 3384 minori
2949 3329 3135 3384 labore
3162 3324 3379 3383 conficit
3406 3339 3473 3380 ac

1900 3428 2158 3497 defatigat
2185 3440 2403 3494 corpus,
2436 3437 2601 3494 quam
2625 3420 2931 3479 studiosum
2977 3420 3285 3475 institutum
3325 3415 3472 3487 quod

1903 3520 1955 3574 in
1994 3520 2165 3574 activa
2199 3517 2304 3570 vita
2329 3514 2665 3570 austeritatis
2693 3514 2941 3569 habetur.
2974 3510 3117 3578 Quin
3140 3512 3302 3566 etiam
3335 3524 3476 3579 pra:-

1902 3609 1991 3664 bet
2026 3606 2227 3677 aliquid
2268 3605 2386 3674 plus
2416 3602 2683 3658 laboranti
2713 3602 2781 3657 ad
2818 3603 2942 3656 vitae
2977 3601 3265 3670 puritatem
3296 3616 3311 3664 ;
3344 3613 3471 3652 cum

1903 3700 2208 3755 intellectus
2248 3712 2357 3751 non
2408 3695 2603 3750 habeat
2628 3703 2843 3764 tempus
2880 3692 3069 3763 pedem
3115 3689 3382 3745 referendi
3409 3705 3473 3746 ac

1906 3791 2129 3847 vacandi
2160 3788 2502 3860 passionibus
2543 3786 2852 3841 volentibus
2881 3784 3218 3855 perturbare,
3252 3792 3476 3854 propter

1904 3880 2363 3951 perseverantiam
2403 3883 2458 3931 et
2513 3874 2888 3931 assiduitatem
2935 3872 3284 3942 cogitationis
3327 3873 3475 3928 circa

1905 3975 2125 4028 meliora
2153 3988 2168 4039 ;
2202 3988 2326 4027 nam
2375 3970 2531 4025 labor
2553 3978 2785 4023 austerae
2808 3967 2930 4022 vitae
2952 4005 2967 4032 ,
3016 3965 3178 4036 582
3200 3965 3328 4019 dum
3349 3979 3477 4020 cor-

1907 4084 2007 4139 pus
2048 4068 2327 4139 affligitur,
2369 4074 2583 4135 tempus
2628 4063 2811 4119 forsan
2856 4064 2949 4118 dat
2998 4062 3366 4133 passionibus,
3413 4070 3477 4116 ut

1906 4168 2158 4215 moveant
2191 4160 2255 4214 ad
2283 4158 2529 4229 proprias
2561 4156 2864 4210 mundanas
2890 4154 3080 4210 sordes
3124 4154 3474 4219 intellectum,

1906 4251 2288 4320 contemplatio
2372 4256 2552 4303 autem
2618 4246 2685 4301 ad
2732 4247 2969 4315 seipsam
3012 4244 3257 4300 detinens
3308 4252 3477 4299 totam

1907 4353 2164 4408 mentem,
2207 4355 2548 4410 nequaquam
2592 4338 2863 4408 permittit
2890 4345 2947 4391 ut
2979 4336 3339 4401 distrahatur,
3367 4351 3477 4391 non

233 4456 269 4508 ὁ
322 4427 534 4518 Παῦλος
562 4427 748 4517 suis;
790 4427 1024 4525 φησιν·ι
1076 4427 1148 4505 Ἦ
1192 4427 1485 4523 σωματικὴ
1531 4453 1798 4523 γυμνασία

1914 4435 2034 4489 dico
2064 4450 2092 4488 a
2140 4433 2414 4503 passione,
2463 4430 2556 4484 sed
2604 4443 2704 4484 nec
2749 4428 2817 4483 ab
2848 4428 3086 4482 humana
3129 4427 3487 4498 cogitatione,

240 4545 381 4615 πρδι
419 4545 597 4614 ὀλίγον
632 4545 778 4598 ἐστὶν
801 4545 1096 4614 ὠφέλιμος,
1113 4545 1146 4613 ἡ
1175 4542 1233 4597 δὲ
1258 4543 1508 4596 εὐσέϐεια
1532 4545 1611 4608 εἰς
1635 4544 1813 4598 πάντα

236 4636 523 4706 ὠφέλιμός
545 4638 684 4701 ἐστι,
716 4634 941 4707 κάκείνῃ
970 4636 1032 4689 τδ
1067 4637 1124 4689 ἐν
1160 4635 1338 4707 καιρῷ
1367 4637 1639 4707 χρήσιμον
1671 4654 1812 4708 μαρ-

238 4727 449 4799 τυρῶν,
480 4729 574 4780 καὶ
600 4726 770 4799 ταύτῃ
796 4726 971 4790 διδοὺς
1005 4726 1068 4781 τὸ
1106 4726 1351 4797 διηνεκὲς
1396 4727 1496 4796 τῆς
1547 4726 1813 4797 ὠφελείας

242 4819 346 4873 καὶ
379 4818 627 4890 μόνιμον,
664 4820 785 4873 ἐπεὶ
811 4821 906 4874 καὶ
931 4818 1094 4888 ἐν-τῷ
1117 4818 1366 4890 μέλλοντι
1401 4819 1681 4874 πέπαυται
1713 4820 1809 4874 καὶ

240 4911 485 4979 ἄσκησις
518 4910 827 4980 σωματικὴ,
872 4910 1074 4979 γνῶσις
1129 4909 1189 4962 δὲ
1243 4910 1561 4982 προσθήκην
1596 4910 1812 4983 δέχεται

240 5001 604 5071 τελειότητος,
637 5003 744 5055 ἀπὸ
768 5002 862 5056 τοῦ
892 5003 1235 5072 διεσόπτρου,
1293 5002 1387 5056 καὶ
1432 5004 1491 5056 ἐν
1523 5004 1813 5074 αἰνίγματι

246 5087 636 5157 προκύπτουσα
662 5091 755 5144 ἐπὶ
782 5091 843 5142 τὸ
872 5092 1165 5163 πρόσωπον
1194 5092 1327 5164 όρᾷν
1355 5092 1491 5163 πρὸς
1522 5092 1813 5163 πρόσωπον

245 5179 324 5231 τὰ
347 5178 693 5249 ἐλπιζόμενα.

1917 4539 2178 4585 evocante
2210 4527 2395 4582 forsan
2439 4527 2505 4581 ad
2546 4526 2913 4580 necessariam
2962 4522 3336 4593 indigentiam.
3368 4520 3481 4575 Vo-

1920 4623 2097 4693 luptas
2129 4635 2364 4690 namque
2406 4617 2878 4687 contemplationis
2921 4615 3095 4685 pellax
3137 4614 3263 4681 quid
3311 4613 3482 4682 placi—

1917 4717 2157 4784 dumque
2186 4728 2307 4767 cum
2350 4711 2466 4765 utili
2497 4718 2914 4780 attemperatum
2962 4707 3169 4761 habens
3194 4746 3209 4770 ,
3239 4714 3483 4775 superat,

1918 4822 2026 4861 non
2051 4806 2224 4859 solum
2248 4802 2577 4872 voluptatem
2609 4802 2866 4870 passione
2892 4800 3175 4863 imbutam,
3201 4796 3291 4850 sed
3318 4796 3481 4850 etiam

1920 4895 2221 4952 naturalem
2258 4891 2655 4947 necessitatem.
2705 4890 2850 4946 Istud
2877 4905 3001 4946 cum
3036 4897 3091 4943 et
3118 4887 3321 4942 Paulus
3348 4887 3485 4945 bene

1921 4997 2126 5053 nosset,
2174 4988 2251 5039 ait
2284 5000 2296 5035 :
2336 5003 2353 5034 ι
2389 4981 2679 5050 Corporale
2712 4982 3025 5037 exercitium
3073 4980 3138 5034 ad
3181 4993 3371 5049 parum
3402 4984 3485 5035 est

1920 5081 2069 5143 utile,
2106 5077 2199 5132 sed
2239 5075 2412 5144 pietas
2465 5072 2531 5127 ad
2591 5073 2773 5127 omnia
2804 5072 2952 5127 utilis
2995 5080 3080 5128 est
3127 5070 3213 5137 ⁶⁸;
3256 5088 3273 5121 ι
3305 5079 3358 5123 et
3405 5067 3484 5122 illi

1920 5177 2135 5250 quidem
2169 5176 2398 5223 testatus
2430 5166 2712 5219 utilitatem
2736 5166 2789 5219 in
2838 5175 3100 5234 tempore,
3127 5174 3180 5219 ct
3211 5163 3337 5217 huic
3364 5176 3489 5230 perv.

249 5280 483 5339 petuum
511 5271 814 5328 concedens
864 5287 929 5328 ac
995 5274 1214 5339 stabile,
1256 5282 1310 5330 et
1382 5273 1705 5331 duraturum
1735 5276 1793 5347 ju

1902 5277 2151 5329 rentum;
2196 5254 2637 5328 quandoquidem
2673 5262 2726 5307 et
2761 5252 2815 5305 in
2884 5250 3067 5305 futuro
3116 5252 3314 5306 saeculo
3358 5265 3485 5305 cor-

249 5369 443 5443 parate
519 5369 741 5440 quidem
825 5372 1148 5427 exercitium
1197 5379 1377 5428 cessat
1418 5388 1433 5436 ;
1479 5372 1717 5442 cognitio
1763 5388 1798 5424 νε

1928 5358 2121 5431 recipit
2157 5349 2505 5424 perfectionis
2547 5348 2972 5403 additamentum
3003 5386 3017 5410 ,
3066 5345 3416 5417 progrediens
3456 5364 3489 5409 a

250 5462 465 5517 visione
487 5476 582 5532 per
604 5462 883 5533 speculum
910 5473 963 5519 et
990 5465 1043 5519 in
1078 5465 1383 5537 aenigmate,
1414 5465 1483 5521 ad
1521 5464 1810 5522 videndum
1852 5460 1991 5518 facie
2020 5453 2085 5510 ad
2114 5448 2304 5505 faciem
2335 5457 2455 5514 qua:
2479 5450 2785 5512 sperantur.

856 5579 1105 5635 ΚΕΦΔΛ.
1144 5577 1220 5634 E'.

340 5670 661 5726 Ἀποδυτέον
683 5668 777 5727 οῦν
812 5672 887 5736 ὼς
928 5673 1142 5743 ίμάτιον
1197 5671 1298 5744 τὴν
1339 5671 1660 5743 σωματικὴν
1714 5688 1815 5739 γυ-

2543 5552 2769 5611 CAPUT
2808 5553 2874 5612 V.

1995 5657 2252 5717 Exuenda
2274 5655 2459 5727 igitur,
2481 5660 2736 5722 tanquam
2755 5649 2941 5715 vestis,
2961 5646 3258 5720 corporalis
3278 5646 3489 5705 exerci-

333 5786 382 5821 ⁴²
411 5785 598 5844 Matth.
632 5802 780 5853 xxxv,
815 5784 896 5841 l7.
976 5786 1020 5819 “
1054 5784 1155 5841 lsa.
1191 5801 1320 5851 ιλιι,
1363 5784 1411 5838 l.
1487 5781 1712 5839 “Prov.
1749 5797 1836 5851 xx,
1874 5783 1969 5851 l6;
1997 5794 2165 5843 xxvii,
2204 5774 2285 5831 15.
2362 5768 2408 5802 ⁸³
2445 5769 2461 5825 l
2492 5768 2630 5825 Tim.
2666 5782 2736 5833 tv,
2769 5765 2824 5821 8.
