3808 6226
354 269 486 336 1271

1843 274 1906 332 S.
1942 274 2104 332 NlLl

3463 281 3588 341 127?.

337 392 491 454 tatlo,
515 388 743 457 ejusque
763 387 1000 455 labores,
1025 398 1083 444 ut
1103 391 1333 460 pretium
1362 390 1746 445 reidivenditze
1769 405 1919 445 com-

2043 390 2273 453 ινασίαν,
2325 391 2581 455 καὶτοὺς
2624 392 2843 463 ἐκείνης
2899 393 3118 460 πόνους,
3154 393 3233 457 ὡς
3282 394 3457 465 τιμῆς
3500 397 3592 450 τοῦ

336 480 609 550 parandus
623 488 706 535 est
719 474 930 549 pietatis
944 481 1176 551 gladius,
1195 482 1289 552 qui
1326 482 1473 538 utilis
1492 482 1595 537 erit
1608 482 1672 537 ad
1694 482 1915 537 faculta-

335 581 449 627 tum
474 574 854 638 bonorumque
873 573 1176 629 custodiam
1198 580 1251 627 et
1273 573 1649 641 securitatem;
1683 573 1771 628 hic
1799 573 1916 644 gla-

336 661 461 715 dius
484 661 543 715 ﬁt
565 663 725 715 etiam
753 661 1018 731 gloriatio,
1038 662 1304 732 gloriatio,
1326 664 1571 733 inquam,
1595 678 1703 718 non
1729 679 1919 731 snper-

339 749 543 805 bientis
572 750 883 806 stoliditatis
923 752 1159 806 exitialis
1192 751 1386 816 fastus,
1417 754 1510 809 sed
1535 754 1745 809 affectio
1768 768 1918 822 qure-

343 834 470 888 dam
503 836 706 904 gratias
740 852 1042 907 agnoscens
1073 840 1258 894 auxilii
1304 840 1395 894 Dei
1423 858 1438 907 ;
1476 843 1553 895 uti
1580 842 1782 896 dictum
1815 840 1918 895 fuit

342 927 411 983 ad
448 928 734 998 quemdam
770 948 784 984 :
837 946 855 981 ι
892 927 1258 999 Proltugnaltit
1305 932 1684 999 adjutortuus,
1729 934 1918 1003 etglac

342 1017 467 1073 dius
518 1018 767 1089 gloriatio
810 1027 920 1085 tua,
970 1021 1260 1090 fallentque
1304 1033 1354 1075 te
1389 1023 1593 1077 inimici
1638 1024 1736 1090 tui,
1775 1034 1826 1077 et
1860 1033 1915 1078 tu

343 1124 507 1178 super
564 1109 701 1164 colla
757 1124 945 1164 eorum
1003 1112 1262 1167 ascendes
1300 1112 1364 1167 ⁸³.
1411 1131 1430 1163 ι
1479 1112 1570 1168 Sic
1608 1113 1920 1169 divenditur

344 1202 746 1267 vestimentum,
792 1202 980 1271 sicque
1024 1205 1227 1258 emitur
1272 1205 1516 1274 gladius,
1570 1206 1714 1275 quod
1749 1208 1918 1261 vesti-

343 1299 586 1342 mentum
640 1298 753 1343 tum
805 1292 1004 1359 prabet
1054 1293 1175 1362 ejus
1220 1297 1295 1348 rei
1335 1296 1755 1364 possessionem,
1800 1313 1922 1366 quae

345 1379 506 1450 583
545 1381 696 1449 prius
727 1397 834 1435 non
882 1384 1198 1448 habebatur,
1242 1395 1352 1439 tum
1392 1403 1479 1442 res
1519 1389 1636 1456 ipsa
1669 1388 1923 1457 perdurat

346 1488 442 1540 per
469 1474 732 1539 habitum,
763 1476 886 1530 licet
916 1477 1133 1545 provide
1166 1490 1317 1533 vacet
1340 1480 1666 1548 operationi.
1698 1479 1922 1535 Habitus

346 1560 567 1629 quippe,
606 1561 731 1615 licet
762 1571 887 1632 agat
920 1564 1091 1618 otium
1136 1565 1203 1619 ab
1251 1570 1565 1635 operatione
1601 1570 1785 1638 aliquo
1808 1579 1924 1624 ten—

345 1650 535 1715 dente,
581 1660 852 1718 attamen,
888 1669 1012 1708 cnm
1069 1655 1213 1711 vires
1256 1658 1449 1712 habeat
1499 1659 1920 1725 corroboratas,

2021 479 2398 549 πεπραμένου,
2429 478 2527 550 τὴν
2556 480 2656 551 τῆς
2684 481 2969 546 εύσεδείας
3002 482 3233 552 κτητέον
3280 485 3588 555 μάχαιραν,

2021 576 2301 648 χρησίμην
2335 575 2601 646 ἐσομένην
2631 576 2767 647 πρὸς
2818 575 3069 647 φυλακὴν
3101 574 3211 628 τῶν
3239 575 3602 647 ὑπαρχόντων

2023 668 2116 721 καὶ
2163 667 2484 736 ἀσφάλειαν.
2531 666 2678 737 Αὕτη
2723 668 2819 721 καὶ
2854 666 3122 737 καύχημα
3154 666 3374 734 γίνεται
3423 669 3457 736 ἡ
3499 667 3601 737 μά-

2021 776 2206 830 χαιρα,
2234 758 2495 829 καύχημα
2516 756 2616 810 οὐκ
2657 757 2988 826 ἀλαζονικῆς
3039 756 3301 820 ἀπονοίας
3350 756 3602 828 ὀλέθριον

2025 848 2313 919 φρύαγμα.
2352 847 2606 918 βοηθείας
2652 847 2709 901 δὲ
2767 847 2903 900 Θεοῦ
2960 847 3283 917 εύχάριστος
3327 847 3599 910 διάθεσις,

2024 939 2099 1000 ὡς
2127 939 2339 1009 εἴρηται
2371 937 2508 1008 πρός
2541 954 2685 991 τινα·
2717 956 2736 989 ε
2784 936 3148 1008 Ὑπερασπιεῖ
3177 938 3203 989 ὁ
3228 936 3431 1007 βοηθός
3482 954 3599 1000 σου,

2024 1029 2120 1082 καὶ⁷
2144 1031 2177 1099 ή
2214 1029 2453 1099 μάχαιρα
2478 1027 2741 1099 καύχημά
2782 1045 2899 1093 σου,
2955 1028 3051 1081 καὶ
3096 1027 3402 1097 ψεύσονταί
3431 1045 3493 1081 σε
3554 1030 3601 1080 oi

2026 1118 2209 1190 ἐχθροί
2240 1136 2354 1181 σου,
2386 1119 2482 1172 καὶ
2512 1119 2576 1172 σὺ
2622 1120 2715 1171 ἐπὶ
2744 1119 2870 1182 τοὺς
2905 1120 3210 1189 τραχήλους
3246 1120 3434 1172 αὐτῶν
3482 1123 3603 1172 ἐπι-

2028 1211 2190 1282 ϐήσῃ.
2222 1230 2240 1263 ι
2273 1210 2460 1274 Οὕτως
2491 1212 2747 1265 πωλεῖται
2776 1211 2838 1264 τὸ
2874 1210 3106 1279 ίμάτιον,
3143 1212 3237 1266 καὶ
3268 1212 3449 1275 οὕτως
3473 1213 3605 1280 ἀγο-

2029 1300 2249 1373 ράζεται
2279 1304 2311 1372 ή
2343 1303 2587 1372 μάχαιρα
2631 1302 2725 1354 καὶ
2759 1302 2951 1355 τούτου
2996 1302 3095 1373 τὴν
3129 1302 3321 1371 κτῆσιν
3357 1303 3607 1374 παρέχον

2025 1393 2125 1463 οὐχ
2146 1393 2497 1463 ὑπάρχουσαν
2518 1393 2801 1464 πρότερον,
2828 1394 2921 1445 καί¹
2945 1394 3076 1447 αὐτὸ
3108 1395 3434 1465 παραμένον
3482 1394 3607 1446 καθ’

2027 1483 2175 1548 ἓξιν,
2199 1482 2301 1536 κᾶν
2346 1481 2703 1551 οἰκονομικῶς
2736 1482 2970 1553 σχολάζῃ
3004 1484 3072 1553 τῇ
3112 1482 3395 1552 ἐνεργείᾳ.
3446 1480 3604 1544 Ἐξις

2028 1575 2137 1642 γάρ
2166 1573 2271 1626 κᾶν
2319 1573 2518 1644 ἀργίαν
2565 1573 2689 1641 ἄγοι
2738 1574 2840 1643 τῆς
2873 1571 3274 1643 ἐπιϐαλλούσης
3313 1571 3604 1642 ἐργασίας,

2029 1665 2285 1734 ἀλλοῦνγε
2311 1665 2408 1736 τὴν
2440 1665 2665 1735 δύναμιν
2684 1664 2883 1736 ἔχουσα
2906 1665 3258 1736 ἐρρωμένην,
3294 1665 3386 1717 ὅτε
3419 1663 3607 1734 βούλε-

346 1742 567 1813 quando
603 1744 719 1798 vult
753 1747 989 1814 operari,
1013 1762 1041 1799 a
1065 1757 1256 1801 natura
1299 1758 1668 1818 comparatam
1693 1750 1925 1804 obtinuit

2043 1775 2113 1810 ται
2154 1759 2394 1826 ἐνεργεῖν
2422 1758 2815 1826 ἀνεμπόδιστος
2843 1757 3089 1825 πέφυκεν
3114 1797 3129 1820 ,
3169 1755 3426 1825 τεχνίτου
3450 1756 3609 1825 δίκην

347 1834 716 1902 impedimenti
745 1837 1061 1901 carentiam,
1095 1838 1321 1894 artiﬁcis
1354 1840 1544 1906 inStar,
1580 1840 1634 1893 in
1682 1842 1924 1896 materiis

349 1925 687 1983 ostendentis
723 1928 961 1983 scientiae
993 1947 1105 1985 suae
1134 1931 1455 1986 industriam
1478 1973 1492 1995 ,
1518 1933 1678 2003 cujus
1700 1936 1925 1989 scientia

348 2021 636 2089 quiescens
660 2022 882 2077 minime
924 2024 1188 2089 aboletur,
1222 2024 1267 2078 si
1305 2024 1419 2094 ipse
1468 2035 1691 2094 promer
1737 2041 1923 2079 earum

350 2112 630 2179 penuriam
680 2114 899 2167 otietur.
946 2112 1156 2168 Etenim
1209 2115 1318 2180 illa,
1349 2131 1469 2184 qua:
1520 2117 1624 2170 tale
1657 2116 1809 2169 exuit
1838 2131 1928 2169 ve-

352 2204 695 2270 stimentmn,
740 2205 1037 2274 eodemque
1090 2205 1272 2260 denuo
1319 2208 1531 2278 cogitur
1588 2209 1663 2261 uti
1713 2218 1930 2276 propter

350 2295 893 2350 condescendentiam
927 2296 993 2350 ad
1027 2296 1476 2365 imperfectiores,
1502 2299 1778 2366 quomodo
1802 2299 1878 2352 ait
1911 2312 1926 2349 :

357 2406 375 2436 ι
404 2387 711 2455 Exspoliavi
737 2403 822 2443 me
844 2389 1025 2443 tunica
1049 2404 1188 2453 mea,
1213 2389 1488 2457 quomodo
1516 2390 1709 2444 induar
1737 2406 1798 2445 ea
1820 2392 1887 2443 δέ)
1907 2410 1923 2439 ι

244 2524 249 2527 .
351 2476 467 2532 Nisi
494 2479 617 2535 talis
645 2480 831 2545 vestis,
855 2480 1018 2534 etiam
1043 2480 1287 2549 deposita
1331 2490 1689 2548 permaneret,
1729 2498 1930 2538 vacans

352 2571 675 2639 operationi,
736 2587 800 2628 ac
852 2588 947 2641 per
982 2572 1197 2627 habitus
1236 2573 1533 2641 potentiam
1596 2575 1927 2632 subsistens.

354 2661 544 2730 Itaque
574 2661 667 2731 qui
694 2672 896 2716 vestem
930 2662 1191 2726 divendit,
1240 2662 1466 2717 omnino
1498 2663 1737 2733 gladium
1777 2665 1929 2727 emit,

357 2761 469 2807 tum
504 2752 650 2805 illam
686 2752 912 2806 minime
940 2752 1197 2808 amittens
1221 2793 1236 2816 ,
1269 2762 1383 2807 tum
1414 2755 1578 2809 istum
1622 2755 1930 2824 acquirens.

360 2841 561 2896 Verum
615 2843 833 2912 qualem
891 2843 1128 2911 gladium
1167 2845 1343 2898 emit?
1384 2846 1463 2898 An
1510 2846 1681 2911 illum,
1716 2846 1783 2901 de
1825 2864 1933 2916 quo

358 2934 607 3009 Christus
632 2937 707 2989 ait
747 2952 760 2988 :
794 2954 813 2986 ι
847 2934 962 2989 Νοη
993 2936 1113 2989 veni
1164 2938 1378 2992 mittere
1426 2953 1633 3003 pacem,
1675 2939 1768 2992 sed
1814 2940 1932 3008 gla-

2031 1852 2087 1902 ἐν
2136 1853 2257 1911 ταῖς
2308 1848 2463 1912 ὕλαις
2504 1848 2949 1918 ἐπιδεικνυμένου
2994 1846 3092 1917 τὴν
3138 1847 3240 1916 τῆς
3287 1847 3609 1915 ἐπιστήμης

2029 1941 2330 2012 ἀκρίϐειαν,
2359 1942 2562 2012 ἀπορία
2601 1942 2658 1994 δὲ
2698 1940 2903 1993 τούτων
2934 1938 3252 2010 ἀργοῦντος,
3283 1937 3603 2007 ἡσυχαζού-

2032 2048 2152 2100 σης,
2182 2031 2281 2083 οὐκ
2302 2030 2703 2099 ἀφανιζομένης
2728 2029 2830 2097 τῆς
2874 2029 3203 2099 ἐπιστήμης.
3259 2027 3391 2090 Πῶς
3435 2027 3550 2097 γὰρ
3580 2028 3614 2096 ή

2028 2121 2089 2174 τὸ
2127 2121 2363 2174 τοιοῦτον
2392 2120 2777 2190 ἀποδυσαμένη
2817 2119 3054 2188 ἱμάτιον,
3101 2120 3197 2171 καὶ
3238 2119 3409 2171 πάλιν
3458 2119 3609 2188 αύτῷ

2031 2212 2334 2284 κεχρῆσθαι
2369 2212 2459 2265 διὰ
2495 2212 2593 2282 τὴν
2632 2211 2771 2280 πρὸς
2793 2211 2923 2274 τοὺς
2950 2210 3341 2280 ἀτελεστέρους
3395 2227 3610 2274 συγκα-

2030 2303 2262 2356 τάόασιν
2292 2302 2736 2373 ἀναγκαζομένη,
2775 2302 2974 2372 φησίν⁹
3014 2321 3031 2353 ι
3088 2301 3475 2372 Ἐξεδυσάμην
3516 2301 3612 2353 τὸν

2031 2392 2234 2463 χιτῶνά
2258 2409 2380 2462 μου,
2419 2391 2534 2454 πῶς
2557 2391 2859 2460 ἐνδύσωμαι
2881 2390 3069 2443 αὐτόν’
3106 2408 3125 2441 ι
3168 2391 3219 2442 εί
3246 2390 3323 2461 μὴ
3355 2392 3457 2443 καὶ
3481 2407 3619 2456 παρ-

2034 2483 2194 2551 έμενε
2221 2481 2282 2534 τὸ
2309 2481 2547 2535 τοιοῦτον
2572 2482 2806 2549 ἱμάτιον,
2833 2480 3092 2552 σχολάζον
3122 2484 3189 2552 τῇ
3219 2482 3487 2553 ἐνεργείᾳ
3526 2484 3618 2535 καὶ

2033 2576 2276 2644 ὑπάρχον
2318 2573 2543 2643 δυνάμει
2608 2575 2708 2645 τῆς
2754 2574 2949 2640 ἓξεωςς
3003 2574 3062 2627 Ὁ
3094 2568 3188 2628 οὖν
3230 2574 3502 2643 πωλήσας
3552 2575 3611 2627 τὸ

2036 2666 2250 2735 ἱμάτιον
2276 2664 2493 2718 ὠνεῖται
2531 2664 2748 2727 πάντως
2787 2664 2887 2734 τὴν
2934 2663 3232 2735 μάχαιραν,
3280 2667 3514 2717 κακεῖνο
3542 2666 3617 2734 μὴ

2035 2758 2361 2827 ἐκποιήσας,
2411 2757 2507 2809 καὶ
2556 2756 2715 2809 τοῦτο
2784 2754 3151 2826 κτησάμενος.
3200 2756 3505 2825 Μάχαιραν
3557 2756 3615 2808 δὲ

2032 2852 2288 2920 ἠγόρασε,
2313 2849 2504 2913 ποίαν,
2553 2847 2585 2916 ἢ
2635 2845 2762 2916 περὶ
2789 2842 2858 2919 ἦς
2895 2847 2922 2898 ὁ
2953 2845 3189 2916 Χριστός
3216 2862 3412 2914 φησιν*
3454 2864 3473 2895 ι
3507 2845 3620 2897 Οὐκ

2032 2939 2194 3012 ἦλθον
2226 2941 2405 3011 βαλεῖν
2435 2940 2683 3010 εἰρήνην,
2739 2937 2873 2991 ἀλλά
2908 2938 3223 3008 μάχαιραν;
3266 2956 3284 2987 ι
3335 2936 3621 3007 μάχαιραν

358 3026 509 3080 dium
540 3026 622 3079 ‘3?
670 3046 688 3077 ι
740 3026 978 3096 gladium
1022 3041 1221 3082 vocans
1265 3028 1669 3097 praedicationis
1724 3047 1933 3084 sermo-

2043 3034 2217 3087 καλῶν
2255 3034 2348 3085 τὸν
2390 3029 2483 3085 τοῦ
2507 3031 2861 3102 κηρύγματος
2883 3030 3039 3098 λόγον
3064 3045 3076 3057 °
3095 3028 3171 3091 ὠς
3187 3028 3297 3097 γὰρ
3317 3030 3351 3098 ἡ
3375 3029 3624 3097 μάχαιρα

360 3136 508 3175 nem.
544 3119 615 3175 Ut
647 3113 791 3176 enim
821 3122 1031 3190 gladius
1061 3122 1254 3176 dividit
1282 3138 1341 3175 ea
1371 3138 1493 3190 qua:
1522 3136 1712 3178 mutuo
1739 3134 1866 3179 suat
1906 3140 1934 3177 a

363 3220 556 3266 natura
601 3228 865 3275 connexa,
895 3222 949 3267 et
992 3227 1191 3281 corpus
1242 3214 1564 3267 continuum
1621 3215 1854 3270 dissecat
1884 3216 1935 3267 in

364 3315 579 3375 partes;
625 3307 696 3359 ita
738 3321 920 3360 sermo
961 3307 1365 3375 prmdicationis
1402 3306 1454 3359 in
1496 3322 1938 3376 unamquamque

364 3398 585 3453 dommn
628 3398 887 3453 accedens
921 3440 935 3463 ,
993 3408 1121 3453 tunc
1155 3413 1269 3463 eos,
1316 3399 1406 3468 qui
1443 3400 1579 3453 male
1621 3408 1774 3453 erant
1801 3401 1936 3454 uniti

367 3506 464 3561 per
493 3490 882 3555 inﬁdelitatem,
912 3491 977 3545 ab
1009 3490 1239 3544 invicem
1271 3490 1552 3555 discindit,
1586 3490 1756 3544 ﬁlium
1789 3508 1817 3544 a
1844 3508 1940 3560 pa-

367 3591 391 3637 t
422 3597 472 3642 e.
496 3582 662 3636 ﬁliam
694 3596 723 3636 a
754 3592 946 3645 matre,
979 3591 1033 3635 et
1057 3595 1312 3650 sponsam
1357 3596 1386 3633 a
1440 3594 1601 3634 socru
1638 3575 1941 3634 dirimendo

370 3693 437 3733 ac
497 3677 843 3733 dissociando
877 3717 891 3740 ,
961 3676 1244 3745 ipsamque
1312 3684 1561 3729 naturam
1620 3675 1947 3730 dissecando

371 3771 781 3826 demonstrabat
808 3771 969 3823 ﬁnem
1000 3768 1401 3838 przedicationis
1434 3766 1729 3823 Dominicae
1754 3809 1767 3832 ,
1796 3769 1941 3838 quod

371 3860 529 3916 valde
554 3860 757 3914 utiliter
815 3869 869 3914 et
896 3858 962 3914 ad
993 3859 1274 3912 hominum
1306 3857 1652 3912 commodum
1683 3857 1940 3926 iusserat,

374 3952 685 4024 utapostoli
717 3951 953 4021 gladium
987 3949 1312 4018 acciperent.

979 4064 1205 4120 CAPUT
1264 4062 1349 4118 Vl.

449 4179 642 4235 Statim
674 4179 838 4250 igitur
875 4177 1071 4233 Petrus
1104 4178 1402 4247 respondit,
1448 4178 1585 4234 duos
1634 4179 1820 4234 dicens
1849 4181 1944 4233 ha-

378 4273 507 4327 bere
541 4272 768 4339 gladios,
796 4285 934 4339 quos
966 4280 1019 4324 et
1044 4270 1369 4325 sullicientes
1402 4285 1522 4324 esse
1545 4270 1607 4323 ad
1642 4270 1804 4341 584
1833 4286 1948 4325 cer-

2039 3124 2238 3194 διαιρεῖ
2268 3121 2337 3174 τὰ
2368 3120 2789 3190 συμπεφυκότα,
2823 3120 2919 3173 καὶ
2946 3119 3008 3171 τὸ
3032 3118 3255 3187 συνεχὲς
3301 3117 3471 3186 σῶμα
3508 3118 3623 3170 δια-

2038 3215 2226 3282 τέμνει
2254 3215 2332 3277 είς
2370 3212 2535 3282 μέρη,
2568 3211 2740 3273 οὕτως
2778 3212 2806 3263 ὁ
2837 3208 2932 3263 τοῦ
2972 3210 3333 3280 κηρύγματος
3360 3209 3527 3276 λόγος
3548 3211 3623 3270 εἰς

2041 3306 2278 3375 ὲκάατην
2307 3305 2566 3375 χωρήσας
2593 3303 2793 3368 οἰκίαν,
2843 3303 2966 3355 τότε
3014 3303 3141 3363 τοὺς
3192 3300 3390 3357 κακῶς
3436 3304 3497 3354 ἐν
3554 3304 3618 3369 τῇ

2040 3399 2269 3467 ἀπιστίᾳ
2300 3397 2610 3467 ἡνωμένους
2638 3396 2731 3447 ἀπ’
2764 3394 3011 3464 ἀλλήλων
3038 3394 3316 3462 διέτεμεν,
3352 3393 3474 3447 υἱον
3518 3394 3621 3446 ama

2043 3492 2273 3561 πατρὸς,
2329 3487 2606 3556 θυγατέρα
2641 3486 2749 3540 ἀπὸ
2796 3485 3030 3555 μητρὸς,
3093 3485 3190 3537 καὶ
3240 3484 3478 3555 νύμφην
3519 3484 3623 3537 ἀπὸ

2042 3582 2308 3651 πενθερᾶς
2332 3579 2685 3651 ἀποδιαιρῶν,
2722 3578 2892 3649 αὐτὴν
2914 3577 3275 3645 κατατέμνων
3301 3578 3405 3646 τὴν
3464 3575 3623 3645 φύσιν

2042 3674 2281 3726 ἐδείκνυε
2307 3671 2367 3724 τὸ
2400 3672 2573 3742 πέρας
2598 3672 2697 3741 τῆς
2718 3669 2810 3723 τοῦ
2842 3669 3052 3741 Κυρίου
3085 3668 3506 3738 παραγγελίας,
3545 3668 3623 3719 ὅτι

2045 3765 2246 3833 σφόδρα
2276 3765 2581 3834 χρησίμως,
2599 3765 2691 3815 καὶ
2709 3762 2801 3815 ἐπὶ
2822 3761 3152 3831 συμφέροντι
3178 3760 3288 3811 τῶν
3318 3760 3420 3812 ἀνθ
3428 3760 3624 3831 ρώπων

2047 3858 2319 3929 μάχαιραν
2342 3855 2524 3908 λαϐεῖν
2552 3855 2680 3917 τοὺς
2705 3854 3037 3915 ἀποστόλους
3091 3852 3410 3904 ἐκέλευσεν.

2642 4052 2894 4104 ΚΕΦΑΛ.
2934 4052 3025 4117 <7.

2116 4166 2333 4230 Εὐθέως
2380 4164 2474 4220 οὖν
2493 4166 2521 4218 ὁ
2546 4166 2750 4236 Πέτρος
2779 4164 3132 4234 ἀποκρίνεται
3160 4161 3257 4215 δύο
3276 4162 3464 4230 λέγων
3490 4161 3631 4230 ἔχειν

2052 4259 2342 4329 μαχαίρας,
2372 4258 2440 4321 ἃς
2467 4258 2561 4309 καὶ
2593 4256 2783 4320 ἱκανὰς
2814 4256 2950 4327 πρὸς
2973 4256 3063 4308 τὸν
3098 4253 3466 4324 προκείμενον
3500 4252 3630 4320 ἔφη·

381 4338 585 4426 tamen,
613 4360 755 4429 quod
806 4338 1062 4423 instabat,
1092 4358 1229 4412 dixit
1266 4357 1530 4411 Dominus
1562 4357 1627 4410 ⁶⁹.
1658 4338 1794 4425 lipsi—
1818 4372 1935 4410 verc

2050 4368 2141 4403 σεν
2166 4350 2349 4418 ἀγῶνα
2376 4352 2404 4401 ό
2434 4349 2638 4419 Κύριος
2664 4341 2823 4399 εἶναι.
2859 4338 3032 4398 Αὖται
3079 4344 3137 4397 δέ
3162 4348 3327 4407 εἰσιν,
3365 4344 3443 4407 ῶς
3472 4359 3631 4414 φησιν

381 4460 531 4517 sunt,
566 4417 721 4506 ut-ait
764 4450 1079 4520 Apostolus,
1114 4449 1370 4502 nimirum
1414 4449 1727 4519 redargutio
1775 4463 1935 4517 oppo-

2051 4445 2078 4497 ὁ
2130 4442 2475 4504 Ἀπόστολος,
2524 4417 2744 4509 έλεγχος
2780 4437 2889 4491 τῶν
2949 4436 3489 4505 ἀντιδιατιθεμένων,
3544 4436 3633 4488 καὶ

382 4547 693 4611 sitorum,et
712 4544 1017 4599 exhortatio
1054 4542 1328 4609 ﬁdelium;
1367 4543 1445 4597 sic
1478 4543 1622 4595 enim
1658 4540 1783 4595 Tito
1812 4542 1949 4595 scri-
1996 4580 2002 4589 .

383 4635 539 4697 hens,
582 4637 682 4689 hos
726 4634 780 4687 in
827 4646 1021 4686 manus
1068 4631 1231 4685 tradit
1277 4630 1611 4693 doctoribus,
1663 4631 1790 4682 dum
1832 4630 1945 4683 ait.

390 4747 411 4781 ι
442 4726 507 4783 Ut
538 4736 726 4797 potens
755 4727 826 4781 sit
848 4734 903 4779 et
928 4726 981 4779 in
1003 4724 1249 4779 doctrina
1271 4722 1570 4786 exhortari,
1597 4730 1651 4776 et
1682 4722 1953 4776 contradi-

387 4828 573 4874 centes
602 4832 830 4888 arguere
851 4816 933 4882 7°;
968 4835 985 4867 ι
1019 4828 1325 4871 sermonem
1374 4813 1427 4867 in
1452 4815 1659 4881 species
1698 4813 1835 4866 duas
1869 4812 1953 4865 di-

388 4908 701 4978 stinguens;
741 4904 844 4960 alia
882 4913 965 4960 est
1008 4905 1152 4959 enim
1178 4903 1387 4971 species
1436 4902 1698 4956 doctrinae
1733 4917 1858 4972 erga
1891 4900 1955 4955 ﬁ-

389 5000 559 5065 deles,
601 5011 653 5054 et
690 4998 792 5052 alia
822 5006 1011 5052 contra
1043 4996 1285 5049 veritatis
1320 4994 1612 5059 inimicos;
1654 4994 1767 5047 haec
1808 4994 1955 5047 enim

390 5102 475 5150 est
508 5091 816 5160 redargutio
856 5088 1130 5153 falsitatis,
1163 5088 1251 5141 illa
1285 5102 1411 5141 vero
1443 5086 1784 5140 conlirmatio
1814 5086 1957 5140 veri-

391 5186 538 5242 tatis.
563 5185 717 5251 Quod
752 5192 930 5237 autem
969 5197 1274 5237 sermonem
1312 5190 1466 5234 vocet
1503 5180 1783 5249 gladium,
1844 5195 1959 5233 ma-

394 5277 648 5334 nifestum
670 5286 754 5331 est
788 5276 1076 5339 omnibus,
1104 5290 1226 5327 cum
1257 5288 1319 5327 ea
1350 5272 1516 5326 dictio
1562 5272 1684 5325 trita
1712 5270 1957 5336 exsistat,

393 5383 462 5424 eo
485 5370 630 5437 quod
681 5368 755 5422 sit
794 5367 859 5421 ad
901 5380 1121 5420 manum
1152 5365 1273 5427 sita,
1325 5379 1447 5432 quae
1488 5363 1657 5417 dicit:
1708 5383 1725 5414 (
1761 5361 1959 5417 Vivens

395 5460 593 5529 quippe
621 5474 800 5515 sermo
836 5457 949 5521 Dei,
979 5466 1034 5509 et
1060 5454 1269 5517 efﬁcax,
1300 5464 1353 5506 et
1382 5453 1771 5522 penetrabilior
1796 5467 1961 5520 super

397 5566 615 5607 omnem
659 5550 893 5619 gladium
944 5547 1233 5616 ancipitem
1262 5547 1341 5615 f”.
1380 5564 1399 5596 ›
1452 5544 1550 5599 llic
1604 5558 1839 5613 namque
1881 5542 1960 5596 bi-

476 5726 523 5766 ”
550 5724 706 5781 Deut.
739 5741 928 5791 xum,
958 5726 1047 5782 29.
1122 5729 1163 5758 ⁵⁷
1188 5727 1345 5783 Cant.
1380 5742 1431 5794 ν,
1457 5726 1507 5780 5.

1588 5726 1630 5759 ⁵⁸
1664 5722 1853 5780 Matth.
1885 5739 1939 5789 ι,
1975 5722 2060 5778 54.
2141 5721 2183 5753 ⁸³
2218 5719 2349 5775 Luc.
2396 5732 2527 5777 XXII.
2556 5716 2643 5772 58.

2054 4533 2398 4605 παράκλησις
2414 4532 2522 4584 τῶν
2543 4531 2763 4585 πιστῶν·
2778 4530 2951 4594 οὕτως
2972 4530 3082 4600 γὰρ
3099 4528 3177 4600 τῷ
3202 4528 3353 4599 Τίτῳ
3374 4530 3627 4599 γράφων,

2056 4625 2256 4688 ταύτας
2292 4622 2582 4695 ἐγχειρίζει
2616 4624 2726 4685 τοῖς
2754 4620 3118 4682 διδασκάλοις,
3174 4619 3390 4687 λέγων·
3443 4638 3463 4670 ε
3523 4619 3635 4673 Ἵνα

2057 4714 2281 4776 δυνατὸς
2376 4713 2470 4765 καὶ
2488 4710 2831 4782 παρακαλεῖν
2856 4711 2915 4761 ὲν
2931 4711 2998 4780 τῇ
3020 4707 3341 4778 διδασκαλίᾳ
3358 4709 3427 4777 τῇ
3458 4709 3634 4775 ὑγιαιο

2054 4805 2239 4876 νούσῃ.
2278 4804 2373 4857 καὶ
2408 4803 2535 4865 τοὺς
2574 4800 2953 4869 ἀντιλέγοντας
3004 4799 3267 4869 ἐλέγχειν,
3308 4816 3330 4848 ι
3363 4798 3462 4852 τὸν
3487 4799 3636 4867 λόγον

2056 4898 2135 4960 εἰς
2159 4896 2270 4965 εἴδη
2298 4893 2391 4947 δύο
2413 4892 2657 4963 διαιρῶν·
2680 4891 2807 4945 ἄλλο
2830 4890 2940 4961 γάρ
2960 4883 3098 4953 εἶδος
3126 4889 3186 4942 τὸ
3209 4888 3312 4958 τῆς
3342 4889 3489 4958 πρὸς
3520 4891 3637 4949 τοὺς

2058 4990 2280 5050 πιστοὺς
2307 4985 2674 5049 διδασκαλίας,
2702 4984 2796 5037 καὶ⁵
2817 4983 2946 5037 ἄλλο
2974 4983 3113 5054 πρὸς
3132 4983 3261 5045 τοὺς
3288 4982 3532 5054 ἐχθροὺς
3550 4983 3636 5050 τῆς

2060 5079 2334 5149 ἀληθείας.
2372 5076 2447 5128 Τὸ
2504 5075 2602 5144 μὲν
2637 5075 2747 5144 γάρ
2802 5074 2952 5127 ἐστιν
3003 5072 3227 5141 ἔλεγχος
3269 5070 3540 5139 ψεύδους,
3588 5070 3638 5122 τὸ

2062 5172 2121 5225 δὲ
2147 5171 2247 5239 τῆς
2298 5166 2556 5238 ἀληθείας
2610 5164 2923 5236 βεϐαίωσις.
2953 5165 3076 5218 Ὀτι
3122 5164 3178 5217 δὲ
3227 5163 3517 5234 μάχαιραν
3560 5164 3637 5216 τὸν

2065 5260 2222 5329 λόγον
2263 5259 2437 5323 καλεῖ,
2469 5259 2605 5311 πᾶσι
2656 5256 2835 5326 δῆλον,
2883 5255 3254 5327 τετριμμένης
3287 5254 3381 5307 διὰ
3408 5254 3474 5307 τὸ
3512 5255 3637 5324 πρό-

2068 5369 2249 5424 χειρον
2290 5352 2388 5418 τῆς
2422 5350 2702 5421 Γραφικῆς
2751 5348 2950 5412 λέξεως
2986 5349 3084 5418 τῆς
3124 5345 3419 5415 λεγούσηςσ
3469 5364 3509 5403 «ν
3533 5346 3639 5400 Ζῶν

2068 5448 2175 5517 γὰρ
2201 5448 2228 5499 ὁ
2255 5446 2407 5513 λόγος
2436 5443 2529 5497 τοῦ
2565 5441 2723 5507 Θεοῦ,
2772 5441 2869 5494 καὶ
2898 5441 3147 5510 ἐνεργὴς,
3201 5437 3298 5490 καὶ
3328 5437 3639 5508 τομώτερος

2072 5540 2211 5610 ὑπὲρ
2243 5541 2423 5591 πᾶσαν
2458 5536 2735 5606 μάχαιραν
2766 5533 3041 5603 δίστομον.
3086 5549 3105 5582 ι
3145 5527 3417 5583 Ἐνταῦθα
3446 5528 3560 5596 γὰρ
3588 5525 3641 5578 τδ

2721 5714 2763 5745 ⁷ο
2800 5711 2903 5768 Tit.
2955 5728 2990 5779 ι,
3019 5710 3073 5765 9.
3146 5710 3187 5743 ⁷³
3221 5707 3385 5764 llsbr.
3416 5722 3497 5767 tv.
3530 5706 3618 5762 f2.
