3808 6226
170 290 328 357 1‘2273

1668 296 1942 359 SERMO.

3306 292 3440 358 1274

163 408 467 479 ἄμφηκες,
503 407 581 468 ὠς
607 408 823 481 είρηται
854 410 941 465 διὰ
966 410 1060 465 τοῦ
1108 411 1288 483 λόγου.
1315 412 1547 466 Δύναται
1575 413 1633 466 δέ
1672 430 1751 476 τις

1871 427 2007 483 seps,
2031 427 2125 467 seu
2160 410 2415 468 scindens
2442 411 2717 481 utrinque,
2745 420 2805 465 ut
2832 410 3036 467 dictum
3069 420 3173 480 est,
3208 412 3441 469 demon-

162 496 276 553 δ’ύο
310 498 589 570 μαχαίρας
607 499 788 570 λέγειν
820 503 1116 575 σαφήνειαν
1153 505 1247 557 κα)⁸
1269 505 1546 575 ἀλήθειαν.
1578 499 1748 559 Αὗται

163 590 313 662 γὰρ,
341 593 472 646 ὅταν
500 585 603 646 ὧσι
622 595 1064 665 παρεζευγμέναι
1101 597 1178 666 τῷ
1222 598 1384 669 λόγῳ,
1415 599 1617 662 ἱκανῶς
1641 616 1753 669 χει-

166 679 409 752 ροῦνται
461 683 590 747 τοὺς
640 684 1185 757 ἀντιδιατιθεμένους.
1244 688 1342 741 Διά
1384 689 1541 743 τοῦτο
1582 690 1676 743 καὶ
1726 690 1754 743 ὀ

164 774 475 845 ἀρχιερεὺς
505 774 601 828 ἐπὶ
630 774 730 839 τὰς
757 776 853 830 τοῦ
887 778 1012 848 περὶ
1048 778 1245 851 στέρνα
1271 779 1450 849 λογίου
1476 782 1753 851 μυστικῶς

165 861 539 933 ἐπικειμένας
586 857 702 935 εἶχε
754 865 986 936 δήλωσιν
1033 868 1130 921 καὶ
1188 869 1468 941 ἀλήθειαν,
1522 870 1753 941 δήλωσιν

162 952 319 1022 πρὸς
351 954 653 1024 σαφήνειαν
698 954 809 1009 τῶν
842 956 1172 1028 λεγομένων,
1233 959 1327 1012 καὶ
1356 960 1494 1029 πρὸς
1526 960 1753 1030 ἀνατρο-

162 1043 289 1113 πὴν
335 1042 566 1113 ψεύδους
613 1044 895 1114 ἀλήθειαν.
932 1046 1184 1100 Φαίνεται
1205 1043 1298 1101 οὖν
1327 1050 1355 1100 ὁ
1393 1046 1621 1118 Πέτρος,
1657 1046 1753 1100 καὶ

161 1137 527 1206 χρησάμενος
558 1137 625 1206 τῇ
665 1138 911 1209 μαχαίρᾳ
966 1138 1172 1206 σαφῶς,
1201 1138 1289 1192 ὅτε
1331 1139 1392 1192 τὸ
1431 1140 1592 1193 ὠτίον
1644 1141 1753 1193 ἀπ-

166 1227 353 1296 έκοψε
380 1226 474 1281 τοῦ
493 1228 681 1282 δούλου
705 1228 798 1282 τοῦ
820 1230 1140 1301 ἀρχιερέως,
1167 1234 1263 1283 κα1⁵
1284 1232 1441 1283 τοῦτο
1469 1230 1750 1301 μυστικῶς

162 1316 317 1386 ἅμα,
360 1318 455 1371 καὶ
503 1318 848 1388 συμϐολικῶς
878 1319 1139 1374 ἐπιτελῶν
1164 1337 1178 1351 ·
1232 1322 1289 1373 ἐν
1314 1322 1455 1391 ἀρχῇ
1508 1321 1608 1392 μὲν
1639 1321 1750 1393 γὰρ

158 1408 269 1461 τοῦ
345 1409 702 1481 κηρύγματος
760 1412 812 1463 οἱ
869 1411 1179 1478 ἀπόστολοι,
1218 1411 1348 1475 ,καὶ
1401 1411 1463 1465 τὸ
1531 1411 1753 1482 νομικὸν

159 1499 397 1552 ἐποίουν
450 1501 817 1571 προσάγοντες
846 1504 912 1571 τῇ
962 1501 1102 1573 θύρᾳ
1146 1502 1224 1573 τῷ
1283 1502 1515 1568 εἰπόντι,
1542 1521 1563 1555 ι
1609 1502 1750 1574 Ἐγώ

159 1592 288 1659 εἰμι
317 1593 352 1661 ἡ
380 1590 540 1662 θύρα,
580 1612 598 1644 ι
644 1594 773 1657 τοὺς
818 1593 1074 1662 λέγοντας
1114 1594 1464 1665 ἠγαπηκέναι
1512 1594 1612 1667 τὴν
1654 1594 1749 1648 τοῦ

157 1684 341 1753 νόμου
390 1685 729 1751 δεσποτείαν,
784 1688 878 1740 καὶ
937 1687 999 1739 τὸ
1044 1688 1141 1757 τῆς
1197 1688 1447 1751 παιδείας
1496 1686 1752 1752 λαϐόντες

158 1774 421 1844 ὀπήτιον,
449 1776 748 1847 ἐπειρῶντο
775 1778 875 1847 τὴν
921 1778 1176 1850 δουλικὴν
1210 1779 1377 1850 ἀκοὴν
1419 1782 1750 1852 μετατιτρᾷν

158 1865 251 1927 είς
281 1865 600 1936 ἐλευθερίας
640 1868 906 1939 ὑπακοήν.
951 1869 1081 1922 Ὅτε
1124 1869 1181 1921 δὲ
1230 1868 1483 1935 ἀναξίους
1531 1868 1752 1941 ἔκριναν

160 1956 399 2016 ἑαυτοὺς
424 1958 472 2009 oi
496 1957 737 2011 Ἰουδαῖοι
768 1958 868 2028 τῆς
886 1959 1108 2011 αἰωνίου
1133 1958 1299 2030 ζωῆς,
1322 1961 1417 2014 καὶ
1436 1956 1504 2031 ἦν
1537 1962 1750 2033 ἀνάγκη

158 2047 482 2115 στραφῆναι
512 2046 700 2101 λοιπὸν
732 2050 813 2113 είς
841 2050 909 2103 τὰ
941 2050 1090 2120 ἔθνη,
1128 2052 1248 2103 τότε
1282 2051 1361 2121 τῷ
1402 2053 1617 2123 ῥήματι
1655 2052 1749 2107 τοῦ

157 2138 312 2191 Πνεύ
323 2156 490 2207 ματος
516 2140 886 2195 ἀποκόπτουσι
919 2143 1099 2196 τέλεον
1118 2143 1297 2197 αὐτῶν
1325 2144 1422 2215 τὴν
1452 2144 1645 2215 ἀκοὴν,
1678 2145 1753 2208 ὡς

157 2229 270 2282 ούκ
302 2231 397 2283 ἔτι·
415 2230 583 2295 ἀξίων
613 2233 781 2286 ὄντων
811 2233 898 2287 διὰ
923 2236 1021 2304 τὴν
1049 2236 1334 2288 ἀπείθειαν
1357 2235 1452 2288 τοῦ
1474 2236 1575 2306 τῆς
1604 2237 1755 2289 ἐλευ-

157 2320 362 2392 θερίας
390 2322 569 2391 λόγου’
596 2324 656 2377 τὸ
682 2325 789 2396 γὰρ
824 2328 996 2379 εἰπεῖν
1016 2343 1032 2358 ο
1071 2346 1090 2379 ι
1146 2328 1306 2399 Ὑμῖν
1334 2326 1402 2401 ἦν
1456 2332 1753 2398 ἀναγκαῖον

159 2413 391 2483 πρῶτον
444 2414 743 2487 λαληθῆναι
773 2418 865 2470 τὸν
902 2418 1059 2487 λόγον
1102 2418 1196 2471 τοῦ
1240 2420 1396 2485 Θεοῦ,
1449 2441 1467 2472 ι
1525 2440 1750 2492 μετατι-

156 2507 308 2575 τρᾷν
356 2502 426 2577 ἦν
455 2508 554 2578 τὴν
604 2508 856 2579 δουλικὴν
901 2510 1069 2582 ἀκοὴν
1108 2515 1188 2576 εἰς
1236 2514 1575 2583 ἐλευθερίανν
1600 2518 1662 2569 τὸ
1694 2518 1752 2570 δὲ

158 2598 338 2651 πάλιν
365 2600 663 2671 ἐπιφῆσαν
704 2619 723 2653 ι
779 2603 903 2655 Ὀτι
936 2603 1473 2674 ἀναξίουςεὲκρίνατε
1527 2608 1753 2671 ἑαυτοὺς

157 2690 270 2759 τῆς
302 2690 522 2744 αἰωνίου
565 2692 730 2764 ζωῆς,
769 2695 1114 2765 στρεφόμεθα
1156 2696 1237 2761 εἰς
1266 2696 1336 2751 τὰ
1364 2696 1519 2767 ἔθνη,
1551 2699 1753 2752 ἀποκό-

155 2783 267 2853 ψαι
294 2778 362 2855 ἦν
384 2783 566 2839 τέλεον
602 2784 779 2840 αὐτῶν
806 2785 907 2857 τὴν
926 2786 1118 2859 ἀκοήν.
1409 2818 1415 2824 -

776 3073 1032 3128 ΚΕΦΑΔ.
1078 3078 1154 3129 Z'.

242 3186 356 3239 Καὶ
391 3183 420 3236 ὁ
452 3183 666 3246 Παῦλος
698 3183 759 3237 τὸ
788 3182 920 3237 αύτό
955 3201 1120 3254 φησιν
1150 3185 1334 3248 αὐτοῖς
1366 3184 1564 3253 λέγων·
1601 3206 1619 3237 ι
1659 3188 1754 3241 Οἴ-

160 3294 319 3340 τινες
355 3277 415 3330 ἐν
445 3276 595 3347 νόμῳ
626 3276 941 3330 δικαιοῦσθε
989 3278 1089 3347 τῆς
1121 3278 1341 3348 χάριτος
1378 3277 1695 3344 ἐξεπέσατε.
1728 3299 1746 3331 ι

160 3371 246 3423 Τὸ
284 3369 395 3441 γὰρ
442 3369 695 3421 ἐκπεσεῖν
728 3368 829 3437 τῆς
859 3370 1085 3439 χάριτος
1124 3368 1286 3423 τοῦτο
1315 3366 1406 3441 ἦν,
1442 3371 1504 3424 τὸ
1548 3372 1752 3425 ἀποκο-

162 3463 343 3530 πῆναι
394 3460 490 3514 τοῦ
524 3460 623 3531 τῆς
665 3459 980 3529 ἐλευθερίας
1015 3460 1194 3529 λόγου.
1236 3460 1338 3513 Διά
1388 3461 1550 3516 τοῦτο
1599 3464 1751 3517 καὶὸ

162 3553 379 3624 Κύριός
410 3568 594 3623 φησιν·
634 3571 653 3604 ί
684 3551 1049 3622 Πορευθέντες
1081 3551 1458 3623 μαθητεύσατε
1484 3554 1660 3608 πάντα
1685 3554 1755 3609 τὰ

163 3646 324 3715 ἔθνη.
350 3665 369 3697 ι
398 3645 536 3717 μετά
556 3645 655 3716 τὴν
677 3646 962 3716 ἀποκοπὴν
991 3644 1084 3698 τοῦ
1113 3645 1334 3698 ἐκείνων
1362 3646 1624 3717 ὠτίουητὺ
1645 3646 1754 3700 τῶν

166 3736 347 3791 ἐθνῶν
376 3737 514 3808 πρὸς
565 3735 814 3806 ὑπακοὴν
868 3736 1101 3804 ἀνοίγων
1153 3735 1333 3791 ὠτίον.
1381 3738 1551 3791 Τοῦτο
1598 3740 1751 3810 καὶὴ

166 3829 388 3885 Παλαιὰ
418 3828 608 3901 Γραφὴ
660 3828 766 3898 πρὸ
791 3827 987 3882 πολλοῦ
1018 3829 1112 3881 καὶ
1138 3826 1346 3881 ἄνωθεν
1380 3829 1745 3901 μαρτύρεται,

173 3922 471 3993 ἀμφότερα
520 3920 815 3994 διαρρήδην
869 3918 1310 3990 προφητεύουσα,
1365 3921 1447 3973 ὅτι
1482 3922 1754 3975 κάκείνων

175 4015 599 4084 ἀποκοπήσεται
626 4014 685 4067 τὸ
706 4014 889 4076 ὠτίον,
916 4014 1012 4066 καὶ
1034 4014 1115 4066 ὅτι
1147 4015 1578 4085 προστεθήσεται
1596 4016 1755 4079 τοῦτο

176 4110 295 4171 τοῖς
323 4105 520 4159 ἔθνεσι.
554 4103 698 4175 Πρὸς
738 4104 837 4173 μὲν
883 4104 991 4173 γὰρ
1023 4102 1121 4172 τὴν
1161 4105 1492 4173 Συναγωγὴν
1524 4106 1551 4156 ὁ
1598 4106 1756 4171 Ἰεζε-

176 4198 310 4270 κιήλ
334 4212 486 4268 φησι·
519 4215 536 4246 ι
568 4195 749 4256 Ῥῖνάς
784 4211 878 4247 σου
913 4193 1008 4246 καὶ
1034 4188 1149 4246 ὧτά
1188 4210 1280 4247 σου
1307 4195 1697 4265 ἀποκόψουσιν·
1729 4218 1748 4250 ι

169 4292 304 4346 οὔτε
337 4291 447 4361 γὰρ
469 4290 571 4358 τῆς
596 4288 826 4346 εὐωδίας
854 4287 963 4339 τῶν
1011 4286 1197 4357 μύρων
1235 4288 1589 4343 ἀντελὰϐοντο
1618 4292 1754 4360 Χρι-

1856 506 2059 553 stratur
2097 515 2193 570 per
2246 514 2369 554 esse
2415 514 2615 570 anceps
2661 501 2955 556 sermonis.
3021 501 3210 558 Posset
3251 510 3436 558 autem

1854 592 2049 661 aliquis
2080 593 2218 647 duos
2242 593 2469 663 gladios}
2492 592 2695 657 dicere,
2752 593 3189 662 explanationem
3252 610 3318 649 ac
3348 604 3440 649 ve‘

1854 682 2087 738 ritatem.
2112 682 2219 737 illm
2244 698 2455 754 nempe,
2473 682 2692 754 quando
2723 684 2963 739 sermoni
2992 693 3121 737 sunt
3149 698 3432 748 connexae,

1853 773 2182 829 sufficienter
2193 775 2709 845 domantIOppositos
2728 773 2964 843 {idcirco
2977 775 3227 844 princeps
3245 789 3436 828 sacer-

1852 864 2039 920 dotum
2063 865 2115 917 in
2132 863 2384 919 rationali
2397 864 2537 919 circa
2553 870 2771 933 pectora
2788 863 3009 934 mystice
3031 862 3101 916 im
3111 864 3317 933 positas
3341 863 3440 916 ha-

1853 955 1971 1011 buit
1991 956 2436 1027 significationem
2465 965 2517 1009 et
2539 954 2820 1009 veritatem
2846 971 2859 1007 :
2898 953 3347 1025 signiﬁcationem
3369 953 3436 1008 ad

1852 1049 2268 1103 declarationem
2320 1062 2509 1103 eorum
2543 1062 2665 1117 quae
2688 1048 2973 1111 dicuntur,
2994 1055 3047 1100 et
3066 1047 3347 1100 veritatem
3370 1047 3439 1099 ad

1853 1139 2230 1194 refutationem
2271 1137 2558 1193 mendacii.
2597 1138 2822 1192 Videtur
2848 1139 3028 1206 itaque
3055 1136 3246 1191 Petrus
3272 1137 3437 1191 etiam

1853 1248 1987 1286 usus
2063 1232 2349 1301 perspicue
2395 1231 2611 1302 gladio,
2658 1229 2877 1300 quando
2939 1228 3239 1282 auriculam
3290 1228 3439 1283 servi

1853 1325 2119 1396 principis
2149 1325 2491 1379 sacerdotum
2521 1323 2758 1378 abscidit
2782 1323 2849 1388 τ’,
2887 1321 3113 1392 mystice
3143 1320 3309 1376 simul
3376 1335 3442 1375 ac

1853 1418 2148 1489 symbolice
2182 1417 2283 1472 hoc
2312 1417 2617 1486 perticiens.
2641 1414 2883 1484 Apostoli
2916 1428 3153 1483 namque
3183 1412 3239 1466 in
3279 1412 3436 1481 prin-

1853 1506 1997 1577 cipio
2026 1505 2451 1576 praedicationis,
2484 1513 2598 1558 tum
2628 1504 2798 1572 legale
2823 1503 3114 1568 faciebant,
3172 1502 3443 1557 adducen-

1853 1608 1935 1653 tes
1990 1598 2057 1652 ad
2107 1598 2329 1660 ostium,
2364 1598 2619 1652 nimirum
2656 1597 2722 1650 ad
2760 1611 2905 1660 eum,
2932 1596 3027 1663 qui
3051 1595 3229 1649 dixit:
3267 1613 3285 1645 ι
3326 1594 3436 1662 Ego

1855 1704 1977 1746 sum
2025 1689 2221 1743 ostium
2254 1689 2324 1755 ⁷³,
2358 1707 2376 1740 ι
2413 1704 2531 1750 eos,
2585 1687 2675 1758 qui
2727 1686 3091 1750 afﬁrmabant,
3142 1700 3262 1740 sese
3304 1685 3441 1753 legis

1855 1782 2196 1836 dominatum
2226 1780 2485 1834 dilexisse
2510 1796 2523 1843 ;
2555 1789 2668 1834 tum
2701 1778 3003 1847 disciplinae
3029 1777 3247 1832 ﬁbulam
3276 1776 3437 1846 585

1854 1874 2209 1942 accipientes,
2254 1871 2538 1925 tentabant
2576 1870 2823 1923 auditum
2879 1869 3135 1923 servilem
3169 1868 3235 1921 ad
3276 1868 3439 1921 liber-

1853 1966 1981 2020 tatis
2011 1963 2375 2020 obedientiam
2402 1961 2680 2031 perl'orare
2711 1979 2722 2014 :
2755 1960 2974 2030 quando
3004 1974 3134 2014 vero
3160 1957 3330 2013 Judxi
3357 1957 3443 2011 in-

1854 2057 2045 2128 dignos
2081 2071 2199 2111 sese
2240 2064 2439 2109 aeterna
2487 2053 2592 2106 vita
2628 2053 2968 2122 judicarnnt,
2998 2067 3081 2123 .ac
3130 2051 3197 2105 de
3231 2058 3433 2104 caetero

1854 2164 2137 2204 necessum
2170 2156 2287 2202 erat
2324 2145 2564 2201 converti
2598 2145 2663 2199 ad
2703 2154 2888 2214 gentes
2916 2185 2930 2207 ,
2963 2152 3102 2198 tunc
3131 2142 3298 2197 verbo
3327 2140 3446 2211 8ρί-

1851 2242 1990 2295 ritus
2015 2240 2253 2294 totaliter
2302 2254 2492 2293 eorum
2543 2238 2875 2292 abscindunt
2931 2237 3202 2295 auditum,
3255 2245 3443 2304 utpote

1853 2333 1945 2401 qui
1979 2347 2084 2385 non
2115 2330 2351 2398 amplius
2404 2337 2587 2383 essent
2634 2328 2781 2397 (ligni
2834 2328 3102 2382 libertatis
3159 2342 3435 2382 sermone.

1854 2420 2067 2475 Etenim
2112 2421 2260 2490 quod
2289 2420 2492 2474 dictum
2545 2418 2614 2473 iis
2666 2417 2875 2471 fuerit:
2916 2436 2934 2468 ε
2981 2416 3148 2471 Vobis
3191 2430 3444 2470 necessa-

1854 2514 1994 2569 rium
2024 2520 2140 2567 erat
2170 2512 2403 2582 primum
2430 2510 2576 2580 loqui
2604 2509 2694 2563 Dei
2713 2524 3022 2563 sermonem
3048 2508 3125 2573 '”;
3159 2528 3176 2559 ι
3207 2516 3325 2561 erat
3356 2506 3444 2560 hic

1854 2606 2076 2676 quidam
2122 2602 2435 2674 perforandi
2469 2602 2663 2656 modus
2702 2601 2957 2656 servilem
2999 2601 3245 2654 auditum
3281 2600 3349 2653 ad
3381 2598 3445 2652 li-

1853 2699 2119 2753 bertatem
2148 2716 2162 2764 ;
2186 2696 2330 2766 quod
2357 2705 2537 2750 autem
2571 2693 2734 2748 fuerit
2760 2694 2841 2749 eis
2863 2694 3041 2747 denuo
3070 2707 3394 2761 responsum
3422 2703 3439 2744 :

1861 2808 1879 2841 ‹
1922 2788 2061 2855 Quia
2109 2784 2669 2856 indignosjudicastis
2713 2799 2812 2838 vos
2867 2784 3015 2851 ipsos
3053 2793 3253 2836 :etcrna
3307 2781 3442 2847 vita,

1856 2880 2233 2936 convertimur
2256 2878 2319 2931 ad
2353 2885 2541 2946 gentes
2571 2875 2668 2939 ⁷⁵,ι
2693 2883 2811 2928 erat
2833 2873 2923 2927 hic
2954 2873 3175 2942 quidam
3203 2872 3446 2927 totaliter

1858 2970 2216 3029 abscindendi
2249 2969 2446 3023 modus
2481 2968 2723 3036 ipsorum
2755 2966 3024 3019 auditum.

2447 3077 2677 3134 CAPUT
2729 3077 2842 3132 Vll.

1926 3203 2069 3271 Quin
2100 3210 2152 3255 et
2180 3198 2384 3253 Paulus
2410 3196 2647 3265 idipsum
2678 3194 2785 3256 ait,
2818 3194 2898 3248 eis
2931 3193 3116 3247 dicens
3143 3209 3157 3245 :
3202 3211 3221 3244 ι
3252 3190 3355 3258 Qui
3391 3190 3443 3244 in

1854 3293 1969 3363 lege
1998 3285 2379 3361 justilicamini
2407 3282 2690 3338 cxcidistis
2734 3296 2801 3336 ex
2831 3281 3002 3351 gratia
3034 3281 3101 3333 ⁷⁸.
3132 3299 3149 3330 ι
3189 3277 3448 3332 Excidch

1854 3398 2091 3451 namque
2124 3395 2189 3434 ex
2226 3377 2395 3448 gratia
2441 3374 2585 3428 idem
2620 3380 2769 3436 erat,
2809 3384 2872 3423 ac
2905 3370 3154 3424 ahscindi
3198 3385 3228 3423 a
3273 3369 3447 3422 liber-

1853 3470 1981 3525 tatis
2010 3482 2284 3523 sermone.
2323 3465 2527 3518 ldcirco
2561 3458 2825 3513 Dominus
2848 3458 3009 3510 etiam
3035 3458 3166 3511 dicit
3194 3475 3207 3511 :
3252 3475 3269 3507 ‹
3298 3455 3448 3509 Eun-

1854 3573 1936 3618 tes
1961 3563 2152 3617 docete
2182 3546 2374 3612 omnes
2399 3562 2584 3625 gentes
2605 3552 2686 3617 77;
2723 3570 2739 3600 ι
2782 3557 2902 3617 post
2940 3548 3158 3600 illorum
3187 3547 3447 3601 auriculae

1853 3650 2365 3710 detruncationem,
2422 3643 2664 3714 gentium
2720 3638 3021 3693 auriculam
3085 3636 3332 3705 aperiens
3380 3635 3448 3689 ad

1854 3739 2245 3796 obedientiam.
2309 3734 2424 3789 lloc
2463 3739 2518 3785 et
2543 3729 2767 3798 antiqua
2799 3727 3084 3796 Scriptura
3122 3722 3446 3793 jamdudum

1854 3834 2017 3888 altius
2047 3818 2341 3900 repetendo
2368 3833 2621 3885 testatur,
2652 3831 2884 3888 utraque
2902 3830 3086 3888 aperte
3109 3814 3411 3886 praedicens
3428 3857 3444 3876 .

1854 3926 1998 3997 quod
2026 3934 2078 3978 et
2104 3923 2323 3977 illorum
2354 3918 2705 3974 abscindetur
2751 3913 2995 3968 auricula
3019 3951 3034 3975 ,
3067 3921 3121 3964 et
3148 3908 3293 3978 quod
3332 3908 3449 3962 haec

1856 4017 2216 4088 applicabitur
2247 4012 2530 4082 gentibus:
2573 4011 2650 4065 ait
2691 4009 2839 4065 enim
2878 4003 3130 4061 Ezechiel
3167 4001 3233 4055 ad
3274 3999 3448 4066 Syna-

1854 4127 2044 4183 gngam
2071 4129 2085 4164 :
2128 4129 2147 4160 ‹
2179 4107 2348 4162 Nares
2375 4115 2496 4161 tuas
2525 4114 2580 4160 et
2602 4120 2764 4160 aures
2821 4111 2941 4156 tuas
2974 4093 3391 4159 abscindent";
3424 4111 3441 4143 ι

1854 4219 1956 4259 nec
1984 4203 2128 4258 enim
2160 4202 2362 4255 bonum
2393 4199 2617 4253 odorem
2662 4202 3064 4266 unguentorum
3096 4187 3302 4243 Christi
3332 4202 3451 4256 per-

1855 4302 2113 4365 ceperunt
2144 4300 2205 4347 ut
2242 4305 2304 4345 ea
2348 4286 2659 4359 (sponsa),
2691 4302 2813 4357 quas
2842 4286 3061 4340 diccbat
3100 4297 3112 4331 :
3162 4298 3179 4329 ι
3218 4278 3276 4331 In
3315 4276 3449 4330 ode--

170 4382 327 4443 στοῦ,
351 4381 426 4443 ὼς
456 4382 490 4451 ἡ
520 4379 773 4447 λέγουσα,
802 4397 820 4429 ι
851 4380 943 4441 Et;
971 4378 1144 4449 ὀσμὴν
1179 4378 1367 4449 μύρων
1400 4396 1494 4433 σου
1517 4383 1751 4453 δραμού-

1871 4404 1972 4442 rem
2015 4391 2414 4454 unguentorum
2454 4391 2675 4435 tuorum
2707 4391 2994 4433 curremus
3019 4374 3100 4436 “’9;
3140 4390 3156 4421 ι
3205 4384 3305 4422 nec
3331 4408 3347 4432 ,
3390 4372 3452 4418 ut

178 4474 346 4545 μεθα,
387 4492 404 4523 ι
431 4471 549 4525 οὐδὲ
579 4470 655 4535 ὡς
678 4470 928 4542 πρόϐατα
958 4471 1143 4539 φωνῆς
1179 4470 1273 4523 τοῦ
1305 4472 1568 4542 Ποιμένος
1591 4474 1755 4528 ἀκοῦ-

174 4585 269 4619 σαι
304 4563 578 4635 ἠθέλησαν
601 4560 1118 4633 ἠκρωτηριασμένοι
1149 4562 1243 4614 καὶ
1275 4561 1649 4634 λελωϐημένοι
1677 4564 1748 4617 τά

172 4658 371 4725 καίρια
419 4656 527 4709 τῶν
575 4653 902 4725 αἰσθήσεων.
948 4653 1004 4706 'O
1029 4652 1085 4705 δέ
1148 4652 1375 4716 Ἡσαΐας
1416 4654 1587 4725 αὐτὴν
1643 4658 1757 4709 εἰσ-

172 4753 303 4817 άγει
326 4748 426 4818 τὴν
456 4747 516 4812 ἐξ
544 4746 713 4801 ἐθνῶν
742 4745 1026 4814 λέγουσαν,
1061 4762 1080 4796 ι
1128 4745 1445 4817 Προσὲθηκὲ
1475 4763 1563 4816 μοι
1592 4746 1754 4800 ὠτίον

171 4839 423 4905 ἀκούειν,
450 4839 591 4909 καὶὴ
619 4835 833 4891 παιδεία
864 4836 1069 4907 Κυρίου
1094 4836 1303 4904 ἀνοίγει
1328 4854 1432 4905 μου
1461 4837 1530 4889 τὰ
1552 4830 1686 4890 ῶτα·
1727 4858 1746 4890 ι

172 4926 291 4986 οἷον
323 4930 433 5001 γὰρ
452 4929 628 5003 ταύτῃ
660 4928 967 5001 προσέθηκε
1004 4929 1183 4991 ὠτίον,
1231 4929 1475 4983 τοιοῦτον
1529 4930 1748 5002 ἐκείνης

172 5022 474 5091 ἀπέκοψεν.
507 5022 617 5075 Καὶ
643 5022 819 5076 ταῦτα
847 5021 945 5092 μὲν
970 5022 1099 5092 περὶ
1136 5022 1245 5073 τῶν
1290 5022 1653 5091 πεπρακότων
1689 5024 1751 5077 τὸ

179 5114 420 5183 ιμάτιον,
453 5114 548 5168 καὶ
562 5112 837 5168 λαϐόντων
858 5114 1134 5185 μάχαιραν
1163 5113 1478 5185 ἀρκούντως
1508 5115 1749 5185 εἴρηται.

177 5204 428 5275 Εῐδωμεν
464 5206 520 5259 δὲ
550 5207 598 5259 εἰ
624 5205 827 5268 πάντες
854 5209 911 5259 ἐν
941 5205 1019 5275 τῷ
1039 5207 1225 5275 φορεῖν
1251 5205 1313 5258 τὸ
1356 5206 1599 5259 τοιοῦτον
1627 5209 1756 5277 ἱμά-

174 5316 296 5351 τιον
327 5296 602 5369 φοροῦμεν
629 5296 825 5369 ὀρθῶς,
860 5297 1047 5367 ἐπειδὴ
1074 5298 1199 5366 περί
1220 5314 1383 5350 τινων
1413 5298 1750 5368 γέγραπται,

176 5393 265 5445 ὅτι
292 5392 475 5444 πᾶσαν
509 5391 698 5461 στολὴν
724 5391 1166 5461 ἐπισυνηγμένην
1194 5391 1353 5461 δόλῳ,
1388 5392 1483 5444 καὶ
1533 5393 1753 5461 ἱμάτιον

184 5480 329 5554 μετὰ
354 5481 699 5553 καταλλαγῆς
722 5482 1092 5547 ἀποτίσουσιν,
1118 5481 1213 5535 καὶ
1252 5484 1380 5554 περὶ
1419 5483 1616 5548 ἄλλων,
1675 5487 1758 5538 ὅτι

1860 4496 1990 4537 oves
2010 4521 2025 4543 ,
2057 4492 2242 4532 vocem
2279 4474 2525 4530 Pastoris
2553 4471 2746 4527 audire
2771 4469 3061 4524 voluerunt
3100 4463 3181 4527 ⁸ο,
3212 4458 3448 4514 ιιιιιιὶιωί

1860 4569 1914 4624 in
1946 4567 2229 4629 extremis,
2265 4580 2329 4620 ac
2357 4562 2646 4635 prmcipnis
2670 4574 2935 4617 sensuum
2966 4554 3214 4626 partibus
3238 4551 3453 4603 detrun-

1859 4659 1989 4713 cati.
2026 4657 2194 4713 Isaias
2240 4666 2422 4710 autem
2458 4655 2631 4723 ipsam
2677 4650 2927 4715 inducit,
2966 4662 3089 4717 quae
3132 4659 3163 4697 e
3194 4640 3450 4712 gentibus

1858 4749 2028 4803 electa
2075 4754 2192 4810 est,
2250 4759 2507 4814 sponsam
2552 4742 2824 4797 dicentem
2870 4757 2883 4793 :
2941 4756 2960 4788 ι
3008 4732 3281 4804 Applicuit
3313 4728 3447 4784 mihi

1858 4856 2043 4894 aurem
2088 4838 2154 4891 ad
2195 4836 2565 4899 audiendum,
2615 4843 2668 4888 et
2709 4830 2999 4901 disciplina
3050 4824 3262 4880 Domini
3319 4835 3450 4891 ape-

1861 4932 1935 4986 rit
1981 4930 2112 4984 mihi
2143 4943 2304 4983 aures
2333 4928 2419 4991 ⁸¹;
2452 4945 2470 4976 ›
2506 4926 2719 4994 qualem
2771 4936 3003 4990 namque
3049 4917 3137 4972 isti
3192 4912 3451 4983 applicuit

1864 5019 2030 5090 586
2070 5017 2406 5079 auriculam,
2448 5014 2611 5068 talem
2657 5012 2726 5066 ab
2774 5010 2864 5063 illa
2912 5004 3166 5061 abscidit.
3220 4999 3287 5053 Et
3335 4999 3452 5051 haec

1861 5113 2078 5181 quidem
2117 5113 2185 5165 de
2214 5111 2296 5165 his
2321 5108 2413 5179 qui
2446 5106 2898 5162 venundederunt
2925 5110 3158 5159 vestem,
3185 5093 3453 5166 gladium-

1861 5221 1964 5274 que
2004 5213 2329 5272 acceperunt
2359 5203 2502 5256 dicta
2542 5202 2652 5255 sint
2695 5198 2831 5254 satis
2859 5196 2929 5248 ⁸⁸.
2981 5192 3276 5246 Videamus
3313 5186 3448 5255 jam,

1864 5313 1933 5352 an
1965 5312 2157 5351 omnes
2201 5295 2253 5348 in
2293 5293 2386 5348 tali
2434 5300 2586 5347 veste
2629 5289 2872 5351 terenda,
2919 5285 3068 5340 illam
3104 5289 3249 5335 recte
3276 5286 3452 5345 geste-

1867 5407 1987 5445 mns
2024 5409 2037 5445 :
2081 5385 2521 5459 quandoquidem
2571 5383 2839 5451 scriptum
2874 5386 2958 5433 est
2991 5378 3058 5431 de
3088 5371 3447 5442 quihusdam,

1867 5482 2014 5553 quod
2056 5495 2274 5535 omnem
2308 5484 2511 5531 vestem
2551 5473 2847 5529 immistam
2874 5468 3015 5523 ‘dolo
3052 5481 3115 5520 ac
3152 5474 3451 5517 vestimen-

166 5630 169 5635 ί
260 5659 304 5690 τ’
341 5658 530 5714 Matth.
559 5675 709 5719 xxvi.
739 5661 827 5716 51.
934 5660 981 5690 ⁷³
1013 5659 1171 5715 Joan.
1216 5638 1268 5728 χ,
1300 5660 1353 5715 9.
1462 5660 1507 5692 ⁷⁸
1536 5660 1654 5716 Act.
1689 5678 1751 5717 xl?

1871 5664 1919 5718 6.
2019 5660 2064 5692 ⁷⁸
2092 5659 2224 5716 ibid.
2338 5660 2382 5689 ⁷⁸
2410 5657 2587 5712 Galat.
2610 5671 2663 5728 ν,
2683 5653 2749 5728 Αι.
2848 5650 2893 5683 ⁷⁷
2916 5644 3100 5702 Matth.
3136 5655 3325 5708 xxvnl,
3354 5639 3442 5697 i9.

183 5730 231 5764 ⁷⁸
264 5730 458 5807 lizcch.
493 5746 647 5796 XXIII,
680 5732 769 5789 25.
848 5732 889 5765 1⁵⁸
921 5731 1079 5787 Cattt.
1118 5748 1153 5797 ι,
1190 5724 1263 5786 5(
1318 5732 1362 5763 ³⁰
1393 5729 1551 5787 Juan.
1596 5750 1648 5800 χ,
1678 5734 1731 5788 ὅ.

1892 5736 1994 5790 lsa.
2025 5747 2074 5798 ι,
2111 5731 2164 5787 5.
2240 5728 2287 5762 ⁸³
2310 5729 2478 5785 Amos
2537 5744 2599 5787 ll.
2638 5724 2724 5781 16.
