3808 6226
438 301 580 369 1275

1920 323 1982 383 S.
2036 320 2216 392 NILII

3545 332 3674 399 1276

429 431 548 476 tum
580 436 704 476 cum
736 424 1135 491 permutatione
1167 426 1427 494 reddent;
1468 440 1522 485 et
1561 430 1630 487 de
1675 431 1829 499 aliis,
1859 449 1987 503 qum

2114 439 2182 492 τά
2213 439 2402 510 ίμάτια
2451 439 2632 496 αὐτῶν
2672 441 3027 513 δεσμεύοντες
3062 443 3316 515 σχοινίοις
3350 450 3672 518 παραπετάο

429 516 611 562 vestes
633 524 761 563 suas
788 509 1081 566 vincientes
1108 512 1347 579 funibus,
1370 514 1641 572 faciebant
1667 520 1785 574 vela
1813 522 2004 577 adum-

433 599 677 663 brantia,
725 601 1010 670 pendentia
1058 605 1126 659 ab
1155 606 1334 662 altari.
1384 607 1575 664 Nonne
1610 611 1777 682 igitur
1811 614 2003 669 stolam

432 692 771 746 commistam
804 693 1002 748 habent
1024 696 1168 762 dolo,
1201 700 1293 768 qui
1333 701 1385 754 in
1420 701 1743 767 lmresibus,
1771 704 1836 757 ad
1872 705 2002 759 insi-

436 782 694 836 diandum
731 784 1155 854 simplicioribus
1207 792 1496 846 moralium
1531 794 1793 848 virtutum
1832 796 2001 850 vesti-

433 878 632 931 mentis
700 895 819 935 sese
867 882 1371 951 cireumamiciunt,
1416 897 1469 941 et
1505 888 1779 957 opinionis
1820 891 2001 959 potius

424 973 707 1040 speculam
758 990 918 1044 quam
947 978 1188 1043 veritate,
1226 990 1284 1034 ut
1310 981 1505 1047 aliena,
1539 982 1641 1038 ista
1673 983 1727 1037 in
1759 986 1997 1039 medium

426 1062 710 1129 proferunt
732 1106 746 1130 ,
778 1074 831 1119 et
858 1068 1089 1135 speciem
1124 1083 1461 1127 mansuetam
1492 1089 1558 1129 ac
1585 1073 1877 1145 benignam
1916 1076 1999 1131 ef-

426 1153 697 1219 formant,
745 1170 839 1225 per
877 1173 997 1225 quae
1029 1159 1301 1232 decipiant
1349 1181 1487 1234 quos
1529 1166 1596 1220 ad
1638 1165 1994 1238 perditionem

424 1246 575 1298 velut
606 1245 767 1298 hamo
798 1246 1083 1304 inescant?

982 1360 1209 1418 CAPUT
1259 1363 1391 1419 VIII.

494 1464 579 1517 Isti
618 1482 743 1522 vero
784 1470 836 1524 in
875 1470 1059 1526 loturo
1095 1476 1296 1529 saeculo
1320 1486 1497 1533 vestes
1531 1479 1666 1537 istas
1702 1497 1828 1538 cum
1867 1499 1991 1554 per-

420 1559 719 1613 mutatione
766 1565 1024 1633 reddent;
1077 1583 1174 1621 nec
1221 1569 1365 1622 enim
1411 1571 1657 1627 laborum
1695 1579 1990 1647 repromis-

418 1647 601 1703 siones
660 1654 961 1723 recipient,
1017 1659 1109 1711 sed
1151 1660 1513 1729 supplicium,
1559 1674 1615 1719 et
1649 1668 1989 1736 punitionem

2104 547 2286 599 σματα
2316 533 2533 587 ἐποίουν
2554 534 2786 604 ἐχόμενα
2814 535 2909 588 τοῦ
2940 535 3351 608 θυσιαστηρίου.
3398 539 3496 609 Μή
3549 558 3672 593 ’.τοτε

2100 619 2195 676 οῦν
2223 624 2416 695 στολὴν
2445 628 2885 699 ἑπισυνηγμένην
2908 628 3045 699 δόλῳ
3077 629 3316 700 ἔχουσιν,
3353 632 3407 683 οἱ
3452 634 3517 683 ἐν
3558 636 3672 695 cui;

2100 715 2378 785 αἱρέσεσιν
2431 717 2517 769 ἐπ’
2568 718 2758 791 ἐνέδρᾳ
2801 720 2910 772 τῶν
2960 721 3387 793 ἁπλουστέρων,
3445 723 3518 775 τὰ
3568 724 3671 774 τῶν

2099 806 2305 873 ἠθικῶν
2334 808 2544 878 ἀρετῶν
2595 811 2966 881 ἀμπεχόμενοι
3013 814 3227 882 ἱμάτια,
3271 814 3673 885 δοκησισκοπξᾳ

2102 899 2300 968 μᾶλλον
2326 899 2358 970 ῆ
2390 902 2615 972 ἀληθεία
2635 903 2709 964 ὡς
2728 903 2980 973 ἀλλότρια
3005 904 3177 957 ταῦτα
3198 905 3659 974 παρατιθέμενοι.

2098 990 2192 1043 καὶ
2221 990 2404 1061 σχῆμα
2433 994 2604 1062 πρᾶον
2634 993 2730 1046 καὶ
2760 994 3001 1057 ἐπιεικὲς
3042 995 3585 1065 ὲπιμορφαζόμενοι,
3608 997 3668 1047 δι’

2096 1073 2171 1134 ὧν
2198 1082 2508 1145 δελεάζουσι
2556 1085 2684 1147 τοὺς
2740 1085 2833 1137 ἐπὶ
2860 1086 2960 1156 τὴν
2990 1085 3269 1141 ἀπώλειαν
3314 1087 3671 1158 ἀγκιστρευο-

2097 1174 2296 1245 μένους
2314 1190 2328 1238 ;

2703 1362 2952 1416 ΚΕΦΔΔ.
2978 1361 3063 1418 H'.

2162 1466 2320 1527 Οὗτοι
2349 1473 2405 1527 δὲ
2437 1475 2575 1543 μετά
2620 1473 2965 1543 καταλλαγῆς
3004 1474 3063 1525 ὲν
3090 1471 3167 1543 τῷ
3205 1472 3462 1542 μέλλοντι
3489 1472 3662 1535 αἰῶνι,

2089 1564 2160 1618 τά
2191 1565 2416 1619 τοιαῦτα
2465 1565 2815 1618 ἀποτίσουσιν
2866 1567 3084 1634 ἱμάτια·
3144 1567 3205 1617 ού
3265 1565 3377 1633 γὰρ
3430 1564 3663 1633 ἀμοιϐὰς

2092 1656 2270 1708 πόνων
2330 1656 2718 1725 ἀπολήψονται,
2774 1655 2909 1709 ἀλλά
2972 1655 3244 1726 τιμωρίαν
3303 1656 3402 1708 καὶ
3444 1656 3663 1707 κόλασιν

413 1736 751 1807 deceptionis
791 1746 1072 1813 pendent,
1120 1746 1230 1802 Deo
1263 1750 1543 1816 judicante
1584 1754 1846 1812 ultionem
1894 1760 1987 1813 ad-

2095 1744 2194 1814 τῆς
2221 1746 2437 1815 ἀπάτης
2482 1744 2807 1809 ἐκτίσουσιν,
2867 1743 3205 1807 ἐκδικοῦντος
3247 1744 3537 1814 ἐκδίκησιν
3574 1740 3661 1795 τοῦ

417 1840 605 1881 versus
641 1845 767 1895 eos,
809 1835 901 1902 qui
939 1835 1144 1890 alienas
1188 1837 1423 1893 induunt
1469 1850 1683 1907 vestes,
1728 1846 1803 1899 uti
1851 1847 1984 1902 dicit

416 1919 558 1985 apud
608 1921 757 1975 illum
813 1927 1169 1994 prophetam;
1221 1930 1421 1984 etenim
1473 1934 1831 2005 quodcunque
1879 1954 1986 1994 non

415 2021 636 2077 propter
669 2013 843 2082 ipsum
871 2016 1069 2071 bonum
1090 2061 1105 2085 ,
1153 2020 1244 2073 sed
1289 2025 1461 2091 gratia
1501 2025 1731 2095 alicujus
1762 2028 1987 2085 alterius

415 2103 493 2156 rei
532 2104 609 2167 Iit,
646 2121 748 2159 non
778 2108 951 2161 solum
981 2110 1186 2179 absque
1225 2115 1474 2169 mercede
1507 2116 1650 2179 erit,
1678 2133 1863 2172 verum
1902 2130 1989 2174 est

411 2194 706 2249 obnoxium
751 2198 1030 2253 reddendae
1075 2202 1316 2264 rationi,
1374 2204 1605 2259 maxime
1651 2208 1869 2275 quando
1926 2209 1988 2263 ﬁt

413 2279 483 2333 ad
524 2282 745 2337 insidias
780 2285 1100 2353 videntium,
1133 2306 1256 2343 eum
1280 2292 1350 2345 sit
1378 2293 1623 2361 deceptio
1639 2296 1988 2365 simpliciori-

414 2374 539 2431 bus.
591 2375 727 2435 Nam
779 2395 920 2437 vana
966 2382 1139 2453 gloria
1186 2386 1428 2441 laborem
1467 2389 1685 2446 virtutis
1739 2393 1985 2448 inutilem

411 2469 612 2535 ellicit,
659 2482 713 2525 et
769 2471 1097 2543 eﬂatigatmn
1142 2480 1357 2534 aeternis
1402 2480 1579 2549 privat
1618 2486 1983 2550 mercedibus;

422 2559 538 2629 ipsa
572 2578 891 2633 magnorum
934 2565 1096 2637 587
1140 2569 1391 2624 laborum
1425 2588 1635 2629 merces
1674 2577 1797 2631 vilis
1827 2579 1983 2647 pretii

413 2650 588 2714 facta,
633 2670 696 2709 ac
722 2658 1035 2725 temporalis
1073 2668 1159 2713 est
1189 2660 1589 2719 laboriosorum
1621 2670 1982 2724 certaminum

410 2744 722 2810 celebritas,
758 2746 1041 2818 honosque
1080 2751 1340 2808 velociter
1372 2757 1660 2824 transiens,
1692 2770 1983 2833 antequam

410 2835 701 2890 etlloruerit
728 2840 968 2894 marcida
998 2881 1012 2903 ,
1048 2852 1098 2896 et
1134 2846 1453 2915 priusquam
1486 2853 1873 2909 convenienter
1903 2858 1984 2911 vi-

414 2927 591 2989 guerit
625 2926 765 2994 pube
798 2944 1195 2987 consenescens
1218 2946 1399 2993 exuta.
1437 2937 1656 2996 Pietatis
1686 2954 1864 2998 autem
1896 2961 1983 3002 re-

420 3017 626 3083 ligiosm
652 3018 824 3071 forma
861 3036 983 3075 cum
1016 3024 1330 3094 deceptione
1357 3030 1649 3087 artiﬁciose
1692 3034 1838 3101 ﬁcta,
1872 3052 1980 3091 non

2097 1836 2234 1889 Θεοῦ
2264 1837 2355 1888 ἐπὶ
2384 1837 2509 1899 τοὺς
2538 1836 2921 1905 ένδεδυμένους
2948 1835 3220 1904 ἐνδύματα
3266 1835 3555 1905 ἀλλότρια,
3593 1834 3663 1895 ὼς

2104 1930 2162 1982 ὲν
2194 1928 2269 1999 τῷ
2300 1933 2549 2000 προφήτῃ
2585 1929 2776 1998 φησίν·
2815 1930 2922 1981 πᾶν
2950 1928 3059 1999 γάρ
3083 1929 3111 1980 ὃ
3149 1929 3223 1998 μὴ
3265 1928 3435 1981 αὑτοῦ
3484 1930 3663 1981 ἕνεκεν

2092 2019 2187 2073 τοῦ
2224 2020 2410 2085 καλοῦ,
2431 2020 2590 2073 ἄλλου
2619 2019 2678 2072 δέ
2721 2036 2865 2082 τινος
2910 2018 3117 2087 γίνεται
3165 2018 3348 2088 χάριν,
3388 2018 3451 2070 ού
3511 2019 3662 2088 μόνον

2092 2113 2341 2184 ἄμισθον,
2366 2112 2422 2165 ἀ)
2434 2112 2500 2164 λὰ
2516 2112 2611 2165 καὶ
2637 2111 2934 2164 ὑπεύθυνον
2953 2111 3189 2181 μάλιστα
3209 2112 3340 2163 ὅταν
3364 2111 3457 2162 ἐπ’
3476 2110 3663 2180 ἐνέδρᾳ

2092 2204 2389 2275 πράττεται
2405 2202 2514 2256 τῶν
2528 2202 2797 2274 ὁρώντων,
2825 2202 3013 2273 δέλεαρ
3032 2201 3309 2263 ἀπωλείας
3323 2203 3442 2263 τοῖς
3465 2201 3661 2254 ἁπλου-

2093 2295 2303 2365 στέροις
2323 2294 2625 2363 γινόμενον.
2654 2293 2946 2361 Κενοδοξία
2969 2295 3067 2362 μὲν
3090 2292 3198 2364 γάρ
3228 2293 3501 2362 ἀνόνητον
3528 2295 3661 2345 ποιεῖ

2089 2386 2182 2439 τὸν
2216 2387 2375 2439 πόνον
2430 2384 2532 2455 τῆς
2588 2385 2819 2455 ἀρετῆς,
2882 2385 2978 2438 καὶ
3022 2384 3133 2438 τῶν
3177 2384 3421 2437 αίωνίων
3461 2382 3661 2454 μισθῶν

2089 2478 2388 2547 ἀποστερεῖ
2410 2476 2499 2529 τὸν
2532 2476 2831 2546 κάμνοντα,
2876 2475 3016 2547 αὕτη
3057 2475 3311 2545 μεγάλων
3356 2475 3548 2527 πόνων
3581 2474 3662 2526 εῦ-

2087 2586 2223 2633 ωνος
2269 2569 2529 2641 γινομένη
2579 2567 2793 2638 μισθὸς,
2850 2568 2946 2621 καὶ
2994 2567 3333 2638 πρόσκαιρος
3384 2564 3663 2619 ἐπιπόνων

2088 2663 2263 2718 ἄθλων
2288 2661 2554 2732 εὐφημία,
2586 2659 2840 2731 καὶτιμὴ
2887 2659 3198 2730 ὠκύμορος,
3248 2658 3387 2728 πρὶν
3434 2657 3667 2727 ἀνθῆσαι

2091 2754 2486 2825 μαραινομένη,
2510 2753 2604 2807 καὶ
2620 2750 2924 2823 παρηᾶῦσα
2952 2751 3086 2818 πρὶν
3113 2750 3367 2820 ἀκμᾶσαι
3399 2748 3653 2811 δεόντως.

2086 2848 2381 2907 Εὐσεϐείας
2428 2847 2486 2899 δὲ
2538 2846 2817 2916 μόρφωσις
2870 2845 2962 2898 ἐπὶ
3020 2844 3205 2915 ἀπάτῃ
3255 2843 3658 2913 τεχναζομὲνη,

2085 2940 2187 2993 οὐκ
2210 2940 2413 2993 εἰκαῖον
2430 2938 2541 3008 ἔχει
2563 2938 2723 3009 μόνον
2746 2937 2834 2990 τὸν
2856 2937 3123 3007 κάματον,
3149 2936 3287 2989 ἀλλά
3313 2935 3413 2987 καὶ
3456 2933 3665 2987 ἐπικίν-

2085 3030 2259 3099 δυνον,
2304 3032 2363 3084 οὐ
2412 3030 2613 3101 ζημίαν
2654 3028 2883 3099 μισθῶν,
2907 3028 3129 3081 κόλασιν
3161 3027 3219 3080 δὲ
3284 3027 3519 3097 μακρὰν
3567 3043 3664 3080 κα·

409 3104 585 3158 solum
620 3106 780 3161 habet
818 3108 1057 3165 laborem
1107 3113 1313 3168 futilem
1341 3157 1356 3181 ,
1396 3134 1581 3173 verum
1620 3123 1783 3177 etiam
1823 3125 1971 3193 peri-

2094 3120 2497 3193 ςαδικαζομένη,
2526 3121 2619 3174 κα)⁸
2646 3120 2767 3173 λίαν
2801 3119 3095 3174 ἐπώδυνον.
3126 3118 3313 3181 Οὕτως
3352 3116 3663 3188 μοχθήσασί

408 3195 658 3250 culosum
680 3238 695 3262 ,
724 3199 849 3253 dum
883 3216 991 3256 non
1020 3202 1085 3255 ad
1124 3207 1435 3261 mercedum
1478 3210 1653 3263 solum
1690 3213 1986 3268 detrimen-

411 3294 524 3337 tum
550 3327 562 3344 .
610 3289 701 3340 sed
725 3290 886 3342 etiam
924 3293 987 3345 ad
1021 3294 1354 3362 punitionem
1392 3299 1659 3367 prolixam
1682 3343 1697 3368 ,
1738 3319 1801 3359 ac
1831 3306 1987 3361 valde

410 3391 778 3463 terumuosam
809 3380 1172 3450 adjudicetur.
1220 3386 1293 3441 Ita
1324 3388 1646 3457 quibusdam
1677 3394 1982 3466 eﬂ‘atigatis,

411 3449 730 3537 tantumque
760 3449 1001 3528 laberem
1042 3449 1478 3546 amplexantibus
1510 3485 1723 3542 dicebat
1754 3449 1985 3558 Ap'osto:

412 3559 533 3612 lus:
578 3577 596 3610 ι
639 3562 809 3617 'l‘anta
841 3566 987 3632 passi
1016 3568 1149 3622 estis
1176 3570 1294 3625 sine
1325 3588 1487 3628 causa
1527 3576 1603 3642 ⁸³,
1637 3597 1656 3630 ι
1690 3595 1784 3633 seu
1820 3580 1986 3636 futili-

410 3657 512 3713 ter,
544 3669 563 3702 ι
581 3652 627 3706 si
657 3662 833 3708 tamen
856 3658 975 3713 sine
999 3675 1186 3715 causa.
1210 3681 1229 3714 ι
1256 3664 1499 3719 Primum
1520 3668 1649 3723 illud
1674 3671 1791 3725 sine
1821 3688 1986 3729 causa

410 3744 593 3808 posuit
636 3758 855 3815 propter
891 3749 1274 3807 detrimentum
1308 3759 1659 3826 mercedum;
1691 3764 1983 3817 secundum

411 3847 538 3888 vero
555 3835 669 3889 sine
687 3854 869 3901 causa,
896 3840 949 3895 in
980 3842 1421 3902 lamentationem
1454 3852 1754 3918 punitionis
1785 3869 1981 3924 exspe-

409 3926 637 3981 ctandze.
663 3928 803 3993 Quin
821 3932 983 3987 etiam
1010 3935 1295 4003 pendentia
1315 3939 1430 3994 vela
1458 3941 1526 3995 ah
1547 3942 1703 3998 altari
1721 3946 1982 4016 colligan-

408 4022 491 4070 ινδ
520 4016 740 4074 funibus
754 4024 1075 4080 vestimenta
1116 4027 1324 4084 faciunt
1351 4031 1577 4088 forsitan
1597 4035 1763 4106 aliqui
1798 4054 1864 4093 ex
1913 4054 1978 4095 ec

406 4101 752 4172 Clesiaslicis,
780 4110 901 4167 illos
928 4113 1278 4174 simulatione
1298 4120 1593 4187 imitant’es,
1618 4101 1711 4194 qui
1758 4128 1862 4183 sub
1890 4130 1988 4185 ob-

408 4195 659 4252 tendente
677 4202 796 4254 velo
819 4204 958 4259 intra
972 4217 1179 4275 sancta,
1195 4224 1330 4278 pure
1341 4226 1497 4267 sacra
1513 4216 1985 4277 administrabant.

406 4281 659 4344 Aliudest
674 4306 865 4366 nempe
883 4295 1056 4350 velum
1071 4297 1349 4369 obtegens,
1368 4302 1577 4359 etaliud
1596 4307 1772 4362 velum
1804 4310 1991 4366 obum-

410 4372 595 4440 brans,
617 4388 671 4431 et
695 4380 742 4436 si
773 4384 1050 4439 nominum
1079 4387 1376 4446 similitudo
1407 4394 1637 4449 occultet
1664 4397 1977 4465 discrimen,

2083 3231 2210 3275 τισι,
2242 3212 2335 3266 καὶ
2373 3211 2612 3266 τοιοῦτον
2663 3210 3081 3282 ἀναδεξαμένοις
3112 3211 3296 3274 πόνον,
3334 3211 3363 3262 δ
3406 3211 3664 3263 Ἀπόστο-

2081 3303 2170 3367 λος
2191 3302 2363 3371 ἔλεγε·
2404 3321 2423 3353 ι
2459 3301 2707 3355 Τοσαῦτα
2733 3302 2963 3355 ἐπάθετε
2989 3301 3132 3370 είκῆ,
3166 3300 3284 3368 είγε
3322 3299 3426 3353 καὶ
3448 3300 3603 3370 είκῆ·
3637 3316 3657 3349 ι

2082 3393 2143 3446 τὸ
2177 3392 2296 3463 μὲν,
2331 3393 2475 3461 είκῆ,
2517 3391 2685 3456 τάξας
2717 3392 2810 3444 ἐπὶ
2834 3392 2933 3461 τῆς
2965 3390 3070 3443 τῶν
3102 3389 3313 3460 μισθῶν
3345 3390 3579 3459 ζημίας,
3606 3388 3663 3441 τὺ

2083 3484 2160 3548 δὲ,
2192 3484 2308 3554 εῐγε
2338 3485 2430 3539 καὶ
2482 3484 2627 3553 είκῆ,
2661 3484 2754 3536 ἐπὶ
2809 3482 3157 3553 σχετλιασμῷ
3202 3483 3663 3552 προσδοκωμένης

2084 3572 2379 3636 κολάσεως.
2422 3572 2687 3641 Ἐχόμενα
2733 3570 2789 3623 δὲ
2849 3570 2945 3623 τοῦ
3002 3570 3396 3640 θυσιαστηρίου
3456 3570 3662 3624 ποιοῦσι

2084 3662 2562 3734 παραπετάσματα
2605 3660 2962 3731 δεσμεύοντες
3021 3660 3277 3730 σχοινίοις
3315 3659 3385 3713 τὰ
3450 3661 3662 3730 ἱμάτια,

2083 3754 2223 3824 τάχα
2253 3753 2397 3817 τινὲς
2425 3752 2654 3807 καὶτῶν
2693 3752 3165 3823 ὲκκλησιαστικῶν
3216 3751 3557 3823 μιμούμενοι
3601 3754 3662 3822 τῇ

2089 3844 2378 3916 ὑποκρίσει
2429 3844 2555 3909 τοὺς
2603 3843 2755 3907 ὲντὺς
2799 3844 2907 3898 τῶν
2956 3845 3127 3911 ἁγίων
3164 3842 3271 3897 ὑπὸ
3306 3843 3384 3914 τῷ
3422 3860 3662 3897 καταπε-

2085 3938 2323 4007 τάσματι
2382 3936 2831 4007 λειτουργοῦντας
2900 3936 3100 4005 ἀγνῶς.
3156 3936 3323 3989 Ἀλλο
3370 3937 3489 4007 γάρ
3554 3937 3663 3988 ἐστι

2088 4026 2504 4096 καταπέτασμα,
2560 4026 2655 4080 καὶ
2706 4026 2834 4079 ἀλλο
2889 4025 3320 4098 παραπέτασμα,
3383 4028 3437 4079 εί
3494 4028 3591 4079 καὶ
3632 4025 3663 4095 ἡ

2087 4118 2344 4188 ὁμοιότης
2376 4118 2483 4172 τῶν
2512 4117 2790 4188 ὀνομάτων
2814 4118 2915 4188 τὴν
2945 4119 3005 4171 ὲν
3027 4120 3140 4181 τοῖς
3173 4118 3505 4188 πράγμασιν
3532 4121 3664 4171 ἀπο-

2088 4209 2322 4279 κρύπτει
2371 4207 2654 4278 διαφοράν.
2714 4208 2787 4260 Τὸ
2838 4208 2937 4277 μὲν
2982 4207 3091 4278 γάρ
3142 4207 3564 4278 παραπέτασμα
3594 4206 3665 4271 ὡς

2090 4300 2244 4371 ἔτυχε
2276 4301 2613 4372 σχεδιάζεται
2643 4300 2710 4353 δι’
2769 4301 3013 4369 ἀνάγκην
3038 4298 3133 4354 τοῦ
3176 4298 3252 4370 μὴ
3308 4300 3566 4370 αἰθρίωςι
3587 4300 3666 4367 δη·

2094 4392 2443 4464 μοσιεύεσθαι
2473 4393 2540 4447 τά
2559 4391 2948 4462 συγκαλύψεως
2968 4391 3219 4459 δεόμενα,
3244 4390 3510 4459 πλαγίοις
3532 4390 3663 4443 τισὶν

409 4468 653 4534 quodest
674 4471 724 4523 in
747 4474 937 4529 rebus:
961 4479 1199 4533 etvelum
1220 4468 1571 4549 aduinhrans,
1592 4487 1661 4539 ob
1689 4491 1985 4544 necessita-

2094 4485 2428 4557 ἑκατέρωθεν
2463 4485 2890 4557 προσηρτημένα
2914 4483 3130 4554 δεσμοῖς
3170 4482 3333 4552 δεξιῷ
3371 4484 3535 4553 μέρει
3580 4482 3664 4533 καὶ

414 4565 539 4619 tem,
582 4573 637 4614 ut
670 4579 793 4619 sors
827 4566 1028 4646 tulerit_,
1062 4586 1128 4624 cx
1161 4582 1403 4643 tempore
1432 4590 1849 4646 apparatur,°ne
1886 4585 1989 4639 sub

412 4649 504 4701 dio
534 4653 871 4719 publicentur
899 4641 1021 4729 quae
1046 4641 1412 4721 occultatione
1445 4641 1689 4738 indigent
1710 4714 1725 4737 ,
1752 4673 1988 4743 obliquis

411 4741 667 4808 utrinque
696 4747 926 4803 vinculis
956 4752 1286 4818 quibusdam
1321 4772 1614 4826 appensum
1660 4776 1691 4815 e
1728 4741 1947 4818 dextera
1968 4805 1984 4830 ,

408 4838 463 4881 et
504 4832 725 4886 sinistra
768 4845 917 4904 parte
944 4840 1077 4894 nihil
1108 4849 1543 4911 supereminente
1602 4851 1781 4917 quoad
1812 4853 1989 4907 altitu-

410 4920 591 4973 dinem
623 4940 635 4974 :
679 4936 732 4978 at
755 4926 930 4981 velum
960 4930 1221 5002 obtegens
1248 4948 1276 4985 a
1306 4939 1836 5004 supereminentihus
1868 4944 1981 4997 vin-

409 5012 548 5065 culis
577 5012 826 5071 dvorsum
861 5018 1050 5083 fertur,
1076 5026 1312 5081 nominis
1334 5028 1505 5098 ipsius
1528 5032 1759 5100 (scilicet
1784 5035 1984 5106 velum)

409 5101 618 5170 origine
644 5105 959 5175 designante
985 5112 1132 5166 lintei
1161 5116 1398 5171 volatum
1441 5135 1471 5173 a
1509 5122 1774 5190 superiori
1806 5101 1980 5193 parte.

415 5192 479 5246 Et
521 5193 685 5258 forte,
732 5201 949 5267 quando
986 5203 1278 5262 virtutibus
1324 5208 1565 5264 laborem
1613 5192 1986 5282 amplesamur

2091 4577 2385 4649 ἀριστερῷ,
2420 4579 2514 4632 καὶ
2536 4578 2688 4632 οὐδὲν
2716 4577 3034 4647 ὑπερέχοντι
3063 4575 3207 4629 κατὰ
3229 4576 3293 4627 τὸ
3324 4574 3467 4642 ὕψος
3486 4592 3501 4605 ο
3536 4574 3595 4627 τὺ
3613 4573 3662 4625 δὲ

2090 4670 2489 4739 καταπέτασμα
2515 4669 2574 4736 ἐξ
2624 4668 3001 4741 ὑπερεχόντων
3047 4664 3263 4736 δεσμῶν
3292 4667 3659 4738 κατεώρηται,

2088 4760 2190 4831 τὴν
2224 4762 2427 4816 ἄνωθεν
2463 4762 2806 4832 κατάπτησιν
2834 4758 2937 4828 τῆς
2978 4759 3169 4828 ὀθόνης
3209 4758 3661 4828 ἐτυμολογοῦνως

2088 4852 2182 4907 τοῦ
2215 4854 2495 4924 ὀνόματος.
2527 4856 2635 4907 Καὶ
2665 4854 2805 4922 τάχα
2834 4853 2965 4905 ὅταν
2993 4851 3092 4922 μὲν
3120 4849 3211 4904 τὸν
3253 4850 3354 4903 ἐπὶ
3380 4853 3513 4913 ταῖς
3557 4852 3662 4921 dpe-

2087 4948 2209 5008 ταῖς
2231 4944 2389 4998 πόνον
2414 4945 2803 5015 ἀναδεχόμεθα,
2826 4942 2913 4997 διά
2940 4944 3031 4997 τὴν
3061 4944 3119 4995 ὲν
3166 4940 3245 5011 τῷ
3280 4940 3528 5013 κρυπτῷ
3563 4939 3661 5011 βλέ-

2091 5052 2262 5088 ποντα
2295 5036 2590 5107 Δεσπότην,
2613 5036 2707 5090 καὶ
2726 5035 2852 5098 τοὺς
2883 5035 2994 5088 τῶν
3023 5032 3331 5103 ἀνθρώπων
3365 5034 3527 5086 κάτω
3554 5034 3660 5084 λαν-

2089 5123 2337 5188 θάνοντες
2365 5125 2694 5194 ὀφθαλμοὺς,
2725 5125 2801 5197 τῷ
2830 5123 3036 5179 ἀνωθεν
3061 5122 3258 5193 ὁρῶντι
3308 5122 3467 5194 μόνῳ
3512 5135 3658 5191 φανε-

2093 5215 2299 5285 ροῦμεν
2322 5216 2383 5269 τὸ
2406 5216 2712 5286 γινόμενον.

412 5297 633 5355 propter
660 5290 927 5347 videntem
976 5295 1031 5349 in
1069 5301 1282 5353 occulto
1322 5299 1647 5370 Dominum,
1692 5305 1989 5375 oculosque
2027 5306 2310 5363 hominum
2373 5307 2513 5363 intra
2570 5308 2897 5363 exsistentes
2920 5305 3185 5371 latemus,
3224 5304 3275 5360 ei
3311 5304 3410 5376 qui
3441 5304 3658 5373 desuper

413 5379 565 5433 solus
593 5380 766 5447 videt,
804 5384 947 5451 quod
975 5386 1063 5451 tit,
1098 5390 1475 5457 expandimus.

909 5475 1075 5547 533
1121 5479 1349 5534 CAPUT
1398 5481 1485 5535 Ix.

487 5561 936 5631 Quanquuidcm
981 5579 1036 5624 et
1076 5584 1139 5627 ea
1184 5585 1371 5629 mensa
1409 5573 1795 5646 propositionis
1834 5577 1977 5635 dicta

496 5720 541 5751 ⁸³
571 5720 744 5777 Galat.
775 5740 857 5792 ιιι,
878 5727 931 5781 «ί.

2925 5483 3037 5537 .Θ’

2925 5523 2939 5537 .
2974 5483 3037 5535 8’

2167 5574 2383 5649 Ἐπειδὴ
2404 5572 2499 5629 καὶ
2528 5573 2562 5645 ὴ
2594 5483 3073 5645 πρόξεῗῗέἓνωθεν
3087 5570 3199 5642 ἔχει
3226 5569 3329 5645 τὴν
3358 5574 3545 5630 αἰτίαν
3573 5571 3655 5646 τῆς
