  <div class='ocr_page' id='page_1' title='image "/cluster/home/n/w/nwhite01/storage/ocr_20150623/79/nnc1.0038021404/729.png"; bbox 0 0 3808 6226; ppageno 0'>
   <div class='ocr_carea' id='block_1_1' title="bbox 475 284 609 349">
    <p class='ocr_par' dir='ltr' id='par_1_1' title="bbox 475 284 609 349">
     <span class='ocr_line' id='line_1_1' title="bbox 475 284 609 349; baseline 0.03 -4"><span class='ocrx_word' id='word_1_1' title='bbox 475 284 609 349; x_wconf 71' lang='lat'><strong>1279</strong></span> 
     </span>
    </p>
   </div>
   <div class='ocr_carea' id='block_1_2' title="bbox 1918 301 2215 363">
    <p class='ocr_par' dir='ltr' id='par_1_2' title="bbox 1918 301 2215 363">
     <span class='ocr_line' id='line_1_2' title="bbox 1918 301 2215 363; baseline 0.01 -3"><span class='ocrx_word' id='word_1_2' title='bbox 1918 301 2215 363; x_wconf 81' lang='lat' dir='ltr'><strong>SPURIA.</strong></span> 
     </span>
    </p>
   </div>
   <div class='ocr_carea' id='block_1_3' title="bbox 3594 298 3721 363">
    <p class='ocr_par' dir='ltr' id='par_1_3' title="bbox 3594 298 3721 363">
     <span class='ocr_line' id='line_1_3' title="bbox 3594 298 3721 363; baseline 0.031 -4"><span class='ocrx_word' id='word_1_3' title='bbox 3594 298 3721 363; x_wconf 49' lang='lat'><strong>1%</strong></span> 
     </span>
    </p>
   </div>
   <div class='ocr_carea' id='block_1_4' title="bbox 475 402 2065 484">
    <p class='ocr_par' dir='ltr' id='par_1_4' title="bbox 475 402 2044 480">
     <span class='ocr_line' id='line_1_4' title="bbox 475 402 2044 480; baseline 0.005 -23"><span class='ocrx_word' id='word_1_4' title='bbox 475 404 609 458; x_wconf 83' lang='lat' dir='ltr'><strong>mihi</strong></span> <span class='ocrx_word' id='word_1_5' title='bbox 651 402 867 458; x_wconf 66' lang='lat' dir='ltr'><strong>videtur</strong></span> <span class='ocrx_word' id='word_1_6' title='bbox 911 420 1009 475; x_wconf 89' lang='lat' dir='ltr'><strong>per</strong></span> <span class='ocrx_word' id='word_1_7' title='bbox 1036 407 1343 476; x_wconf 84' lang='lat' dir='ltr'><strong>symbolum</strong></span> <span class='ocrx_word' id='word_1_8' title='bbox 1386 408 1725 480; x_wconf 78' lang='lat' dir='ltr'><strong>signiﬁcare;</strong></span> <span class='ocrx_word' id='word_1_9' title='bbox 1764 411 2044 475; x_wconf 86' lang='lat' dir='ltr'><strong>nimirum,</strong></span> 
     </span>
    </p>
   </div>
   <div class='ocr_carea' id='block_1_5' title="bbox 2173 402 3717 484">
    <p class='ocr_par' dir='ltr' id='par_1_5' title="bbox 2173 404 3717 484">
     <span class='ocr_line' id='line_1_5' title="bbox 2173 404 3717 484; baseline -0.001 -19"><span class='ocrx_word' id='word_1_10' title='bbox 2173 412 2322 476; x_wconf 80' lang='grc' dir='ltr'>ιῦτως</span> <span class='ocrx_word' id='word_1_11' title='bbox 2351 413 2493 484; x_wconf 82' lang='grc' dir='ltr'><strong>ἀρχὴ</strong></span> <span class='ocrx_word' id='word_1_12' title='bbox 2538 412 2729 483; x_wconf 78' lang='grc' dir='ltr'>σοφίας</span> <span class='ocrx_word' id='word_1_13' title='bbox 2766 412 2932 482; x_wconf 72' lang='grc' dir='ltr'>φόϐος</span> <span class='ocrx_word' id='word_1_14' title='bbox 2963 412 3190 484; x_wconf 78' lang='grc' dir='ltr'>Κυρίου,</span> <span class='ocrx_word' id='word_1_15' title='bbox 3230 409 3421 464; x_wconf 84' lang='grc' dir='ltr'>τοῦτον</span> <span class='ocrx_word' id='word_1_16' title='bbox 3463 404 3563 464; x_wconf 73' lang='grc' dir='ltr'>οὖν</span> <span class='ocrx_word' id='word_1_17' title='bbox 3600 428 3717 465; x_wconf 64' lang='grc' dir='ltr'><strong>ση-</strong></span> 
     </span>
    </p>
   </div>
   <div class='ocr_carea' id='block_1_6' title="bbox 474 495 2048 569">
    <p class='ocr_par' dir='ltr' id='par_1_6' title="bbox 474 495 2048 569">
     <span class='ocr_line' id='line_1_6' title="bbox 474 495 2048 569; baseline 0.005 -20"><span class='ocrx_word' id='word_1_18' title='bbox 474 495 644 564; x_wconf 83' lang='lat' dir='ltr'><strong>quod,</strong></span> <span class='ocrx_word' id='word_1_19' title='bbox 672 497 815 551; x_wconf 84' lang='lat' dir='ltr'><strong>sicut</strong></span> <span class='ocrx_word' id='word_1_20' title='bbox 851 497 1064 553; x_wconf 78' lang='lat' dir='ltr'><strong>tlmbria</strong></span> <span class='ocrx_word' id='word_1_21' title='bbox 1090 508 1173 554; x_wconf 90' lang='lat' dir='ltr'><strong>est</strong></span> <span class='ocrx_word' id='word_1_22' title='bbox 1200 501 1413 554; x_wconf 89' lang='lat' dir='ltr'><strong>initium</strong></span> <span class='ocrx_word' id='word_1_23' title='bbox 1448 505 1638 569; x_wconf 84' lang='lat' dir='ltr'><strong>vestis,</strong></span> <span class='ocrx_word' id='word_1_24' title='bbox 1674 503 1745 557; x_wconf 83' lang='lat' dir='ltr'><strong>ita</strong></span> <span class='ocrx_word' id='word_1_25' title='bbox 1785 522 1804 555; x_wconf 75' lang='grc' dir='ltr'><strong>ι</strong></span> <span class='ocrx_word' id='word_1_26' title='bbox 1835 504 2048 558; x_wconf 90' lang='lat' dir='ltr'><strong>initium</strong></span> 
     </span>
    </p>
   </div>
   <div class='ocr_carea' id='block_1_7' title="bbox 476 586 2055 663">
    <p class='ocr_par' dir='ltr' id='par_1_7' title="bbox 476 586 2055 663">
     <span class='ocr_line' id='line_1_7' title="bbox 476 586 2055 663; baseline 0.005 -24"><span class='ocrx_word' id='word_1_27' title='bbox 476 586 778 653; x_wconf 71' lang='lat' dir='ltr'><strong>sapientiae,</strong></span> <span class='ocrx_word' id='word_1_28' title='bbox 808 588 970 642; x_wconf 92' lang='lat' dir='ltr'><strong>timor</strong></span> <span class='ocrx_word' id='word_1_29' title='bbox 1001 588 1211 645; x_wconf 85' lang='lat' dir='ltr'><strong>Domini</strong></span> <span class='ocrx_word' id='word_1_30' title='bbox 1238 590 1282 622; x_wconf 81' lang='grc'>⁸⁵</span> <span class='ocrx_word' id='word_1_31' title='bbox 1307 610 1323 657; x_wconf 85' lang='lat'><strong><em>;</em></strong></span> <span class='ocrx_word' id='word_1_32' title='bbox 1354 610 1371 642; x_wconf 75' lang='grc' dir='ltr'><strong>ι</strong></span> <span class='ocrx_word' id='word_1_33' title='bbox 1408 592 1550 648; x_wconf 88' lang='lat' dir='ltr'><strong>hunc</strong></span> <span class='ocrx_word' id='word_1_34' title='bbox 1574 594 1738 663; x_wconf 85' lang='lat' dir='ltr'><strong>igitur</strong></span> <span class='ocrx_word' id='word_1_35' title='bbox 1767 594 2055 648; x_wconf 79' lang='lat' dir='ltr'><strong>subtexere</strong></span> 
     </span>
    </p>
   </div>
   <div class='ocr_carea' id='block_1_8' title="bbox 476 679 2051 754">
    <p class='ocr_par' dir='ltr' id='par_1_8' title="bbox 476 679 2051 754">
     <span class='ocr_line' id='line_1_8' title="bbox 476 679 2051 754; baseline 0.006 -27"><span class='ocrx_word' id='word_1_36' title='bbox 476 686 695 744; x_wconf 85' lang='lat' dir='ltr'><strong>oportet</strong></span> <span class='ocrx_word' id='word_1_37' title='bbox 738 679 888 733; x_wconf 90' lang='lat' dir='ltr'><strong>omni</strong></span> <span class='ocrx_word' id='word_1_38' title='bbox 937 680 1158 734; x_wconf 81' lang='lat' dir='ltr'><strong>virtutis</strong></span> <span class='ocrx_word' id='word_1_39' title='bbox 1212 684 1523 737; x_wconf 76' lang='lat' dir='ltr'><strong>summitate</strong></span> <span class='ocrx_word' id='word_1_40' title='bbox 1576 685 2051 754; x_wconf 76' lang='lat' dir='ltr'><strong>(quandoquidem</strong></span> 
     </span>
    </p>
   </div>
   <div class='ocr_carea' id='block_1_9' title="bbox 478 767 2056 839">
    <p class='ocr_par' dir='ltr' id='par_1_9' title="bbox 478 767 2056 839">
     <span class='ocr_line' id='line_1_9' title="bbox 478 767 2056 839; baseline 0.004 -18"><span class='ocrx_word' id='word_1_41' title='bbox 478 767 821 823; x_wconf 82' lang='lat' dir='ltr'><strong>summitates</strong></span> <span class='ocrx_word' id='word_1_42' title='bbox 865 770 1266 839; x_wconf 83' lang='lat' dir='ltr'><strong>quodammodo</strong></span> <span class='ocrx_word' id='word_1_43' title='bbox 1313 784 1443 828; x_wconf 88' lang='lat' dir='ltr'><strong>sunt</strong></span> <span class='ocrx_word' id='word_1_44' title='bbox 1486 773 1707 831; x_wconf 70' lang='lat' dir='ltr'><strong>fallaces</strong></span> <span class='ocrx_word' id='word_1_45' title='bbox 1755 776 1822 829; x_wconf 84' lang='lat' dir='ltr'><strong>ad</strong></span> <span class='ocrx_word' id='word_1_46' title='bbox 1867 792 2056 831; x_wconf 87' lang='lat' dir='ltr'><strong>amen-</strong></span> 
     </span>
    </p>
   </div>
   <div class='ocr_carea' id='block_1_10' title="bbox 481 857 2055 937">
    <p class='ocr_par' dir='ltr' id='par_1_10' title="bbox 481 857 2055 937">
     <span class='ocr_line' id='line_1_10' title="bbox 481 857 2055 937; baseline 0.007 -27"><span class='ocrx_word' id='word_1_47' title='bbox 481 858 611 911; x_wconf 86' lang='lat' dir='ltr'><strong>tiam</strong></span> <span class='ocrx_word' id='word_1_48' title='bbox 657 857 1046 929; x_wconf 87' lang='lat' dir='ltr'><strong>deturquentes</strong></span> <span class='ocrx_word' id='word_1_49' title='bbox 1078 878 1174 917; x_wconf 88' lang='lat' dir='ltr'><strong>eos</strong></span> <span class='ocrx_word' id='word_1_50' title='bbox 1210 864 1299 932; x_wconf 86' lang='lat' dir='ltr'><strong>qui</strong></span> <span class='ocrx_word' id='word_1_51' title='bbox 1342 880 1533 934; x_wconf 89' lang='lat' dir='ltr'><strong>parum</strong></span> <span class='ocrx_word' id='word_1_52' title='bbox 1570 868 1849 937; x_wconf 91' lang='lat' dir='ltr'><strong>sapiunt),</strong></span> <span class='ocrx_word' id='word_1_53' title='bbox 1881 878 1940 921; x_wconf 92' lang='lat' dir='ltr'><strong>ut</strong></span> <span class='ocrx_word' id='word_1_54' title='bbox 1985 867 2055 922; x_wconf 91' lang='lat' dir='ltr'><strong>ob</strong></span> 
     </span>
    </p>
   </div>
   <div class='ocr_carea' id='block_1_11' title="bbox 478 950 2054 1029">
    <p class='ocr_par' dir='ltr' id='par_1_11' title="bbox 478 950 2054 1029">
     <span class='ocr_line' id='line_1_11' title="bbox 478 950 2054 1029; baseline 0.006 -27"><span class='ocrx_word' id='word_1_55' title='bbox 478 950 670 1004; x_wconf 90' lang='lat' dir='ltr'><strong>oculos</strong></span> <span class='ocrx_word' id='word_1_56' title='bbox 699 952 895 1007; x_wconf 61' lang='lat' dir='ltr'><strong>anima:</strong></span> <span class='ocrx_word' id='word_1_57' title='bbox 932 952 1094 1008; x_wconf 90' lang='lat' dir='ltr'><strong>timor</strong></span> <span class='ocrx_word' id='word_1_58' title='bbox 1120 955 1221 1009; x_wconf 89' lang='lat' dir='ltr'><strong>iste</strong></span> <span class='ocrx_word' id='word_1_59' title='bbox 1255 956 1622 1013; x_wconf 86' lang='lat' dir='ltr'><strong>indesinenter</strong></span> <span class='ocrx_word' id='word_1_60' title='bbox 1648 960 1888 1029; x_wconf 82' lang='lat' dir='ltr'><strong>agitatus</strong></span> <span class='ocrx_word' id='word_1_61' title='bbox 1909 1001 1924 1024; x_wconf 92' lang='lat'><strong>,</strong></span> <span class='ocrx_word' id='word_1_62' title='bbox 1957 974 2054 1013; x_wconf 87' lang='lat' dir='ltr'><strong>co-</strong></span> 
     </span>
    </p>
   </div>
   <div class='ocr_carea' id='block_1_12' title="bbox 480 1042 2050 1120">
    <p class='ocr_par' dir='ltr' id='par_1_12' title="bbox 480 1042 2050 1120">
     <span class='ocr_line' id='line_1_12' title="bbox 480 1042 2050 1120; baseline 0.006 -25"><span class='ocrx_word' id='word_1_63' title='bbox 480 1042 665 1098; x_wconf 84' lang='lat' dir='ltr'><strong>hibeat</strong></span> <span class='ocrx_word' id='word_1_64' title='bbox 698 1052 965 1099; x_wconf 88' lang='lat' dir='ltr'><strong>tumorem</strong></span> <span class='ocrx_word' id='word_1_65' title='bbox 990 1046 1357 1102; x_wconf 86' lang='lat' dir='ltr'><strong>irrationalem</strong></span> <span class='ocrx_word' id='word_1_66' title='bbox 1383 1049 1435 1102; x_wconf 88' lang='lat' dir='ltr'><strong>itt</strong></span> <span class='ocrx_word' id='word_1_67' title='bbox 1468 1050 1629 1104; x_wconf 89' lang='lat' dir='ltr'><strong>rebus</strong></span> <span class='ocrx_word' id='word_1_68' title='bbox 1668 1050 1807 1105; x_wconf 89' lang='lat' dir='ltr'><strong>bene</strong></span> <span class='ocrx_word' id='word_1_69' title='bbox 1849 1050 2014 1120; x_wconf 81' lang='lat' dir='ltr'><strong>gestis</strong></span> <span class='ocrx_word' id='word_1_70' title='bbox 2035 1092 2050 1116; x_wconf 94' lang='lat'><strong>,</strong></span> 
     </span>
    </p>
   </div>
   <div class='ocr_carea' id='block_1_13' title="bbox 481 1138 2053 1211">
    <p class='ocr_par' dir='ltr' id='par_1_13' title="bbox 481 1138 2053 1211">
     <span class='ocr_line' id='line_1_13' title="bbox 481 1138 2053 1211; baseline 0.001 -18"><span class='ocrx_word' id='word_1_71' title='bbox 481 1139 814 1207; x_wconf 83' lang='lat' dir='ltr'><strong>edoceatque</strong></span> <span class='ocrx_word' id='word_1_72' title='bbox 846 1138 1043 1193; x_wconf 83' lang='lat' dir='ltr'><strong>virtute</strong></span> <span class='ocrx_word' id='word_1_73' title='bbox 1070 1140 1395 1208; x_wconf 70' lang='lat' dir='ltr'><strong>praeditum,</strong></span> <span class='ocrx_word' id='word_1_74' title='bbox 1438 1141 1583 1210; x_wconf 92' lang='lat' dir='ltr'><strong>quod</strong></span> <span class='ocrx_word' id='word_1_75' title='bbox 1630 1142 1756 1197; x_wconf 89' lang='lat' dir='ltr'><strong>licet</strong></span> <span class='ocrx_word' id='word_1_76' title='bbox 1796 1143 1912 1211; x_wconf 81' lang='lat' dir='ltr'><strong>ipse</strong></span> <span class='ocrx_word' id='word_1_77' title='bbox 1951 1142 2053 1198; x_wconf 85' lang='lat' dir='ltr'><strong>sibi</strong></span> 
     </span>
    </p>
   </div>
   <div class='ocr_carea' id='block_1_14' title="bbox 484 1230 2057 1305">
    <p class='ocr_par' dir='ltr' id='par_1_14' title="bbox 484 1230 2057 1305">
     <span class='ocr_line' id='line_1_14' title="bbox 484 1230 2057 1305; baseline 0.004 -22"><span class='ocrx_word' id='word_1_78' title='bbox 484 1232 826 1286; x_wconf 81' lang='lat' dir='ltr'><strong>subtexnerit</strong></span> <span class='ocrx_word' id='word_1_79' title='bbox 867 1240 1107 1297; x_wconf 83' lang='lat' dir='ltr'><strong>vestem,</strong></span> <span class='ocrx_word' id='word_1_80' title='bbox 1149 1230 1289 1287; x_wconf 88' lang='lat' dir='ltr'><strong>Deus</strong></span> <span class='ocrx_word' id='word_1_81' title='bbox 1328 1242 1571 1288; x_wconf 84' lang='lat' dir='ltr'><strong>attamen</strong></span> <span class='ocrx_word' id='word_1_82' title='bbox 1615 1244 1736 1301; x_wconf 87' lang='lat' dir='ltr'><strong>est,</strong></span> <span class='ocrx_word' id='word_1_83' title='bbox 1780 1235 1871 1305; x_wconf 92' lang='lat' dir='ltr'><strong>qui</strong></span> <span class='ocrx_word' id='word_1_84' title='bbox 1910 1235 2057 1290; x_wconf 84' lang='lat' dir='ltr'><strong>dedit</strong></span> 
     </span>
    </p>
   </div>
   <div class='ocr_carea' id='block_1_15' title="bbox 484 1323 2055 1395">
    <p class='ocr_par' dir='ltr' id='par_1_15' title="bbox 484 1323 2055 1395">
     <span class='ocr_line' id='line_1_15' title="bbox 484 1323 2055 1395; baseline 0.004 -19"><span class='ocrx_word' id='word_1_85' title='bbox 484 1323 862 1393; x_wconf 87' lang='lat' dir='ltr'><strong>hujuscemodi</strong></span> <span class='ocrx_word' id='word_1_86' title='bbox 904 1333 1131 1380; x_wconf 63' lang='lat' dir='ltr'><strong>textura:</strong></span> <span class='ocrx_word' id='word_1_87' title='bbox 1176 1326 1494 1395; x_wconf 66' lang='lat' dir='ltr'><strong>sapientiast:</strong></span> <span class='ocrx_word' id='word_1_88' title='bbox 1520 1368 1535 1390; x_wconf 89' lang='lat'><strong>,</strong></span> <span class='ocrx_word' id='word_1_89' title='bbox 1577 1340 1630 1383; x_wconf 91' lang='lat' dir='ltr'><strong>et</strong></span> <span class='ocrx_word' id='word_1_90' title='bbox 1661 1329 1730 1382; x_wconf 92' lang='lat' dir='ltr'><strong>ob</strong></span> <span class='ocrx_word' id='word_1_91' title='bbox 1758 1329 1809 1383; x_wconf 93' lang='lat' dir='ltr'><strong>id</strong></span> <span class='ocrx_word' id='word_1_92' title='bbox 1845 1328 2055 1383; x_wconf 82' lang='lat' dir='ltr'><strong>auctori</strong></span> 
     </span>
    </p>
   </div>
   <div class='ocr_carea' id='block_1_16' title="bbox 486 1417 2058 1489">
    <p class='ocr_par' dir='ltr' id='par_1_16' title="bbox 486 1417 2058 1489">
     <span class='ocr_line' id='line_1_16' title="bbox 486 1417 2058 1489; baseline 0.004 -20"><span class='ocrx_word' id='word_1_93' title='bbox 486 1417 733 1471; x_wconf 72' lang='lat' dir='ltr'><strong>scientize</strong></span> <span class='ocrx_word' id='word_1_94' title='bbox 757 1458 771 1482; x_wconf 93' lang='lat'><strong>,</strong></span> <span class='ocrx_word' id='word_1_95' title='bbox 813 1425 868 1471; x_wconf 87' lang='lat' dir='ltr'><strong>et</strong></span> <span class='ocrx_word' id='word_1_96' title='bbox 894 1432 1003 1472; x_wconf 92' lang='lat' dir='ltr'><strong>non</strong></span> <span class='ocrx_word' id='word_1_97' title='bbox 1037 1419 1287 1487; x_wconf 86' lang='lat' dir='ltr'><strong>operario</strong></span> <span class='ocrx_word' id='word_1_98' title='bbox 1319 1429 1487 1473; x_wconf 85' lang='lat' dir='ltr'><strong>totam</strong></span> <span class='ocrx_word' id='word_1_99' title='bbox 1514 1429 1730 1489; x_wconf 85' lang='lat' dir='ltr'><strong>oportet</strong></span> <span class='ocrx_word' id='word_1_100' title='bbox 1758 1420 2058 1475; x_wconf 90' lang='lat' dir='ltr'><strong>attribuere</strong></span> 
     </span>
    </p>
   </div>
   <div class='ocr_carea' id='block_1_17' title="bbox 484 1508 2055 1576">
    <p class='ocr_par' dir='ltr' id='par_1_17' title="bbox 484 1508 2055 1576">
     <span class='ocr_line' id='line_1_17' title="bbox 484 1508 2055 1576; baseline 0.004 -16"><span class='ocrx_word' id='word_1_101' title='bbox 484 1508 779 1575; x_wconf 84' lang='lat' dir='ltr'><strong>virtutem;</strong></span> <span class='ocrx_word' id='word_1_102' title='bbox 829 1510 911 1565; x_wconf 84' lang='lat' dir='ltr'><strong>sic</strong></span> <span class='ocrx_word' id='word_1_103' title='bbox 951 1511 1096 1565; x_wconf 86' lang='lat' dir='ltr'><strong>enim</strong></span> <span class='ocrx_word' id='word_1_104' title='bbox 1141 1512 1318 1566; x_wconf 85' lang='lat' dir='ltr'><strong>virtus</strong></span> <span class='ocrx_word' id='word_1_105' title='bbox 1373 1522 1484 1564; x_wconf 92' lang='lat' dir='ltr'><strong>tum</strong></span> <span class='ocrx_word' id='word_1_106' title='bbox 1528 1514 1630 1567; x_wconf 87' lang='lat' dir='ltr'><strong>erit</strong></span> <span class='ocrx_word' id='word_1_107' title='bbox 1672 1513 1970 1576; x_wconf 78' lang='lat' dir='ltr'><strong>illustrior,</strong></span> <span class='ocrx_word' id='word_1_108' title='bbox 2011 1512 2055 1567; x_wconf 91' lang='lat' dir='ltr'><strong>si</strong></span> 
     </span>
    </p>
   </div>
   <div class='ocr_carea' id='block_1_18' title="bbox 483 1602 2059 1674">
    <p class='ocr_par' dir='ltr' id='par_1_18' title="bbox 483 1602 2059 1674">
     <span class='ocr_line' id='line_1_18' title="bbox 483 1602 2059 1674; baseline 0.003 -21"><span class='ocrx_word' id='word_1_109' title='bbox 483 1615 603 1654; x_wconf 91' lang='lat' dir='ltr'><strong>eam</strong></span> <span class='ocrx_word' id='word_1_110' title='bbox 636 1616 775 1671; x_wconf 90' lang='lat' dir='ltr'><strong>opus</strong></span> <span class='ocrx_word' id='word_1_111' title='bbox 807 1617 930 1658; x_wconf 89' lang='lat' dir='ltr'><strong>esse</strong></span> <span class='ocrx_word' id='word_1_112' title='bbox 968 1604 1057 1657; x_wconf 86' lang='lat' dir='ltr'><strong>Dei</strong></span> <span class='ocrx_word' id='word_1_113' title='bbox 1104 1602 1400 1668; x_wconf 80' lang='lat' dir='ltr'><strong>fateamur;</strong></span> <span class='ocrx_word' id='word_1_114' title='bbox 1453 1614 1566 1659; x_wconf 88' lang='lat' dir='ltr'><strong>tum</strong></span> <span class='ocrx_word' id='word_1_115' title='bbox 1608 1605 1729 1674; x_wconf 89' lang='lat' dir='ltr'><strong>ejus</strong></span> <span class='ocrx_word' id='word_1_116' title='bbox 1769 1606 2059 1674; x_wconf 87' lang='lat' dir='ltr'><strong>acquisitio</strong></span> 
     </span>
    </p>
   </div>
   <div class='ocr_carea' id='block_1_19' title="bbox 487 1696 2056 1765">
    <p class='ocr_par' dir='ltr' id='par_1_19' title="bbox 487 1696 2056 1765">
     <span class='ocr_line' id='line_1_19' title="bbox 487 1696 2056 1765; baseline 0.004 -19"><span class='ocrx_word' id='word_1_117' title='bbox 487 1708 681 1747; x_wconf 74' lang='lat' dir='ltr'><strong>secura</strong></span> <span class='ocrx_word' id='word_1_118' title='bbox 716 1708 901 1749; x_wconf 84' lang='lat' dir='ltr'><strong>manet</strong></span> <span class='ocrx_word' id='word_1_119' title='bbox 927 1696 1229 1765; x_wconf 89' lang='lat' dir='ltr'><strong>acquirenti</strong></span> <span class='ocrx_word' id='word_1_120' title='bbox 1252 1739 1266 1762; x_wconf 89' lang='lat'><strong>,</strong></span> <span class='ocrx_word' id='word_1_121' title='bbox 1296 1711 1405 1765; x_wconf 71' lang='lat' dir='ltr'><strong>prae</strong></span> <span class='ocrx_word' id='word_1_122' title='bbox 1434 1696 1525 1749; x_wconf 91' lang='lat' dir='ltr'><strong>Dei</strong></span> <span class='ocrx_word' id='word_1_123' title='bbox 1555 1698 1747 1752; x_wconf 87' lang='lat' dir='ltr'><strong>timore</strong></span> <span class='ocrx_word' id='word_1_124' title='bbox 1768 1741 1781 1762; x_wconf 94' lang='lat'><strong>,</strong></span> <span class='ocrx_word' id='word_1_125' title='bbox 1820 1708 1933 1751; x_wconf 90' lang='lat' dir='ltr'><strong>tum</strong></span> <span class='ocrx_word' id='word_1_126' title='bbox 1960 1699 2056 1752; x_wconf 86' lang='lat' dir='ltr'><strong>de-</strong></span> 
     </span>
    </p>
   </div>
   <div class='ocr_carea' id='block_1_20' title="bbox 2156 502 3723 574">
    <p class='ocr_par' dir='ltr' id='par_1_20' title="bbox 2156 502 3723 574">
     <span class='ocr_line' id='line_1_20' title="bbox 2156 502 3723 574; baseline -0.003 -17"><span class='ocrx_word' id='word_1_127' title='bbox 2156 503 2403 573; x_wconf 82' lang='grc' dir='ltr'>υφαίνειν</span> <span class='ocrx_word' id='word_1_128' title='bbox 2427 503 2529 567; x_wconf 86' lang='grc' dir='ltr'>δεῖ,</span> <span class='ocrx_word' id='word_1_129' title='bbox 2556 504 2717 557; x_wconf 72' lang='grc' dir='ltr'>παντὶ</span> <span class='ocrx_word' id='word_1_130' title='bbox 2745 503 2901 574; x_wconf 75' lang='grc' dir='ltr'><strong>ἄκρῳ</strong></span> <span class='ocrx_word' id='word_1_131' title='bbox 2925 503 3025 572; x_wconf 82' lang='grc' dir='ltr'>τῆς</span> <span class='ocrx_word' id='word_1_132' title='bbox 3053 502 3273 572; x_wconf 85' lang='grc' dir='ltr'>ἀρετῆς,</span> <span class='ocrx_word' id='word_1_133' title='bbox 3306 502 3503 570; x_wconf 73' lang='grc' dir='ltr'>ἐπειδὴ</span> <span class='ocrx_word' id='word_1_134' title='bbox 3540 505 3723 572; x_wconf 73' lang='grc' dir='ltr'>σφαλε-</span> 
     </span>
    </p>
   </div>
   <div class='ocr_carea' id='block_1_21' title="bbox 2158 594 3725 666">
    <p class='ocr_par' dir='ltr' id='par_1_21' title="bbox 2158 594 3725 666">
     <span class='ocr_line' id='line_1_21' title="bbox 2158 594 3725 666; baseline -0.001 -18"><span class='ocrx_word' id='word_1_135' title='bbox 2158 596 2246 666; x_wconf 91' lang='grc' dir='ltr'><strong>ραί</strong></span> <span class='ocrx_word' id='word_1_136' title='bbox 2276 614 2392 658; x_wconf 89' lang='grc' dir='ltr'><strong>πως</strong></span> <span class='ocrx_word' id='word_1_137' title='bbox 2439 597 2494 648; x_wconf 87' lang='grc' dir='ltr'><strong>αί</strong></span> <span class='ocrx_word' id='word_1_138' title='bbox 2547 596 2847 665; x_wconf 76' lang='grc' dir='ltr'><strong>ἀκρότητες</strong></span> <span class='ocrx_word' id='word_1_139' title='bbox 2889 596 3026 665; x_wconf 78' lang='grc' dir='ltr'>πρὸς</span> <span class='ocrx_word' id='word_1_140' title='bbox 3064 594 3327 647; x_wconf 83' lang='grc' dir='ltr'>ἀπόνοιαν</span> <span class='ocrx_word' id='word_1_141' title='bbox 3360 594 3725 664; x_wconf 74' lang='grc' dir='ltr'>ἐκτρέπουσιι</span> 
     </span>
    </p>
   </div>
   <div class='ocr_carea' id='block_1_22' title="bbox 2153 684 3723 757">
    <p class='ocr_par' dir='ltr' id='par_1_22' title="bbox 2153 684 3723 757">
     <span class='ocr_line' id='line_1_22' title="bbox 2153 684 3723 757; baseline -0.003 -18"><span class='ocrx_word' id='word_1_142' title='bbox 2153 688 2279 750; x_wconf 80' lang='grc' dir='ltr'>τοὺς</span> <span class='ocrx_word' id='word_1_143' title='bbox 2307 687 2681 757; x_wconf 83' lang='grc' dir='ltr'>ὀλιγόφρονας,</span> <span class='ocrx_word' id='word_1_144' title='bbox 2719 687 2805 738; x_wconf 80' lang='grc' dir='ltr'>ἵνα</span> <span class='ocrx_word' id='word_1_145' title='bbox 2831 686 2937 756; x_wconf 84' lang='grc' dir='ltr'>πρὸ</span> <span class='ocrx_word' id='word_1_146' title='bbox 2970 685 3079 738; x_wconf 85' lang='grc' dir='ltr'>τῶν</span> <span class='ocrx_word' id='word_1_147' title='bbox 3100 684 3405 753; x_wconf 78' lang='grc' dir='ltr'>ὀφθαλμῶν</span> <span class='ocrx_word' id='word_1_148' title='bbox 3425 684 3537 753; x_wconf 83' lang='grc' dir='ltr'>τῆς</span> <span class='ocrx_word' id='word_1_149' title='bbox 3563 685 3723 755; x_wconf 49' lang='lat' dir='ltr'><strong>tinxi;</strong></span> 
     </span>
    </p>
   </div>
   <div class='ocr_carea' id='block_1_23' title="bbox 2156 775 3725 848">
    <p class='ocr_par' dir='ltr' id='par_1_23' title="bbox 2156 775 3725 848">
     <span class='ocr_line' id='line_1_23' title="bbox 2156 775 3725 848; baseline -0.003 -15"><span class='ocrx_word' id='word_1_150' title='bbox 2156 779 2516 842; x_wconf 74' lang='grc' dir='ltr'><strong>ἀδιαλείπτως</strong></span> <span class='ocrx_word' id='word_1_151' title='bbox 2585 778 2941 847; x_wconf 84' lang='grc' dir='ltr'>σαλευόμενος</span> <span class='ocrx_word' id='word_1_152' title='bbox 2989 776 3330 848; x_wconf 80' lang='grc' dir='ltr'>καταστέλλῃ</span> <span class='ocrx_word' id='word_1_153' title='bbox 3370 775 3437 828; x_wconf 78' lang='grc' dir='ltr'>τὸ</span> <span class='ocrx_word' id='word_1_154' title='bbox 3486 777 3587 829; x_wconf 73' lang='grc' dir='ltr'><strong>ἐπὶ</strong></span> <span class='ocrx_word' id='word_1_155' title='bbox 3632 782 3725 838; x_wconf 61' lang='lat' dir='ltr'><strong>rei;</strong></span> 
     </span>
    </p>
   </div>
   <div class='ocr_carea' id='block_1_24' title="bbox 2154 870 3721 944">
    <p class='ocr_par' dir='ltr' id='par_1_24' title="bbox 2154 870 3721 944">
     <span class='ocr_line' id='line_1_24' title="bbox 2154 870 3721 944; baseline -0.003 -19"><span class='ocrx_word' id='word_1_156' title='bbox 2154 870 2572 944; x_wconf 83' lang='grc' dir='ltr'><strong>κατορθώμασιν</strong></span> <span class='ocrx_word' id='word_1_157' title='bbox 2616 871 2809 939; x_wconf 75' lang='grc' dir='ltr'>ἄλογον</span> <span class='ocrx_word' id='word_1_158' title='bbox 2861 871 3083 939; x_wconf 78' lang='grc' dir='ltr'>οἴδημα,</span> <span class='ocrx_word' id='word_1_159' title='bbox 3117 870 3211 923; x_wconf 78' lang='grc' dir='ltr'><strong>καὶ</strong></span> <span class='ocrx_word' id='word_1_160' title='bbox 3239 870 3485 939; x_wconf 75' lang='grc' dir='ltr'>διδάσκῃ</span> <span class='ocrx_word' id='word_1_161' title='bbox 3521 870 3617 921; x_wconf 59' lang='grc' dir='ltr'><strong>τον</strong></span> <span class='ocrx_word' id='word_1_162' title='bbox 3653 872 3721 921; x_wconf 70' lang='grc' dir='ltr'><strong>ἒν-</strong></span> 
     </span>
    </p>
   </div>
   <div class='ocr_carea' id='block_1_25' title="bbox 2157 962 3722 1035">
    <p class='ocr_par' dir='ltr' id='par_1_25' title="bbox 2157 962 3722 1035">
     <span class='ocr_line' id='line_1_25' title="bbox 2157 962 3722 1035; baseline -0.001 -18"><span class='ocrx_word' id='word_1_163' title='bbox 2157 964 2351 1035; x_wconf 84' lang='grc' dir='ltr'>άρετον</span> <span class='ocrx_word' id='word_1_164' title='bbox 2379 966 2460 1017; x_wconf 82' lang='grc' dir='ltr'><strong>ὅτι</strong></span> <span class='ocrx_word' id='word_1_165' title='bbox 2489 963 2596 1017; x_wconf 85' lang='grc' dir='ltr'>κᾶν</span> <span class='ocrx_word' id='word_1_166' title='bbox 2623 964 2784 1027; x_wconf 83' lang='grc' dir='ltr'>αὐτὸς</span> <span class='ocrx_word' id='word_1_167' title='bbox 2810 962 2989 1032; x_wconf 78' lang='grc' dir='ltr'>ἐαυτῷ</span> <span class='ocrx_word' id='word_1_168' title='bbox 3011 962 3241 1033; x_wconf 77' lang='grc' dir='ltr'>ὲξύφηνε</span> <span class='ocrx_word' id='word_1_169' title='bbox 3269 963 3334 1015; x_wconf 80' lang='grc' dir='ltr'>τὸ</span> <span class='ocrx_word' id='word_1_170' title='bbox 3357 963 3611 1033; x_wconf 69' lang='grc' dir='ltr'>ἱμάτιον,</span> <span class='ocrx_word' id='word_1_171' title='bbox 3634 962 3722 1015; x_wconf 62' lang='grc' dir='ltr'>ἀλλ’</span> 
     </span>
    </p>
   </div>
   <div class='ocr_carea' id='block_1_26' title="bbox 2154 1052 3721 1123">
    <p class='ocr_par' dir='ltr' id='par_1_26' title="bbox 2154 1052 3721 1123">
     <span class='ocr_line' id='line_1_26' title="bbox 2154 1052 3721 1123; baseline -0.001 -16"><span class='ocrx_word' id='word_1_172' title='bbox 2154 1055 2183 1107; x_wconf 88' lang='grc' dir='ltr'><strong>ὁ</strong></span> <span class='ocrx_word' id='word_1_173' title='bbox 2208 1054 2341 1118; x_wconf 85' lang='grc' dir='ltr'>Θεὸς</span> <span class='ocrx_word' id='word_1_174' title='bbox 2366 1055 2482 1107; x_wconf 74' lang='grc' dir='ltr'>ἐστι</span> <span class='ocrx_word' id='word_1_175' title='bbox 2515 1056 2544 1108; x_wconf 83' lang='grc' dir='ltr'><strong>ὁ</strong></span> <span class='ocrx_word' id='word_1_176' title='bbox 2563 1052 2810 1117; x_wconf 82' lang='grc' dir='ltr'>δεδωκὼς</span> <span class='ocrx_word' id='word_1_177' title='bbox 2836 1052 2936 1123; x_wconf 81' lang='grc' dir='ltr'>τὴν</span> <span class='ocrx_word' id='word_1_178' title='bbox 2984 1053 3171 1121; x_wconf 85' lang='grc' dir='ltr'>σοφίαν</span> <span class='ocrx_word' id='word_1_179' title='bbox 3208 1052 3301 1105; x_wconf 80' lang='grc' dir='ltr'><strong>τοῦ</strong></span> <span class='ocrx_word' id='word_1_180' title='bbox 3354 1052 3615 1107; x_wconf 75' lang='grc' dir='ltr'>τοιούτου</span> <span class='ocrx_word' id='word_1_181' title='bbox 3643 1054 3721 1121; x_wconf 71' lang='grc' dir='ltr'><strong>ὑφ-</strong></span> 
     </span>
    </p>
   </div>
   <div class='ocr_carea' id='block_1_27' title="bbox 2156 1144 3720 1216">
    <p class='ocr_par' dir='ltr' id='par_1_27' title="bbox 2156 1144 3720 1216">
     <span class='ocr_line' id='line_1_27' title="bbox 2156 1144 3720 1216; baseline -0.007 -17"><span class='ocrx_word' id='word_1_182' title='bbox 2156 1147 2421 1216; x_wconf 83' lang='grc' dir='ltr'>άσματος,</span> <span class='ocrx_word' id='word_1_183' title='bbox 2465 1145 2561 1198; x_wconf 73' lang='grc' dir='ltr'><strong>καὶ</strong></span> <span class='ocrx_word' id='word_1_184' title='bbox 2590 1146 2791 1216; x_wconf 87' lang='grc' dir='ltr'>πρέπει</span> <span class='ocrx_word' id='word_1_185' title='bbox 2816 1144 2895 1213; x_wconf 83' lang='grc' dir='ltr'><strong>τῷ</strong></span> <span class='ocrx_word' id='word_1_186' title='bbox 2919 1144 3077 1213; x_wconf 84' lang='grc' dir='ltr'>αίτίῳ</span> <span class='ocrx_word' id='word_1_187' title='bbox 3107 1144 3205 1212; x_wconf 84' lang='grc' dir='ltr'>τῆς</span> <span class='ocrx_word' id='word_1_188' title='bbox 3234 1146 3590 1214; x_wconf 71' lang='grc' dir='ltr'><strong>ἐπιστήμης,</strong></span> 
     </span>
    </p>
   </div>
   <div class='ocr_carea' id='block_1_28' title="bbox 2160 1234 3723 1308">
    <p class='ocr_par' dir='ltr' id='par_1_28' title="bbox 2160 1234 3723 1308">
     <span class='ocr_line' id='line_1_28' title="bbox 2160 1234 3723 1308; baseline -0.002 -19"><span class='ocrx_word' id='word_1_189' title='bbox 2160 1237 2234 1308; x_wconf 81' lang='grc' dir='ltr'>μὴ</span> <span class='ocrx_word' id='word_1_190' title='bbox 2259 1236 2336 1307; x_wconf 83' lang='grc' dir='ltr'>τῷ</span> <span class='ocrx_word' id='word_1_191' title='bbox 2354 1238 2560 1308; x_wconf 75' lang='grc' dir='ltr'><strong>ἐργάτῃ</strong></span> <span class='ocrx_word' id='word_1_192' title='bbox 2581 1237 2641 1288; x_wconf 87' lang='grc' dir='ltr'>τὸ</span> <span class='ocrx_word' id='word_1_193' title='bbox 2662 1238 2770 1289; x_wconf 83' lang='grc' dir='ltr'><strong>πᾶν</strong></span> <span class='ocrx_word' id='word_1_194' title='bbox 2785 1235 3091 1290; x_wconf 78' lang='grc' dir='ltr'>ἀνατιθέναι</span> <span class='ocrx_word' id='word_1_195' title='bbox 3111 1235 3208 1304; x_wconf 79' lang='grc' dir='ltr'>τῆς</span> <span class='ocrx_word' id='word_1_196' title='bbox 3219 1234 3542 1303; x_wconf 77' lang='grc' dir='ltr'>δυνάμεως.</span> <span class='ocrx_word' id='word_1_197' title='bbox 3568 1235 3723 1298; x_wconf 65' lang='grc' dir='ltr'>(Ετεῖς</span> 
     </span>
    </p>
   </div>
   <div class='ocr_carea' id='block_1_29' title="bbox 2156 1323 3723 1398">
    <p class='ocr_par' dir='ltr' id='par_1_29' title="bbox 2156 1323 3723 1398">
     <span class='ocr_line' id='line_1_29' title="bbox 2156 1323 3723 1398; baseline -0.003 -18"><span class='ocrx_word' id='word_1_198' title='bbox 2156 1328 2263 1398; x_wconf 82' lang='grc' dir='ltr'>γὰρ</span> <span class='ocrx_word' id='word_1_199' title='bbox 2293 1327 2386 1380; x_wconf 75' lang='grc' dir='ltr'><strong>καὶ</strong></span> <span class='ocrx_word' id='word_1_200' title='bbox 2411 1329 2445 1397; x_wconf 85' lang='grc' dir='ltr'>ή</span> <span class='ocrx_word' id='word_1_201' title='bbox 2475 1325 2643 1397; x_wconf 84' lang='grc' dir='ltr'>ἀρετὴ</span> <span class='ocrx_word' id='word_1_202' title='bbox 2666 1324 3020 1396; x_wconf 78' lang='grc' dir='ltr'>λαμπροτέρα</span> <span class='ocrx_word' id='word_1_203' title='bbox 3046 1324 3198 1376; x_wconf 75' lang='grc' dir='ltr'>ἔσται</span> <span class='ocrx_word' id='word_1_204' title='bbox 3231 1323 3405 1394; x_wconf 75' lang='grc' dir='ltr'>ἔργον</span> <span class='ocrx_word' id='word_1_205' title='bbox 3446 1324 3723 1393; x_wconf 69' lang='grc' dir='ltr'>ὁμολογου-</span> 
     </span>
    </p>
   </div>
   <div class='ocr_carea' id='block_1_30' title="bbox 2161 1415 3726 1489">
    <p class='ocr_par' dir='ltr' id='par_1_30' title="bbox 2161 1415 3726 1489">
     <span class='ocr_line' id='line_1_30' title="bbox 2161 1415 3726 1489; baseline -0.003 -18"><span class='ocrx_word' id='word_1_206' title='bbox 2161 1420 2293 1489; x_wconf 88' lang='grc' dir='ltr'>μένη</span> <span class='ocrx_word' id='word_1_207' title='bbox 2327 1417 2485 1483; x_wconf 92' lang='grc' dir='ltr'>Θεοῦ,</span> <span class='ocrx_word' id='word_1_208' title='bbox 2516 1417 2611 1470; x_wconf 77' lang='grc' dir='ltr'><strong>καὶ</strong></span> <span class='ocrx_word' id='word_1_209' title='bbox 2639 1419 2673 1486; x_wconf 81' lang='grc' dir='ltr'>ἡ</span> <span class='ocrx_word' id='word_1_210' title='bbox 2710 1416 2907 1485; x_wconf 80' lang='grc' dir='ltr'>κτῆσις</span> <span class='ocrx_word' id='word_1_211' title='bbox 2935 1416 3103 1483; x_wconf 81' lang='grc' dir='ltr'>αὐτῆς</span> <span class='ocrx_word' id='word_1_212' title='bbox 3132 1415 3393 1484; x_wconf 81' lang='grc' dir='ltr'>ἀσφαλὴς</span> <span class='ocrx_word' id='word_1_213' title='bbox 3436 1415 3524 1484; x_wconf 77' lang='grc' dir='ltr'>τῷ</span> <span class='ocrx_word' id='word_1_214' title='bbox 3554 1432 3726 1485; x_wconf 65' lang='grc' dir='ltr'><strong>κεκτη-</strong></span> 
     </span>
    </p>
   </div>
   <div class='ocr_carea' id='block_1_31' title="bbox 2163 1507 3724 1581">
    <p class='ocr_par' dir='ltr' id='par_1_31' title="bbox 2163 1507 3724 1581">
     <span class='ocr_line' id='line_1_31' title="bbox 2163 1507 3724 1581; baseline -0.004 -17"><span class='ocrx_word' id='word_1_215' title='bbox 2163 1511 2307 1581; x_wconf 84' lang='grc' dir='ltr'>μένῳ</span> <span class='ocrx_word' id='word_1_216' title='bbox 2336 1509 2486 1579; x_wconf 86' lang='grc' dir='ltr'>μένει</span> <span class='ocrx_word' id='word_1_217' title='bbox 2517 1509 2675 1578; x_wconf 76' lang='grc' dir='ltr'>φόϐῳ</span> <span class='ocrx_word' id='word_1_218' title='bbox 2700 1509 2860 1573; x_wconf 82' lang='grc' dir='ltr'>Θεοῦ,</span> <span class='ocrx_word' id='word_1_219' title='bbox 2880 1509 2972 1560; x_wconf 76' lang='grc' dir='ltr'><strong>καὶ</strong></span> <span class='ocrx_word' id='word_1_220' title='bbox 2999 1507 3087 1560; x_wconf 83' lang='grc' dir='ltr'>διὰ</span> <span class='ocrx_word' id='word_1_221' title='bbox 3113 1508 3315 1570; x_wconf 75' lang='grc' dir='ltr'>παντὸς</span> <span class='ocrx_word' id='word_1_222' title='bbox 3351 1507 3724 1575; x_wconf 69' lang='grc' dir='ltr'>φυλασσομένη</span> 
     </span>
    </p>
   </div>
   <div class='ocr_carea' id='block_1_32' title="bbox 2160 1593 3729 1673">
    <p class='ocr_par' dir='ltr' id='par_1_32' title="bbox 2160 1593 3729 1673">
     <span class='ocr_line' id='line_1_32' title="bbox 2160 1593 3729 1673; baseline -0.004 -17"><span class='ocrx_word' id='word_1_223' title='bbox 2160 1604 2414 1673; x_wconf 75' lang='grc' dir='ltr'>εὐλαϐείᾳ</span> <span class='ocrx_word' id='word_1_224' title='bbox 2433 1602 2566 1673; x_wconf 82' lang='grc' dir='ltr'>πρὸς</span> <span class='ocrx_word' id='word_1_225' title='bbox 2586 1600 2749 1654; x_wconf 83' lang='grc' dir='ltr'>αὐτὸν</span> <span class='ocrx_word' id='word_1_226' title='bbox 2781 1600 2873 1653; x_wconf 78' lang='grc' dir='ltr'>τὸν</span> <span class='ocrx_word' id='word_1_227' title='bbox 2890 1600 3019 1653; x_wconf 84' lang='grc' dir='ltr'><strong>Θεὸν</strong></span> <span class='ocrx_word' id='word_1_228' title='bbox 3048 1600 3225 1671; x_wconf 76' lang='grc' dir='ltr'>ἡμῶν·</span> <span class='ocrx_word' id='word_1_229' title='bbox 3262 1593 3307 1669; x_wconf 83' lang='grc' dir='ltr'><strong>ᾧ</strong></span> <span class='ocrx_word' id='word_1_230' title='bbox 3327 1603 3366 1670; x_wconf 78' lang='grc' dir='ltr'><strong>ἡ</strong></span> <span class='ocrx_word' id='word_1_231' title='bbox 3391 1599 3549 1665; x_wconf 77' lang='grc' dir='ltr'>δόξα,</span> <span class='ocrx_word' id='word_1_232' title='bbox 3579 1600 3729 1651; x_wconf 70' lang='grc' dir='ltr'>καὶτὸ</span> 
     </span>
    </p>
   </div>
   <div class='ocr_carea' id='block_1_33' title="bbox 2162 1691 3094 1766">
    <p class='ocr_par' dir='ltr' id='par_1_33' title="bbox 2162 1691 3094 1766">
     <span class='ocr_line' id='line_1_33' title="bbox 2162 1691 3094 1766; baseline -0.008 -17"><span class='ocrx_word' id='word_1_233' title='bbox 2162 1697 2359 1766; x_wconf 79' lang='grc' dir='ltr'>κράτος</span> <span class='ocrx_word' id='word_1_234' title='bbox 2388 1696 2470 1756; x_wconf 87' lang='grc' dir='ltr'><strong>είς</strong></span> <span class='ocrx_word' id='word_1_235' title='bbox 2484 1695 2611 1755; x_wconf 82' lang='grc' dir='ltr'>τοὺς</span> <span class='ocrx_word' id='word_1_236' title='bbox 2636 1692 2859 1754; x_wconf 77' lang='grc' dir='ltr'>αἰῶνας.</span> <span class='ocrx_word' id='word_1_237' title='bbox 2902 1691 3094 1761; x_wconf 80' lang='grc' dir='ltr'>Ἀμήν.</span> 
     </span>
    </p>
   </div>
   <div class='ocr_carea' id='block_1_34' title="bbox 488 1785 3729 1863">
    <p class='ocr_par' dir='ltr' id='par_1_34' title="bbox 488 1785 3729 1863">
     <span class='ocr_line' id='line_1_34' title="bbox 488 1785 3729 1863; baseline 0.001 -26"><span class='ocrx_word' id='word_1_238' title='bbox 488 1801 635 1838; x_wconf 86' lang='lat' dir='ltr'><strong>tuum</strong></span> <span class='ocrx_word' id='word_1_239' title='bbox 688 1789 938 1858; x_wconf 82' lang='lat' dir='ltr'><strong>religiosa</strong></span> <span class='ocrx_word' id='word_1_240' title='bbox 1003 1800 1263 1860; x_wconf 88' lang='lat' dir='ltr'><strong>perpetuo</strong></span> <span class='ocrx_word' id='word_1_241' title='bbox 1319 1792 1625 1847; x_wconf 87' lang='lat' dir='ltr'><strong>custoditur</strong></span> <span class='ocrx_word' id='word_1_242' title='bbox 1681 1794 1879 1862; x_wconf 87' lang='lat' dir='ltr'><strong>pietate</strong></span> <span class='ocrx_word' id='word_1_243' title='bbox 1927 1810 2055 1863; x_wconf 81' lang='lat' dir='ltr'><strong>erga</strong></span> <span class='ocrx_word' id='word_1_244' title='bbox 2094 1794 2270 1863; x_wconf 90' lang='lat' dir='ltr'><strong>ipsum</strong></span> <span class='ocrx_word' id='word_1_245' title='bbox 2312 1791 2480 1846; x_wconf 92' lang='lat' dir='ltr'><strong>Deum</strong></span> <span class='ocrx_word' id='word_1_246' title='bbox 2521 1798 2804 1855; x_wconf 87' lang='lat' dir='ltr'><strong>nostrum,</strong></span> <span class='ocrx_word' id='word_1_247' title='bbox 2880 1788 2967 1842; x_wconf 86' lang='lat' dir='ltr'><strong>cui</strong></span> <span class='ocrx_word' id='word_1_248' title='bbox 3046 1788 3255 1858; x_wconf 79' lang='lat' dir='ltr'><strong>gloria,</strong></span> <span class='ocrx_word' id='word_1_249' title='bbox 3303 1796 3363 1842; x_wconf 88' lang='lat' dir='ltr'><strong>et</strong></span> <span class='ocrx_word' id='word_1_250' title='bbox 3410 1794 3653 1857; x_wconf 78' lang='lat' dir='ltr'><strong>potestas</strong></span> <span class='ocrx_word' id='word_1_251' title='bbox 3678 1785 3729 1839; x_wconf 74' lang='lat' dir='ltr'><strong>il</strong></span> 
     </span>
    </p>
   </div>
   <div class='ocr_carea' id='block_1_35' title="bbox 485 1878 935 1936">
    <p class='ocr_par' dir='ltr' id='par_1_35' title="bbox 485 1878 935 1936">
     <span class='ocr_line' id='line_1_35' title="bbox 485 1878 935 1936; baseline 0.011 -6"><span class='ocrx_word' id='word_1_252' title='bbox 485 1878 703 1931; x_wconf 69' lang='lat' dir='ltr'><strong>saecula.</strong></span> <span class='ocrx_word' id='word_1_253' title='bbox 743 1882 935 1936; x_wconf 84' lang='lat' dir='ltr'><strong>Amen.</strong></span> 
     </span>
    </p>
   </div>
   <div class='ocr_carea' id='block_1_36' title="bbox 563 2057 1005 2122">
    <p class='ocr_par' dir='ltr' id='par_1_36' title="bbox 563 2057 1005 2122">
     <span class='ocr_line' id='line_1_36' title="bbox 563 2057 1005 2122; baseline 0.014 -14"><span class='ocrx_word' id='word_1_254' title='bbox 563 2058 611 2090; x_wconf 83' lang='lat'><strong>&quot;</strong></span> <span class='ocrx_word' id='word_1_255' title='bbox 650 2057 818 2111; x_wconf 82' lang='lat' dir='ltr'><strong>Eccli.</strong></span> <span class='ocrx_word' id='word_1_256' title='bbox 844 2075 882 2122; x_wconf 90' lang='grc' dir='ltr'><strong>ι,</strong></span> <span class='ocrx_word' id='word_1_257' title='bbox 920 2058 1005 2114; x_wconf 79' lang='grc'><strong>16.</strong></span> 
     </span>
    </p>
   </div>
   <div class='ocr_carea' id='block_1_37' title="bbox 498 2276 1814 2310">
    <p class='ocr_par' dir='ltr' id='par_1_37' title="bbox 498 2276 1814 2310">
     <span class='ocr_line' id='line_1_37' title="bbox 498 2276 1814 2310; baseline -0.005 -2"><span class='ocrx_word' id='word_1_258' title='bbox 498 2276 1814 2310; x_wconf 63' lang='lat' dir='ltr'><em>W</em></span> 
     </span>
    </p>
   </div>
   <div class='ocr_carea' id='block_1_38' title="bbox 1712 2466 2559 2647">
    <p class='ocr_par' dir='ltr' id='par_1_38' title="bbox 1712 2466 2559 2647">
     <span class='ocr_line' id='line_1_38' title="bbox 1712 2466 2559 2647; baseline -0.008 1"><span class='ocrx_word' id='word_1_259' title='bbox 1712 2466 2559 2647; x_wconf 80' lang='lat' dir='ltr'><strong>SPUBIA.</strong></span> 
     </span>
    </p>
   </div>
   <div class='ocr_carea' id='block_1_39' title="bbox 1562 2993 2665 3050">
    <p class='ocr_par' dir='ltr' id='par_1_39' title="bbox 1562 2993 2665 3050">
     <span class='ocr_line' id='line_1_39' title="bbox 1562 2993 2665 3050; baseline -0.002 -1"><span class='ocrx_word' id='word_1_260' title='bbox 1562 2994 1702 3049; x_wconf 82' lang='grc' dir='ltr'><strong>ΤΟΥ</strong></span> <span class='ocrx_word' id='word_1_261' title='bbox 1752 2996 2121 3050; x_wconf 78' lang='grc' dir='ltr'><strong>ΜΑΚΑΡῙΟΥ</strong></span> <span class='ocrx_word' id='word_1_262' title='bbox 2151 2994 2423 3049; x_wconf 80' lang='grc' dir='ltr'><strong>ΠΛΤΡΟΣ</strong></span> <span class='ocrx_word' id='word_1_263' title='bbox 2469 2993 2665 3048; x_wconf 84' lang='grc' dir='ltr'><strong>ΗΜοΝ</strong></span> 
     </span>
    </p>
   </div>
   <div class='ocr_carea' id='block_1_40' title="bbox 1812 3182 2437 3318">
    <p class='ocr_par' dir='ltr' id='par_1_40' title="bbox 1812 3182 2437 3318">
     <span class='ocr_line' id='line_1_40' title="bbox 1812 3182 2437 3318; baseline 0.005 -3"><span class='ocrx_word' id='word_1_264' title='bbox 1812 3182 2437 3318; x_wconf 87' lang='grc' dir='ltr'><strong>ΝΕΙΛΟΥ</strong></span> 
     </span>
    </p>
   </div>
   <div class='ocr_carea' id='block_1_41' title="bbox 1050 3448 3098 3540">
    <p class='ocr_par' dir='ltr' id='par_1_41' title="bbox 1050 3448 3098 3540">
     <span class='ocr_line' id='line_1_41' title="bbox 1050 3448 3098 3540; baseline 0 -3"><span class='ocrx_word' id='word_1_265' title='bbox 1050 3448 1298 3538; x_wconf 78' lang='grc' dir='ltr'><strong>’ΛΟΓ</strong></span> <span class='ocrx_word' id='word_1_266' title='bbox 1303 3452 1439 3539; x_wconf 87' lang='grc' dir='ltr'><strong>ΟΣ</strong></span> <span class='ocrx_word' id='word_1_267' title='bbox 1479 3452 2119 3538; x_wconf 82' lang='grc' dir='ltr'><strong>ΑΣΚΗΤΙΚΟΣ</strong></span> <span class='ocrx_word' id='word_1_268' title='bbox 2160 3452 2353 3536; x_wconf 80' lang='grc' dir='ltr'><strong>ΚΑΙ</strong></span> <span class='ocrx_word' id='word_1_269' title='bbox 2414 3449 3098 3540; x_wconf 79' lang='grc' dir='ltr'><strong>ΠΟΛΥΜΕῬΗΣ</strong></span> 
     </span>
    </p>
   </div>
   <div class='ocr_carea' id='block_1_42' title="bbox 1561 3653 2716 3733">
    <p class='ocr_par' dir='ltr' id='par_1_42' title="bbox 1561 3653 2716 3733">
     <span class='ocr_line' id='line_1_42' title="bbox 1561 3653 2716 3733; baseline -0.001 -24"><span class='ocrx_word' id='word_1_270' title='bbox 1561 3656 1653 3709; x_wconf 89' lang='grc' dir='ltr'><strong>ΕΝ</strong></span> <span class='ocrx_word' id='word_1_271' title='bbox 1683 3658 1725 3728; x_wconf 80' lang='grc' dir='ltr'>ῼ</span> <span class='ocrx_word' id='word_1_272' title='bbox 1762 3656 2130 3709; x_wconf 82' lang='grc' dir='ltr'><strong>ΝΟΥΘΕΣΙΑΙ</strong></span> <span class='ocrx_word' id='word_1_273' title='bbox 2164 3653 2670 3709; x_wconf 81' lang='grc' dir='ltr'><strong>ΠΝΕΥΜΑΤΙΚΛΙ.</strong></span> <span class='ocrx_word' id='word_1_274' title='bbox 2699 3719 2716 3733; x_wconf 48' lang='lat'><strong>.</strong></span> 
     </span>
    </p>
   </div>
   <div class='ocr_carea' id='block_1_43' title="bbox 1659 4022 2594 4136">
    <p class='ocr_par' dir='ltr' id='par_1_43' title="bbox 1659 4022 2594 4136">
     <span class='ocr_line' id='line_1_43' title="bbox 1659 4022 2594 4136; baseline -0.001 0"><span class='ocrx_word' id='word_1_275' title='bbox 1659 4024 1778 4136; x_wconf 85' lang='lat' dir='ltr'><strong>S.</strong></span> <span class='ocrx_word' id='word_1_276' title='bbox 1868 4029 1988 4136; x_wconf 91' lang='lat' dir='ltr'><strong>P.</strong></span> <span class='ocrx_word' id='word_1_277' title='bbox 2075 4022 2215 4134; x_wconf 91' lang='lat' dir='ltr'><strong>N.</strong></span> <span class='ocrx_word' id='word_1_278' title='bbox 2304 4023 2594 4135; x_wconf 89' lang='lat' dir='ltr'><strong>NlLI</strong></span> 
     </span>
    </p>
   </div>
   <div class='ocr_carea' id='block_1_44' title="bbox 894 4273 3357 4367">
    <p class='ocr_par' dir='ltr' id='par_1_44' title="bbox 894 4273 3357 4367">
     <span class='ocr_line' id='line_1_44' title="bbox 894 4273 3357 4367; baseline -0.002 -3"><span class='ocrx_word' id='word_1_279' title='bbox 894 4277 1578 4367; x_wconf 77' lang='lat' dir='ltr'><strong>TRAC&#39;I’A&#39;I‘US</strong></span> <span class='ocrx_word' id='word_1_280' title='bbox 1667 4274 2194 4365; x_wconf 78' lang='lat' dir='ltr'><strong>MORALIS</strong></span> <span class='ocrx_word' id='word_1_281' title='bbox 2273 4276 2419 4362; x_wconf 86' lang='lat' dir='ltr'><strong>ET</strong></span> <span class='ocrx_word' id='word_1_282' title='bbox 2514 4273 3357 4364; x_wconf 81' lang='lat' dir='ltr'><strong>MULTIFARIUS</strong></span> 
     </span>
    </p>
   </div>
   <div class='ocr_carea' id='block_1_45' title="bbox 1448 4492 2800 4573">
    <p class='ocr_par' dir='ltr' id='par_1_45' title="bbox 1448 4492 2800 4573">
     <span class='ocr_line' id='line_1_45' title="bbox 1448 4492 2800 4573; baseline 0.001 -20"><span class='ocrx_word' id='word_1_283' title='bbox 1448 4494 1523 4553; x_wconf 89' lang='lat' dir='ltr'><strong>In</strong></span> <span class='ocrx_word' id='word_1_284' title='bbox 1548 4510 1674 4573; x_wconf 92' lang='lat' dir='ltr'><strong>quo</strong></span> <span class='ocrx_word' id='word_1_285' title='bbox 1704 4492 2061 4572; x_wconf 85' lang='lat' dir='ltr'><strong>spirituales</strong></span> <span class='ocrx_word' id='word_1_286' title='bbox 2119 4499 2265 4554; x_wconf 87' lang='lat' dir='ltr'><strong>sunt</strong></span> <span class='ocrx_word' id='word_1_287' title='bbox 2314 4492 2800 4557; x_wconf 80' lang='lat' dir='ltr'><strong>admonitiones.</strong></span> 
     </span>
    </p>
   </div>
   <div class='ocr_carea' id='block_1_46' title="bbox 1148 4831 1474 4889">
    <p class='ocr_par' dir='ltr' id='par_1_46' title="bbox 1148 4831 1474 4889">
     <span class='ocr_line' id='line_1_46' title="bbox 1148 4831 1474 4889; baseline 0.003 -1"><span class='ocrx_word' id='word_1_288' title='bbox 1148 4831 1377 4888; x_wconf 83' lang='lat' dir='ltr'><strong>CAPUT</strong></span> <span class='ocrx_word' id='word_1_289' title='bbox 1433 4832 1474 4889; x_wconf 93' lang='lat' dir='ltr'><strong>I.</strong></span> 
     </span>
    </p>
   </div>
   <div class='ocr_carea' id='block_1_47' title="bbox 579 4948 2077 5019">
    <p class='ocr_par' dir='ltr' id='par_1_47' title="bbox 579 4948 2077 5019">
     <span class='ocr_line' id='line_1_47' title="bbox 579 4948 2077 5019; baseline -0.001 -14"><span class='ocrx_word' id='word_1_290' title='bbox 579 4948 911 5005; x_wconf 75' lang='lat' dir='ltr'><strong>Multiforme</strong></span> <span class='ocrx_word' id='word_1_291' title='bbox 952 4963 1013 5004; x_wconf 89' lang='lat' dir='ltr'><strong>ac</strong></span> <span class='ocrx_word' id='word_1_292' title='bbox 1037 4949 1316 5019; x_wconf 75' lang='lat' dir='ltr'><strong>multiplex</strong></span> <span class='ocrx_word' id='word_1_293' title='bbox 1343 4948 1590 5004; x_wconf 83' lang='lat' dir='ltr'><strong>ﬁdelibus</strong></span> <span class='ocrx_word' id='word_1_294' title='bbox 1612 4949 1934 5018; x_wconf 90' lang='lat' dir='ltr'><strong>proponitur</strong></span> <span class='ocrx_word' id='word_1_295' title='bbox 1958 4964 2077 5005; x_wconf 88' lang='lat' dir='ltr'><strong>cer-</strong></span> 
     </span>
    </p>
   </div>
   <div class='ocr_carea' id='block_1_48' title="bbox 506 5040 2080 5110">
    <p class='ocr_par' dir='ltr' id='par_1_48' title="bbox 506 5040 2080 5110">
     <span class='ocr_line' id='line_1_48' title="bbox 506 5040 2080 5110; baseline -0.001 -14"><span class='ocrx_word' id='word_1_296' title='bbox 506 5051 691 5097; x_wconf 87' lang='lat' dir='ltr'><strong>tamen</strong></span> <span class='ocrx_word' id='word_1_297' title='bbox 727 5056 919 5110; x_wconf 79' lang='lat' dir='ltr'><strong>pugnae</strong></span> <span class='ocrx_word' id='word_1_298' title='bbox 948 5040 999 5092; x_wconf 91' lang='lat' dir='ltr'><strong>in</strong></span> <span class='ocrx_word' id='word_1_299' title='bbox 1032 5040 1278 5108; x_wconf 65' lang='lat' dir='ltr'><strong>prresenti</strong></span> <span class='ocrx_word' id='word_1_300' title='bbox 1312 5040 1440 5104; x_wconf 85' lang='lat' dir='ltr'><strong>vita,</strong></span> <span class='ocrx_word' id='word_1_301' title='bbox 1476 5040 1544 5094; x_wconf 90' lang='lat' dir='ltr'><strong>iis</strong></span> <span class='ocrx_word' id='word_1_302' title='bbox 1574 5040 1801 5106; x_wconf 75' lang='lat' dir='ltr'><strong>scilicet,</strong></span> <span class='ocrx_word' id='word_1_303' title='bbox 1832 5041 1925 5110; x_wconf 90' lang='lat' dir='ltr'><strong>qui</strong></span> <span class='ocrx_word' id='word_1_304' title='bbox 1957 5056 2080 5110; x_wconf 89' lang='lat' dir='ltr'><strong>per-</strong></span> 
     </span>
    </p>
   </div>
   <div class='ocr_carea' id='block_1_49' title="bbox 509 5133 2080 5206">
    <p class='ocr_par' dir='ltr' id='par_1_49' title="bbox 509 5133 2080 5206">
     <span class='ocr_line' id='line_1_49' title="bbox 509 5133 2080 5206; baseline -0.001 -16"><span class='ocrx_word' id='word_1_305' title='bbox 509 5135 799 5206; x_wconf 86' lang='lat' dir='ltr'><strong>spicaciter</strong></span> <span class='ocrx_word' id='word_1_306' title='bbox 856 5133 909 5186; x_wconf 89' lang='lat' dir='ltr'><strong>in</strong></span> <span class='ocrx_word' id='word_1_307' title='bbox 952 5133 1248 5202; x_wconf 87' lang='lat' dir='ltr'><strong>judicaudo</strong></span> <span class='ocrx_word' id='word_1_308' title='bbox 1301 5135 1584 5201; x_wconf 83' lang='lat' dir='ltr'><strong>prudentia</strong></span> <span class='ocrx_word' id='word_1_309' title='bbox 1639 5149 1726 5188; x_wconf 89' lang='lat' dir='ltr'><strong>res</strong></span> <span class='ocrx_word' id='word_1_310' title='bbox 1771 5134 2080 5190; x_wconf 88' lang='lat' dir='ltr'><strong>discernere</strong></span> 
     </span>
    </p>
   </div>
   <div class='ocr_carea' id='block_1_50' title="bbox 511 5224 2082 5294">
    <p class='ocr_par' dir='ltr' id='par_1_50' title="bbox 511 5224 2082 5294">
     <span class='ocr_line' id='line_1_50' title="bbox 511 5224 2082 5294; baseline 0.002 -18"><span class='ocrx_word' id='word_1_311' title='bbox 511 5227 713 5290; x_wconf 85' lang='lat' dir='ltr'><strong>valent,</strong></span> <span class='ocrx_word' id='word_1_312' title='bbox 767 5235 821 5279; x_wconf 91' lang='lat' dir='ltr'><strong>et</strong></span> <span class='ocrx_word' id='word_1_313' title='bbox 851 5224 1136 5294; x_wconf 70' lang='lat' dir='ltr'><strong>przesentia</strong></span> <span class='ocrx_word' id='word_1_314' title='bbox 1186 5224 1404 5293; x_wconf 85' lang='lat' dir='ltr'><strong>quidem</strong></span> <span class='ocrx_word' id='word_1_315' title='bbox 1462 5225 1849 5279; x_wconf 86' lang='lat' dir='ltr'><strong>convenienter</strong></span> <span class='ocrx_word' id='word_1_316' title='bbox 1886 5225 2082 5280; x_wconf 89' lang='lat' dir='ltr'><strong>distin-</strong></span> 
     </span>
    </p>
   </div>
   <div class='ocr_carea' id='block_1_51' title="bbox 513 5314 2079 5389">
    <p class='ocr_par' dir='ltr' id='par_1_51' title="bbox 513 5314 2079 5389">
     <span class='ocr_line' id='line_1_51' title="bbox 513 5314 2079 5389; baseline -0.001 -16"><span class='ocrx_word' id='word_1_317' title='bbox 513 5334 700 5389; x_wconf 87' lang='lat' dir='ltr'><strong>guere,</strong></span> <span class='ocrx_word' id='word_1_318' title='bbox 731 5317 913 5372; x_wconf 82' lang='lat' dir='ltr'><strong>futura</strong></span> <span class='ocrx_word' id='word_1_319' title='bbox 946 5332 1075 5371; x_wconf 89' lang='lat' dir='ltr'><strong>vero</strong></span> <span class='ocrx_word' id='word_1_320' title='bbox 1111 5314 1444 5386; x_wconf 87' lang='lat' dir='ltr'><strong>perpendere</strong></span> <span class='ocrx_word' id='word_1_321' title='bbox 1479 5317 1699 5371; x_wconf 88' lang='lat' dir='ltr'><strong>utiliter.</strong></span> <span class='ocrx_word' id='word_1_322' title='bbox 1740 5316 1865 5371; x_wconf 61' lang='lat' dir='ltr'><strong>Haec</strong></span> <span class='ocrx_word' id='word_1_323' title='bbox 1897 5328 2079 5371; x_wconf 88' lang='lat' dir='ltr'><strong>autem</strong></span> 
     </span>
    </p>
   </div>
   <div class='ocr_carea' id='block_1_52' title="bbox 513 5406 2086 5477">
    <p class='ocr_par' dir='ltr' id='par_1_52' title="bbox 513 5406 2086 5477">
     <span class='ocr_line' id='line_1_52' title="bbox 513 5406 2086 5477; baseline -0.001 -13"><span class='ocrx_word' id='word_1_324' title='bbox 513 5410 786 5464; x_wconf 88' lang='lat' dir='ltr'><strong>institutio</strong></span> <span class='ocrx_word' id='word_1_325' title='bbox 841 5408 1073 5477; x_wconf 82' lang='lat' dir='ltr'><strong>plurima</strong></span> <span class='ocrx_word' id='word_1_326' title='bbox 1126 5407 1327 5477; x_wconf 80' lang='lat' dir='ltr'><strong>indiget</strong></span> <span class='ocrx_word' id='word_1_327' title='bbox 1384 5406 1679 5461; x_wconf 86' lang='lat' dir='ltr'><strong>attentione</strong></span> <span class='ocrx_word' id='word_1_328' title='bbox 1745 5416 1800 5460; x_wconf 88' lang='lat' dir='ltr'><strong>et</strong></span> <span class='ocrx_word' id='word_1_329' title='bbox 1831 5422 1982 5473; x_wconf 88' lang='lat' dir='ltr'><strong>cura,</strong></span> <span class='ocrx_word' id='word_1_330' title='bbox 2024 5418 2086 5463; x_wconf 92' lang='lat' dir='ltr'><strong>ut</strong></span> 
     </span>
    </p>
   </div>
   <div class='ocr_carea' id='block_1_53' title="bbox 517 5499 2089 5569">
    <p class='ocr_par' dir='ltr' id='par_1_53' title="bbox 517 5499 2089 5569">
     <span class='ocr_line' id='line_1_53' title="bbox 517 5499 2089 5569; baseline -0.001 -14"><span class='ocrx_word' id='word_1_331' title='bbox 517 5502 826 5557; x_wconf 81' lang='lat' dir='ltr'><strong>intellectus</strong></span> <span class='ocrx_word' id='word_1_332' title='bbox 874 5500 939 5554; x_wconf 88' lang='lat' dir='ltr'><strong>ad</strong></span> <span class='ocrx_word' id='word_1_333' title='bbox 967 5508 1198 5569; x_wconf 88' lang='lat' dir='ltr'><strong>utraque</strong></span> <span class='ocrx_word' id='word_1_334' title='bbox 1229 5507 1537 5566; x_wconf 85' lang='lat' dir='ltr'><strong>protensus,</strong></span> <span class='ocrx_word' id='word_1_335' title='bbox 1578 5500 1752 5569; x_wconf 89' lang='lat' dir='ltr'><strong>possit</strong></span> <span class='ocrx_word' id='word_1_336' title='bbox 1784 5499 1899 5554; x_wconf 67' lang='lat' dir='ltr'><strong>haec</strong></span> <span class='ocrx_word' id='word_1_337' title='bbox 1928 5500 2089 5554; x_wconf 88' lang='lat' dir='ltr'><strong>intel-</strong></span> 
     </span>
    </p>
   </div>
   <div class='ocr_carea' id='block_1_54' title="bbox 521 5590 2090 5661">
    <p class='ocr_par' dir='ltr' id='par_1_54' title="bbox 521 5590 2090 5661">
     <span class='ocr_line' id='line_1_54' title="bbox 521 5590 2090 5661; baseline 0.002 -18"><span class='ocrx_word' id='word_1_338' title='bbox 521 5591 710 5657; x_wconf 88' lang='lat' dir='ltr'><strong>ligere,</strong></span> <span class='ocrx_word' id='word_1_339' title='bbox 757 5607 934 5661; x_wconf 87' lang='lat' dir='ltr'><strong>neque</strong></span> <span class='ocrx_word' id='word_1_340' title='bbox 968 5593 1074 5646; x_wconf 89' lang='lat' dir='ltr'><strong>huc</strong></span> <span class='ocrx_word' id='word_1_341' title='bbox 1100 5600 1155 5646; x_wconf 91' lang='lat' dir='ltr'><strong>et</strong></span> <span class='ocrx_word' id='word_1_342' title='bbox 1184 5591 1313 5645; x_wconf 89' lang='lat' dir='ltr'><strong>illuc</strong></span> <span class='ocrx_word' id='word_1_343' title='bbox 1339 5590 1573 5655; x_wconf 86' lang='lat' dir='ltr'><strong>vacillet,</strong></span> <span class='ocrx_word' id='word_1_344' title='bbox 1608 5591 1902 5647; x_wconf 88' lang='lat' dir='ltr'><strong>necessarii</strong></span> <span class='ocrx_word' id='word_1_345' title='bbox 1931 5607 2090 5661; x_wconf 84' lang='lat' dir='ltr'><strong>expe-</strong></span> 
     </span>
    </p>
   </div>
   <div class='ocr_carea' id='block_1_55' title="bbox 522 5682 2089 5754">
    <p class='ocr_par' dir='ltr' id='par_1_55' title="bbox 522 5682 2089 5754">
     <span class='ocr_line' id='line_1_55' title="bbox 522 5682 2089 5754; baseline 0.003 -20"><span class='ocrx_word' id='word_1_346' title='bbox 522 5682 763 5748; x_wconf 86' lang='lat' dir='ltr'><strong>rimenti,</strong></span> <span class='ocrx_word' id='word_1_347' title='bbox 818 5682 1118 5754; x_wconf 71' lang='lat' dir='ltr'><strong>debitteque</strong></span> <span class='ocrx_word' id='word_1_348' title='bbox 1172 5682 1652 5754; x_wconf 67' lang='lat' dir='ltr'><strong>prmmeditationis</strong></span> <span class='ocrx_word' id='word_1_349' title='bbox 1699 5692 1791 5739; x_wconf 89' lang='lat' dir='ltr'><strong>aut</strong></span> <span class='ocrx_word' id='word_1_350' title='bbox 1816 5683 2089 5740; x_wconf 72' lang='lat' dir='ltr'><strong>oblivione</strong></span> 
     </span>
    </p>
   </div>
   <div class='ocr_carea' id='block_1_56' title="bbox 2784 4832 3154 4887">
    <p class='ocr_par' dir='ltr' id='par_1_56' title="bbox 2784 4832 3154 4887">
     <span class='ocr_line' id='line_1_56' title="bbox 2784 4832 3154 4887; baseline 0.003 -2"><span class='ocrx_word' id='word_1_351' title='bbox 2784 4832 3034 4886; x_wconf 78' lang='grc' dir='ltr'><strong>ΚΕΦΑΛ.</strong></span> <span class='ocrx_word' id='word_1_352' title='bbox 3073 4834 3154 4887; x_wconf 80' lang='lat' dir='ltr'><strong>A&#39;.</strong></span> 
     </span>
    </p>
   </div>
   <div class='ocr_carea' id='block_1_57' title="bbox 2257 4945 3717 5019">
    <p class='ocr_par' dir='ltr' id='par_1_57' title="bbox 2257 4945 3717 5019">
     <span class='ocr_line' id='line_1_57' title="bbox 2257 4945 3717 5019; baseline -0.002 -17"><span class='ocrx_word' id='word_1_353' title='bbox 2257 4948 2574 5019; x_wconf 86' lang='grc' dir='ltr'>Πολυμερὴς</span> <span class='ocrx_word' id='word_1_354' title='bbox 2618 4948 2713 5001; x_wconf 75' lang='grc' dir='ltr'><strong>καὶ</strong></span> <span class='ocrx_word' id='word_1_355' title='bbox 2756 4945 3097 5016; x_wconf 85' lang='grc' dir='ltr'>πολύτροπος</span> <span class='ocrx_word' id='word_1_356' title='bbox 3160 4946 3463 5017; x_wconf 81' lang='grc' dir='ltr'>πρόκειται</span> <span class='ocrx_word' id='word_1_357' title='bbox 3512 4952 3617 5013; x_wconf 78' lang='grc' dir='ltr'>τοῖς</span> 
     </span>
    </p>
   </div>
   <div class='ocr_carea' id='block_1_58' title="bbox 2186 5035 3721 5111">
    <p class='ocr_par' dir='ltr' id='par_1_58' title="bbox 2186 5035 3721 5111">
     <span class='ocr_line' id='line_1_58' title="bbox 2186 5035 3721 5111; baseline -0.003 -18"><span class='ocrx_word' id='word_1_358' title='bbox 2186 5045 2328 5103; x_wconf 85' lang='grc' dir='ltr'>στοῖς</span> <span class='ocrx_word' id='word_1_359' title='bbox 2348 5043 2376 5094; x_wconf 81' lang='grc' dir='ltr'>ὁ</span> <span class='ocrx_word' id='word_1_360' title='bbox 2406 5038 2553 5104; x_wconf 83' lang='grc' dir='ltr'><strong>ἀγὼν</strong></span> <span class='ocrx_word' id='word_1_361' title='bbox 2577 5042 2675 5111; x_wconf 81' lang='grc' dir='ltr'>τῆς</span> <span class='ocrx_word' id='word_1_362' title='bbox 2704 5038 2981 5109; x_wconf 81' lang='grc' dir='ltr'><strong>ἀθλήσεως</strong></span> <span class='ocrx_word' id='word_1_363' title='bbox 3020 5037 3077 5089; x_wconf 83' lang='grc' dir='ltr'>ὲν</span> <span class='ocrx_word' id='word_1_364' title='bbox 3109 5035 3189 5108; x_wconf 85' lang='grc' dir='ltr'>τῷ</span> <span class='ocrx_word' id='word_1_365' title='bbox 3226 5039 3470 5109; x_wconf 78' lang='grc' dir='ltr'>παρόντι</span> <span class='ocrx_word' id='word_1_366' title='bbox 3502 5041 3613 5111; x_wconf 79' lang='grc' dir='ltr'><strong>βίῳ.</strong></span> <span class='ocrx_word' id='word_1_367' title='bbox 3640 5037 3721 5094; x_wconf 71' lang='grc' dir='ltr'>τοῖς</span> 
     </span>
    </p>
   </div>
   <div class='ocr_carea' id='block_1_59' title="bbox 2185 5122 3721 5200">
    <p class='ocr_par' dir='ltr' id='par_1_59' title="bbox 2185 5122 3721 5200">
     <span class='ocr_line' id='line_1_59' title="bbox 2185 5122 3721 5200; baseline -0.006 -16"><span class='ocrx_word' id='word_1_368' title='bbox 2185 5130 2511 5200; x_wconf 84' lang='grc' dir='ltr'>διορατικῶς</span> <span class='ocrx_word' id='word_1_369' title='bbox 2536 5131 2595 5182; x_wconf 84' lang='grc' dir='ltr'>ὲν</span> <span class='ocrx_word' id='word_1_370' title='bbox 2624 5130 2839 5181; x_wconf 81' lang='grc' dir='ltr'>συνέσει</span> <span class='ocrx_word' id='word_1_371' title='bbox 2868 5126 3163 5199; x_wconf 77' lang='grc' dir='ltr'>διακρίνειν</span> <span class='ocrx_word' id='word_1_372' title='bbox 3186 5127 3540 5198; x_wconf 79' lang='grc' dir='ltr'>δυναμένοις,</span> <span class='ocrx_word' id='word_1_373' title='bbox 3570 5128 3648 5181; x_wconf 78' lang='grc' dir='ltr'><strong>καὶ</strong></span> <span class='ocrx_word' id='word_1_374' title='bbox 3672 5122 3721 5175; x_wconf 68' lang='grc' dir='ltr'><strong>τὰ</strong></span> 
     </span>
    </p>
   </div>
   <div class='ocr_carea' id='block_1_60' title="bbox 2186 5219 3719 5293">
    <p class='ocr_par' dir='ltr' id='par_1_60' title="bbox 2186 5219 3719 5293">
     <span class='ocr_line' id='line_1_60' title="bbox 2186 5219 3719 5293; baseline -0.005 -18"><span class='ocrx_word' id='word_1_375' title='bbox 2186 5222 2429 5293; x_wconf 85' lang='grc' dir='ltr'>παρόντα</span> <span class='ocrx_word' id='word_1_376' title='bbox 2458 5221 2891 5292; x_wconf 74' lang='grc' dir='ltr'>χαρακτηρίζειν</span> <span class='ocrx_word' id='word_1_377' title='bbox 2921 5220 3182 5283; x_wconf 85' lang='grc' dir='ltr'>δεόντως,</span> <span class='ocrx_word' id='word_1_378' title='bbox 3235 5220 3336 5272; x_wconf 61' lang='grc' dir='ltr'><strong>καί⁵</strong></span> <span class='ocrx_word' id='word_1_379' title='bbox 3382 5219 3459 5273; x_wconf 71' lang='grc' dir='ltr'>τὰ</span> <span class='ocrx_word' id='word_1_380' title='bbox 3507 5219 3719 5291; x_wconf 57' lang='lat' dir='ltr'><strong>pinam</strong></span> 
     </span>
    </p>
   </div>
   <div class='ocr_carea' id='block_1_61' title="bbox 2187 5306 3719 5385">
    <p class='ocr_par' dir='ltr' id='par_1_61' title="bbox 2187 5306 3719 5385">
     <span class='ocr_line' id='line_1_61' title="bbox 2187 5306 3719 5385; baseline -0.007 -17"><span class='ocrx_word' id='word_1_381' title='bbox 2187 5314 2410 5385; x_wconf 83' lang='grc' dir='ltr'>θεωρεῖν</span> <span class='ocrx_word' id='word_1_382' title='bbox 2464 5314 2872 5384; x_wconf 78' lang='grc' dir='ltr'>συμφερόντως.</span> <span class='ocrx_word' id='word_1_383' title='bbox 2942 5310 3149 5379; x_wconf 85' lang='grc' dir='ltr'>Πολλῆς</span> <span class='ocrx_word' id='word_1_384' title='bbox 3194 5310 3253 5364; x_wconf 80' lang='grc' dir='ltr'>δὲ</span> <span class='ocrx_word' id='word_1_385' title='bbox 3307 5311 3489 5365; x_wconf 86' lang='grc' dir='ltr'>δεῖται</span> <span class='ocrx_word' id='word_1_386' title='bbox 3542 5314 3571 5379; x_wconf 79' lang='grc' dir='ltr'><strong>ἡ</strong></span> <span class='ocrx_word' id='word_1_387' title='bbox 3615 5306 3719 5371; x_wconf 69' lang='grc' dir='ltr'>αὕτη</span> 
     </span>
    </p>
   </div>
   <div class='ocr_carea' id='block_1_62' title="bbox 2189 5394 3719 5477">
    <p class='ocr_par' dir='ltr' id='par_1_62' title="bbox 2189 5394 3719 5477">
     <span class='ocr_line' id='line_1_62' title="bbox 2189 5394 3719 5477; baseline -0.009 -15"><span class='ocrx_word' id='word_1_388' title='bbox 2189 5408 2415 5476; x_wconf 80' lang='grc' dir='ltr'>ἀγωγὴ,</span> <span class='ocrx_word' id='word_1_389' title='bbox 2478 5405 2620 5460; x_wconf 83' lang='grc' dir='ltr'>ὥστε</span> <span class='ocrx_word' id='word_1_390' title='bbox 2675 5405 2967 5477; x_wconf 78' lang='grc' dir='ltr'>δυνηθῆναι</span> <span class='ocrx_word' id='word_1_391' title='bbox 3013 5404 3238 5474; x_wconf 82' lang='grc' dir='ltr'>νοῆσαι,</span> <span class='ocrx_word' id='word_1_392' title='bbox 3305 5404 3611 5475; x_wconf 77' lang='grc' dir='ltr'>προσοχῆς,</span> <span class='ocrx_word' id='word_1_393' title='bbox 3650 5394 3719 5448; x_wconf 75' lang='grc' dir='ltr'><strong>ιιιί</strong></span> 
     </span>
    </p>
   </div>
   <div class='ocr_carea' id='block_1_63' title="bbox 2192 5493 3717 5570">
    <p class='ocr_par' dir='ltr' id='par_1_63' title="bbox 2192 5493 3717 5570">
     <span class='ocr_line' id='line_1_63' title="bbox 2192 5493 3717 5570; baseline -0.005 -18"><span class='ocrx_word' id='word_1_394' title='bbox 2192 5500 2493 5570; x_wconf 84' lang='grc' dir='ltr'>φροντίδος,</span> <span class='ocrx_word' id='word_1_395' title='bbox 2552 5497 2644 5550; x_wconf 84' lang='grc' dir='ltr'>τὸν</span> <span class='ocrx_word' id='word_1_396' title='bbox 2691 5496 2818 5550; x_wconf 89' lang='grc' dir='ltr'>νοῦν</span> <span class='ocrx_word' id='word_1_397' title='bbox 2889 5496 3023 5566; x_wconf 82' lang='grc' dir='ltr'>πρὸς</span> <span class='ocrx_word' id='word_1_398' title='bbox 3073 5496 3311 5566; x_wconf 75' lang='grc' dir='ltr'>ἑκάτερα</span> <span class='ocrx_word' id='word_1_399' title='bbox 3362 5493 3717 5563; x_wconf 65' lang='grc' dir='ltr'>ἐκτεινόμενσνο</span> 
     </span>
    </p>
   </div>
   <div class='ocr_carea' id='block_1_64' title="bbox 2191 5580 3716 5659">
    <p class='ocr_par' dir='ltr' id='par_1_64' title="bbox 2191 5580 3716 5659">
     <span class='ocr_line' id='line_1_64' title="bbox 2191 5580 3716 5659; baseline -0.007 -15"><span class='ocrx_word' id='word_1_400' title='bbox 2191 5584 2294 5645; x_wconf 80' lang='grc' dir='ltr'>ὦδε</span> <span class='ocrx_word' id='word_1_401' title='bbox 2321 5592 2542 5644; x_wconf 82' lang='grc' dir='ltr'>κακείσε</span> <span class='ocrx_word' id='word_1_402' title='bbox 2577 5589 2677 5659; x_wconf 81' lang='grc' dir='ltr'>τῆς</span> <span class='ocrx_word' id='word_1_403' title='bbox 2711 5587 2935 5657; x_wconf 83' lang='grc' dir='ltr'>δεούσης</span> <span class='ocrx_word' id='word_1_404' title='bbox 2964 5586 3311 5658; x_wconf 84' lang='grc' dir='ltr'>δοκιμασίας,</span> <span class='ocrx_word' id='word_1_405' title='bbox 3349 5587 3450 5638; x_wconf 74' lang='grc' dir='ltr'><strong>καὶ</strong></span> <span class='ocrx_word' id='word_1_406' title='bbox 3490 5586 3585 5654; x_wconf 78' lang='grc' dir='ltr'>τῆς</span> <span class='ocrx_word' id='word_1_407' title='bbox 3610 5580 3716 5645; x_wconf 54' lang='grc' dir='ltr'>ὄφιν</span> 
     </span>
    </p>
   </div>
   <div class='ocr_carea' id='block_1_65' title="bbox 2194 5670 3714 5754">
    <p class='ocr_par' dir='ltr' id='par_1_65' title="bbox 2194 5670 3714 5754">
     <span class='ocr_line' id='line_1_65' title="bbox 2194 5670 3714 5754; baseline -0.009 -18"><span class='ocrx_word' id='word_1_408' title='bbox 2194 5681 2427 5754; x_wconf 80' lang='grc' dir='ltr'>λομένης</span> <span class='ocrx_word' id='word_1_409' title='bbox 2463 5679 2692 5753; x_wconf 84' lang='grc' dir='ltr'>θεωρίας</span> <span class='ocrx_word' id='word_1_410' title='bbox 2725 5680 2803 5752; x_wconf 76' lang='grc' dir='ltr'>μὴ</span> <span class='ocrx_word' id='word_1_411' title='bbox 2839 5678 3142 5751; x_wconf 85' lang='grc' dir='ltr'>σφαλῆναι,</span> <span class='ocrx_word' id='word_1_412' title='bbox 3171 5678 3207 5751; x_wconf 79' lang='grc' dir='ltr'>ἢ</span> <span class='ocrx_word' id='word_1_413' title='bbox 3234 5677 3377 5750; x_wconf 76' lang='grc' dir='ltr'>λήθῃ</span> <span class='ocrx_word' id='word_1_414' title='bbox 3401 5670 3714 5749; x_wconf 68' lang='grc' dir='ltr'>ἐμποδιζόμν</span> 
     </span>
    </p>
   </div>
  </div>
