3808 6226
33 289 202 357 1281
1284 290 1667 351 TRACTATU

1762 290 2119 351 MORALIS.
3179 291 3317 358 1282

33 425 177 470 νος,
212 406 256 475 ἢ
290 400 631 473 ὀλιγοπιστίᾳ
656 402 1088 473 πολεμούμενος,
1122 400 1156 472 ἢ
1188 401 1499 471 ἀναξιότητι
1528 404 1646 455 ἐπι-

1761 401 2094 471 ριοιιιρθᾱίιιιε,
2130 407 2225 454 aut
2255 401 2491 469 pauxilla
2525 400 2629 457 fide
2663 412 3027 474 oppugnatus,
3058 414 3153 461 aut
3187 423 3314 477 pro-

33 496 485 567 δουλευόμενος.
527 496 594 547 '0
627 495 727 564 μὲν
766 492 875 562 γὰρ
916 491 1085 562 Ἀδὰμ
1114 493 1172 543 ἐν
1216 492 1358 561 ἀρχῇ
1389 492 1489 560 τῆς
1526 491 1644 544 κτί-

1761 492 1859 544 )ria
1914 491 2317 561 contemptione
2366 495 2569 561 petitus
2624 494 2860 549 insidiis.
2907 495 3081 549 Adam
3117 498 3318 568 quippe

34 603 204 649 σεως
262 584 621 656 παρακούσας
674 576 803 652 εὗρε
859 582 1051 652 καιρὸν
1103 582 1363 634 ἐπανόδου
1424 584 1492 651 τῇ
1550 578 1643 633 τοῦ

1766 583 1899 635 ηἰῑίο
1929 582 2130 637 conditi
2162 583 2329 645 orbis,
2360 584 2483 638 licet
2513 599 2619 639 non
2644 585 3096 654 obtemperasset,
3126 599 3318 646 nactus

33 676 319 748 Χριστοῦ
347 676 618 748 παρουσίᾳ
650 677 708 727 ἐν
745 673 929 744 σαρκὶ,
950 675 1111 744 ἡμεῖς
1143 672 1199 725 δὲ
1231 672 1367 743 πρὸς
1398 672 1476 743 τῷ
1502 672 1645 725 τέλει

1761 688 1827 729 BSt
1880 683 2061 729 tamen
2117 676 2461 729 occasionem
2505 678 2788 743 redeundi,
2838 678 3039 733 Christi
3068 680 3121 733 in
3153 696 3319 737 carne

33 770 144 823 τοῦ
182 771 408 839 κόσμου
442 769 830 838 τυγχάνοντες,
860 767 908 817 εί
943 764 1284 834 ἐκπεσοῦμεν
1328 765 1435 816 τῶν
1473 764 1648 818 τοιού-

33 876 162 913 των
200 859 595 930 χαρισμάτων,
642 858 738 910 καὶΙ
786 857 884 927 τῆς
932 855 1205 926 βασιλείας
1237 855 1335 926 τὴν
1381 854 1645 925 ὑψηλοτέ-

35 965 161 1018 ραν
230 947 335 1001 καὶ
387 945 839 1017 ὑπερθαύμαστον
871 943 1049 1008 ἀξίαν,
1084 942 1485 1013 ἀχρειὼσαντες
1525 946 1646 1004 ταῖς

34 1040 550 1113 παρακουστικαῖς
593 1034 1027 1107 πλημμελείαις,
1072 1036 1171 1105 οὑχ
1211 1034 1405 1104 ἕξομεν
1457 1035 1646 1105 καιρὸν

38 1129 496 1194 ὲπανὸδου,άλλ⁹
514 1128 792 1199 ῆιγεὲννης
816 1128 1139 1198 ἀπάντησιν.
1167 1128 1230 1180 Οἱ
1254 1127 1360 1198 γὰρ
1382 1128 1521 1197 μετὰ
1549 1130 1648 1197 τὴν

36 1223 343 1293 δευτέραν
373 1220 710 1274 ἀνακαίνισιν
742 1218 841 1289 τῆς
877 1217 1295 1289 ἀνθρωπότητος
1320 1220 1649 1289 ἐμμένοντες

41 1318 121 1385 τῇ
158 1314 506 1384 παλαιότητι
527 1313 619 1364 ἐπὶ
643 1311 773 1384 δόξῃ
800 1310 1019 1374 κακίας,
1052 1310 1280 1380 μάταιον
1308 1310 1648 1381 ἐπιχειροῦσι

42 1408 159 1477 τὴν
202 1405 309 1459 τοῦ
343 1404 578 1475 Χριστοῦ
606 1402 937 1474 οἰκονομίαν,
984 1395 1059 1455 ὧν
1106 1401 1167 1455 τὸ
1217 1403 1393 1473 κρῖμα
1442 1402 1648 1456 ἔνδικόν

48 1503 211 1562 ἐστι,
256 1498 350 1551 διά
376 1496 533 1549 τοῦτο
576 1494 939 1564 διδασκόμεθα
973 1492 1380 1546 ἀπεκδύσασθαι
1409 1494 1507 1563 τὴν
1546 1511 1648 1548 πα-

47 1591 376 1661 λαιότητα,
410 1589 506 1643 καὶ
551 1587 871 1641 ἐνδύσασθαι
916 1586 1016 1657 τὴν
1064 1588 1394 1655 καινότηταο
1444 1587 1650 1647 ἐκεῖνος

54 1684 167 1750 μὲν
202 1682 324 1751 γὰρ
363 1680 643 1741 ἐπαινετὸς
669 1717 685 1742 ,
742 1681 770 1732 ὁ
816 1678 941 1748 χθὲς
984 1676 1244 1746 ὑπάρχων
1292 1675 1505 1745 ὀργίλος
1556 1675 1651 1728 καὶ

1744 766 2034 836 praesentia
2063 783 2077 831 ;
2113 782 2213 821 nos
2270 782 2416 832 vero,
2446 769 2535 837 qui
2567 769 2620 821 in
2652 770 2757 822 line
2793 770 2981 824 mundi
3015 785 3317 835 versamur,

1744 858 1789 910 si
1829 872 1860 911 e
1896 858 2062 910 tantis
2095 858 2421 912 excitlamus
2464 860 2673 928 gratiis.
2710 860 2971 929 regnique
3004 861 3150 917 illius
3183 879 3321 932 prie-

1746 948 2027 1003 celsiorem
2088 965 2151 1003 ac
2173 966 2332 1019 supra
2361 952 2578 1004 modum
2610 951 2983 1005 admirabilem
3004 954 3317 1025 dignitatem

1746 1041 2123 1095 inobedientite
2156 1044 2403 1111 peccatis
2456 1044 2752 1098 reddamus
2791 1044 3064 1108 inutilem,
3107 1056 3321 1102 tantum

1747 1134 1919 1186 aberit
1974 1147 2004 1185 a
2058 1134 2214 1188 nobis
2256 1134 2633 1202 opportunitas
2686 1144 2871 1202 postea
2918 1134 3199 1201 redeundi,
3262 1145 3321 1190 ut

1748 1224 1929 1291 potius
1954 1223 2231 1275 immineat
2259 1222 2575 1275 oecurrendi
2608 1223 2865 1291 gehennae
2892 1225 3210 1293 periculum.
3237 1225 3319 1277 Illi

1748 1320 1973 1379 etenim,
2010 1318 2102 1385 qui
2154 1325 2275 1386 post
2302 1318 2594 1370 secundam
2630 1318 3032 1371 innovationem
3070 1318 3320 1372 humani-

1751 1407 2157 1475 latis,improbe
2175 1407 2768 1475 sentientes,vetustati
2798 1408 3085 1473 inhaerent,
3118 1409 3318 1465 frustra

1751 1500 2141 1569 aggrediuntur
2167 1498 2367 1551 Christi
2394 1499 2814 1553 constitutiones
2842 1501 3060 1563 sectari,
3082 1516 3317 1570 quorum

1751 1589 2027 1643 damnatio
2084 1589 2232 1656 justa
2278 1599 2360 1641 est
2415 1588 2461 1618 ⁸⁶
2493 1606 2506 1640 :
2546 1599 2872 1656 quapropter
2904 1590 3198 1643 edocemur
3227 1607 3320 1643 ve.

1754 1690 2005 1736 tustatem
2053 1695 2249 1733 exuere
2299 1688 2353 1733 et
2392 1680 2616 1734 induere
2641 1681 2927 1733 novitatem
2960 1697 2974 1746 ;
3010 1682 3095 1735 ille
3122 1682 3322 1751 quippe

53 1771 341 1842 θυμώδης
363 1810 378 1833 ,
409 1771 647 1840 σήμερον
694 1769 752 1822 δὲ
796 1766 973 1839 πραῢς
1006 1769 1101 1820 καὶ
1126 1765 1371 1837 ὴσύχιος,
1403 1767 1431 1818 ό
1458 1768 1551 1818 καὶ
1582 1766 1649 1817 τά

1761 1772 2039 1826 laudabilis
2068 1781 2170 1835 est,
2204 1772 2297 1840 qui
2331 1771 2445 1824 heri
2472 1771 2689 1839 quidem
2721 1772 2983 1826 iracundo
3015 1788 3078 1825 ac
3106 1775 3323 1827 turbato

56 1860 227 1931 πάθη
258 1862 493 1930 νικήσας
519 1861 614 1911 καὶ
647 1858 745 1928 τὴν
772 1858 975 1929 ἀρετὴν
998 1859 1245 1928 ἀσκήσας
1264 1874 1278 1887 ·
1314 1860 1518 1921 ἐκεῖνος
1553 1861 1651 1910 ἐπ-

54 1954 313 2017 αινετὸς,
340 1954 368 2005 ὁ
401 1951 527 2022 χθὲς
554 1950 654 2022 μὲν
693 1953 761 2021 τῇ
794 1949 1384 2023 αὑθεντίᾳόγόμενος,
1416 1953 1653 2022 σήμερον

55 2044 121 2097 δὲ
155 2046 234 2113 τῇ
270 2042 522 2112 ὑποταγῇ
551 2039 645 2095 τοῦ
696 2039 1031 2110 Εὑαγγελίου
1067 2041 1361 2108 ὑποταγεὶς
1386 2083 1402 2108 ,
1431 2044 1525 2094 καὶ
1563 2042 1655 2094 ἐπί

58 2138 246 2186 παντὶ
279 2133 508 2204 ῥήματι,
542 2134 636 2185 καὶ
661 2132 970 2203 πράγματι,
1006 2133 1100 2186 καὶ
1133 2133 1478 2204 ἐνθυμήματι
1500 2134 1652 2200 τάξιν

55 2224 366 2295 τιθέμενος
389 2265 405 2289 ,
436 2225 537 2277 καὶ
566 2224 674 2279 τῶν
726 2224 937 2295 ἀρετῶν
967 2225 1066 2296 τήν
1109 2226 1456 2296 περιποίησιν
1496 2242 1654 2296 μερι-

65 2317 267 2387 μνῶν,
300 2316 395 2370 καὶ
438 2318 507 2387 τῇ
550 2316 655 2389 ίδία
699 2316 954 2388 αὑθεντίᾳ
999 2316 1073 2388 μὴ
1117 2317 1537 2388 καταχρώμενον
1574 2319 1655 2381 είς

60 2410 342 2480 ἀθέτησιν
392 2408 500 2461 τῶν
556 2408 940 2477 Εὑαγγελικῶν
984 2408 1217 2478 ἀρετῶν,
1266 2410 1544 2480 μεριμνῶν
1599 2411 1655 2464 δὲ

62 2503 165 2555 τὸν
199 2502 469 2573 μέλλοντα
492 2502 684 2567 αἰῶνα,
733 2502 827 2555 καὶ
852 2501 947 2553 τοῦ
976 2501 1244 2572 παρόντος
1276 2502 1652 2572 καταφρονῶν,

66 2597 160 2649 ἴνα
205 2595 391 2666 τούτῳ
442 2596 981 2665 ἀνταγωνισάμενος,
1042 2594 1137 2646 καὶ
1182 2595 1405 2664 νικήσας
1461 2597 1520 2648 ἐν
1578 2593 1655 2664 τῷ

70 2689 337 2759 μέλλοντι
373 2687 528 2741 αἰῶνι
559 2686 781 2740 ἐπαίνου
822 2686 981 2758 τύχῃ,
1034 2686 1129 2738 καὶ
1178 2686 1655 2755 ἁνακαινιζόμενος

67 2784 139 2851 τῇ
193 2779 484 2850 καινότητι
513 2777 634 2832 καθ’
676 2779 891 2850 ἡμέραν
919 2780 986 2849 τῇ
1033 2780 1210 2848 ἀποχῇ
1261 2777 1369 2831 τῶν
1404 2777 1656 2846 πονηρῶν

73 2873 455 2944 πραγμάτων,
493 2872 589 2925 καὶ
634 2870 892 2934 ἐπιδείξει
936 2870 1045 2923 τῶν
1080 2869 1289 2940 ἀρετῶν
1312 2884 1326 2899 ο
1370 2869 1508 2939 αὕτη
1547 2868 1656 2937 γάρ

70 2969 232 3021 ἐστιν
286 2967 322 3037 ἡ
362 2964 687 3027 ἀπὲκδυσις,
720 2963 815 3016 καὶ
846 2962 1150 3024 ὲπένδυσις.
1188 2961 1281 3025 Τίς
1317 2960 1409 3013 οῦν
1438 2961 1471 3031 ή
1512 2960 1657 3012 αἰτία

74 3060 172 3113 τοῦ
205 3058 469 3123 θανάτου,
503 3056 600 3109 καὶ
627 3054 711 3118 τίς
738 3056 768 3108 ὁ
796 3055 996 3126 τρόπος
1033 3056 1135 3124 τῆς
1165 3053 1347 3123 ζωῆςς
1387 3052 1451 3105 Ἦ
1482 3069 1659 3122 παρα-

74 3150 180 3222 κοὴ
228 3150 332 3220 τῆς
377 3146 674 3219 ἁμαρτίας,
717 3122 879 3217 καὶ-ἡ
915 3122 1129 3217 ὑπακοή
1154 3145 1254 3216 τῆς
1272 3122 1651 3215 δικαιοσύνηςο
1685 3122 1727 3179 C

77 3245 209 3298 ὃταν
236 3243 336 3296 οῦν
364 3242 787 3312 ἁμαρτάνωμεν,
810 3238 1052 3291 ὑπόδικοι
1077 3242 1357 3311 παρακοῆς
1374 3238 1656 3308 γινόμεθα,

78 3338 178 3390 καὶ
210 3336 306 3390 διὰ
335 3334 493 3387 τοῦτο
522 3334 678 3403 χρεία
703 3333 802 3402 τῆς
828 3331 1215 3401 ἀντιστατικῆς
1264 3331 1522 3400 μελέτης,
1565 3330 1658 3382 καὶ

80 3429 183 3500 τῆς
234 3428 542 3498 ἀσκητικῆς
576 3426 887 3495 φροντίδος,
922 3424 1015 3476 καὶ
1045 3422 1197 3493 μόλις
1228 3422 1292 3491 γέ
1329 3439 1412 3485 τις
1442 3422 1661 3491 διαφεύ-

84 3521 239 3585 ξεται
267 3520 367 3584 τὰς
393 3518 694 3591 ἐπιδρομὰς
722 3517 831 3570 τῶν
864 3515 1257 3586 ἁμαρτητικῶν
1292 3516 1500 3569 παθῶν.

1752 1867 1937 1920 animo
1977 1879 2094 1918 sese
2129 1863 2377 1925 habebat,
2424 1863 2580 1916 hodie
2617 1878 2745 1915 vero
2783 1872 2867 1917 est
2917 1873 3233 1917 mansuetus
3268 1876 3325 1919 et

1752 1938 1989 2029 quietus,
2018 1957 2221 2027 quique
2245 1956 2528 2025 passiones
2565 1955 2730 2008 animi
2766 1955 2987 2019 devicit,
3027 1964 3081 2009 et
3120 1956 3173 2009 in
3205 1956 3321 2010 vir-

1754 2060 1869 2106 tute
1917 2066 1977 2106 sc
2020 2050 2304 2115 exercuit;
2341 2048 2631 2127 laudabilis
2683 2046 2793 2111 ille,
2823 2048 2916 2117 qui
2952 2047 3068 2101 heri
3102 2049 3322 2117 quidem

1752 2143 2108 2199 delectatione
2159 2142 2449 2194 mundanze
2500 2140 2782 2210 potestatis
2816 2140 3134 2207 ducebatur,
3165 2141 3325 2195 hodie

1752 2249 1882 2289 vero
1918 2232 2202 2301 Evangelii
2249 2230 2573 2285 obedientiaa
2623 2231 2903 2300 subjectus
2935 2241 3035 2298 est,
3071 2232 3325 2301 omnique

1752 2326 1939 2390 verbo,
1974 2332 2027 2378 et
2073 2322 2242 2392 operi,
2278 2332 2439 2391 atque
2466 2321 2631 2375 animi
2667 2322 2952 2390 conceptui
2989 2322 3206 2376 modum
3236 2338 3326 2376 ra-

1755 2416 1902 2469 tione
1943 2423 2300 2484 temperatum
2350 2412 2666 2481 assignavit,
2702 2421 3065 2482 procuratque
3095 2412 3331 2467 sollicite

1752 2510 2013 2562 virtutum
2063 2505 2501 2575 acquisitionem,
2556 2515 2609 2559 ct
2656 2507 2876 2575 prepria
2921 2522 3029 2560 non
3081 2508 3329 2561 abutitur

1755 2601 2080 2656 auctoritate
2133 2599 2200 2653 ad
2254 2598 2691 2667 evangelicarum
2725 2599 2986 2652 virtutum
3019 2608 3329 2669 trans-gres-

1756 2694 1990 2757 sionem,
2020 2690 2262 2746 futurum
2288 2704 2416 2744 vero
2443 2689 2699 2743 saeculum
2725 2699 2976 2744 accurate
2996 2691 3336 2759 considerat,

1756 2791 1809 2837 et
1850 2796 2090 2852 praesens
2127 2780 2289 2834 habet
2319 2777 2614 2847 despectui,
2652 2785 2711 2831 ut
2746 2788 3034 2848 postquam
3067 2780 3330 2835 adversus

1758 2874 1897 2927 istud
1940 2872 2211 2941 pugnarit,
2264 2885 2329 2923 ac
2373 2869 2583 2934 vicerit,
2632 2868 2844 2922 laudem
2888 2870 2940 2922 in
2969 2870 3169 2925 saeculo
3199 2885 3332 2925 ven-

1759 2972 1883 3017 turo
1912 2970 2304 3029 consequatur;
2331 2959 2533 3029 quique
2563 2959 2799 3013 novitate
2828 2960 3142 3029 quotidiana
3170 2976 3331 3016 reno-

1762 3065 1939 3119 vatur,
2001 3055 2069 3108 ab
2127 3052 2505 3122 iniquitatibus
2560 3051 2901 3116 abstinendo,
2960 3053 3338 3124 virtutumque

1762 3153 2033 3219 specimen
2088 3148 2428 3202 exhibendo:
2465 3145 2840 3215 hujuscemodi
2871 3146 3069 3199 etenim
3102 3156 3186 3201 est
3215 3162 3332 3200 mo-

1762 3246 1865 3300 dus
1918 3240 2151 3295 exuendi
2210 3254 2329 3293 sese
2357 3246 2410 3291 et
2448 3236 2724 3292 induendi.
2760 3237 3017 3301 Quantam
3050 3239 3213 3307 igitur
3250 3252 3335 3293 est

1762 3351 1927 3393 causa
1954 3334 2168 3399 mortis,
2199 3341 2253 3386 et
2281 3330 2403 3400 quis
2430 3330 2555 3383 vitae
2604 3328 2840 3382 modus?
2880 3329 2975 3383 Est
3008 3331 3207 3400 quippe
3252 3331 3334 3385 in-

1761 3425 2081 3483 obedientize
2118 3416 2419 3492 peccatum,
2452 3427 2507 3471 et
2533 3419 2734 3485 iustitia
2765 3417 3087 3471 obedientiae
3109 3461 3123 3484 ,
3156 3420 3331 3489 siqui-

1762 3521 1882 3575 dem
1938 3516 2065 3569 dum
2130 3492 2437 3580 peccamus,
2472 3508 2549 3561 rei
2602 3506 2883 3561 evadimus
2918 3507 3330 3573 inobedientiaa,

82 3611 323 3685 ideoque
351 3626 486 3681 opus
511 3620 595 3664 est
621 3608 1082 3680 praemeditatione
1106 3609 1425 3679 reluctante,
1461 3626 1526 3667 ac
1586 3613 1950 3670 sollicitudine
2013 3602 2385 3661 exercitationi
2424 3610 2691 3666 vacante;
2724 3601 2853 3653 dum
2912 3600 2992 3668 sic
3054 3601 3217 3654 etiam
3253 3584 3339 3653 in:

88 3720 294 3760 cursus
326 3702 827 3773 peccaminosarum
855 3699 1172 3769 passionum
1197 3701 1284 3753 vix
1306 3702 1668 3775 subterfugiet
1703 3702 1996 3775 quispiam.

691 3816 942 3870 ΚΕΦΑΛ.
984 3816 1060 3871 B’.

158 3931 264 3984 Διὰ
289 3928 450 3983 τοῦτο
488 3932 601 3993 τοῖς
638 3927 736 3999 μὲν
765 3929 1013 3999 ἀρχαίοις
1044 3930 1073 3982 ὀ
1109 3928 1315 4001 Κύριος
1348 3947 1661 4001 προσκατα-

90 4017 356 4090 λιμπάνει
384 4020 454 4073 τά
486 4019 906 4090 προστάγματα,
938 4021 1051 4083 τοῖς
1078 4019 1135 4072 δέ
1177 4020 1317 4084 νέοις
1359 4021 1663 4074 ἐντέλλεται

92 4113 161 4167 τὰ
189 4113 523 4182 εὐαγγελικά
549 4113 855 4183 διδάγματα
894 4112 956 4165 τὸ
991 4112 1066 4183 μὴ
1110 4116 1358 4184 μισῆσαι,
1391 4116 1528 4185 μήτε
1568 4116 1663 4185 ὀρ-

94 4208 392 4278 ⁴γισθτήναι,
445 4206 583 4277 μήτε
631 4204 1013 4274 ἐπιθυμῆσαι,
1051 4205 1189 4275 μήτε
1249 4206 1656 4270 ἀνταποδοῦναι,

95 4300 233 4354 ἀλλᾶ
283 4301 393 4362 τοῖς
444 4296 729 4368 συμϐόλοις
762 4295 861 4366 τῆς
905 4296 1125 4366 ἀγάπης
1172 4296 1309 4366 πρὸς
1346 4296 1662 4366 τελειότητα

97 4392 431 4465 ὁδηγηθῆναι
448 4406 463 4421 ο
504 4391 561 4443 αἱ
595 4388 807 4443 ἐντολαὶ⁵
833 4387 891 4440 δὲ
916 4387 1012 4440 τοῦ
1042 4387 1251 4458 Κυρίου
1271 4427 1287 4452 ,
1322 4387 1535 4458 βαρεῖαι
1562 4388 1663 4441 οὑκ

100 4484 234 4538 εἰσιν
255 4522 273 4549 ,
302 4482 437 4536 ἀλλὰ
485 4479 937 4552 μοχθηροποιοῦσι
965 4480 1057 4532 τὸν
1095 4479 1300 4542 ταύτας
1330 4478 1665 4548 φυλάττοντα

102 4576 153 4625 αι
180 4575 555 4643 ἀντικείμεναι
590 4573 702 4634 τοῖς
732 4570 948 4641 μέλεσιν
979 4569 1137 4641 ἡμῶν
1166 4571 1544 4640 ἀμαρτητικαὶ
1574 4570 1665 4622 δυ-

2395 3808 2628 3865 CAPUT
2668 3808 2732 3863 ll.

1830 3925 2194 3997 Quamobrem
2236 3919 2498 3976 Dominus
2547 3919 2786 3988 antiquis
2820 3917 3148 3989 derelinquit
3195 3936 3336 3988 prte-

1758 4032 1932 4093 cepta,
1961 4015 2273 4073 recentibus
2296 4020 2478 4066 autem
2501 4010 2814 4064 hominibus
2840 4011 3146 4079 evangelica
3180 4027 3343 4065 man-

1760 4119 1854 4173 dat
1908 4113 2259 4171 documenta,
2317 4106 2557 4171 scilicet,
2592 4118 2701 4157 non
2758 4104 2954 4165 odisse,
3005 4118 3108 4158 uou
3144 4106 3331 4168 irasci,

1764 4224 1873 4263 non
1914 4201 2325 4270 concupiscere,
2366 4213 2466 4252 nec
2509 4196 2712 4250 malum
2762 4194 3053 4263 rependere
3086 4213 3100 4249 :
3131 4199 3223 4250 sed
3250 4212 3341 4251 ar-

1760 4297 2034 4371 gumentis
2064 4290 2348 4349 charitatis
2370 4288 2528 4359 dirigi
2555 4288 2622 4341 ad
2640 4287 3023 4356 perfectionem
3046 4303 3060 4353 ;
3080 4304 3179 4342 nec
3206 4305 3333 4343 vero
3436 4348 3445 4355 ,

1764 4391 2019 4446 mandata
2046 4383 2259 4439 Domini
2285 4381 2469 4452 gravia
2506 4389 2652 4445 sunt,
2704 4381 2798 4435 sed
2830 4382 3093 4450 oppositae
3124 4380 3335 4435 nostris

1766 4483 2028 4540 membris
2081 4477 2475 4550 peccaminosze
2511 4474 2766 4543 potentiae
2810 4489 2873 4528 ea
2918 4474 3150 4528 reddunt
3179 4474 3341 4526 labo-

1764 4579 1911 4633 riosa
1944 4572 2233 4640 unicuique
2258 4568 2354 4639 qui
2382 4568 2697 4622 eoruntdem
2726 4565 3091 4620 observationi
3117 4564 3297 4618 incum
3316 4595 3331 4604 -

101 4667 316 4735 νάμεις,
332 4667 393 4719 ού
427 4664 696 4734 σύμφυτοι
721 4661 876 4719 οὖσαι
896 4666 961 4735 τῇ
983 4663 1163 4733 φύσει,
1189 4662 1305 4716 ἀλλ’
1325 4662 1662 4717 ἐπείσακτοι.

1770 4671 1847 4725 bit
1873 4685 1889 4735 ;
1928 4682 2050 4738 qua:
2076 4663 2299 4734 quidem
2331 4674 2438 4713 non
2471 4673 2575 4712 una
2603 4672 2725 4713 cum
2756 4665 2951 4711 natura
2987 4658 3183 4710 innata:
3211 4664 3347 4711 sunt

102 4761 210 4815 Καὶ
256 4760 346 4814 διά
383 4760 543 4813 τοῦτο
585 4760 615 4812 ό
660 4756 866 4831 Κύριος
919 4756 1227 4811 ἐντέλλεται
1276 4755 1529 4827 ἐκριζοῦν
1572 4755 1670 4809 καὶ

106 4849 532 4920 καταφυτεύειν,
562 4850 658 4902 καὶ
684 4848 1114 4913 κατασκάπτειν,
1144 4846 1239 4900 καὶ
1276 4846 1666 4917 ἀνοικοδομεῖν.

119 4945 281 5000 Ἀλλὰ
310 4945 509 5015 πολλῆς
539 4942 730 5015 χρείαν
758 4943 871 5014 ἔχει
906 4943 1223 5015 φρονήσεως
1268 4944 1301 5013 ή
1340 4941 1563 5011 τοιαύτη
1589 4943 1673 5011 ἐρ-

110 5038 299 5101 γασία,
346 5033 438 5089 καὶ
466 5033 736 5104 προσοχῆς
780 5034 875 5087 καὶ
916 5032 1235 5103 φροντίδος,
1265 5032 1364 5103 τῆς
1408 5031 1671 5100 συνήθους

111 5126 331 5197 ἀγωγῆς
359 5123 870 5197 παρεμποδιζούσης
910 5124 1046 5197 πρὸς
1076 5124 1173 5196 τὴν
1211 5124 1466 5196 τοιαύτην
1498 5125 1675 5193 ἀσφά-

115 5217 285 5272 λειαν.
328 5216 427 5270 Διὰ
466 5216 627 5271 τοῦτο
673 5217 828 5288 χρεία
868 5216 1119 5287 ἀνδρείας
1166 5216 1261 5269 καὶ
1307 5216 1537 5284 ἀγῶνος,
1582 5217 1675 5269 καὶ

115 5308 410 5380 ἀθλητικῆς
458 5309 762 5372 ἐνστάσεως
813 5307 1096 5379 διηνεκοῦς
1142 5308 1234 5361 ἐπὶ
1286 5308 1386 5379 τῆς
1436 5306 1675 5368 διανοίας

120 5402 521 5471 πλατυνομένης
548 5400 644 5455 καὶ
673 5400 807 5471 πρὸς
836 5401 1018 5463 πάσας
1049 5399 1151 5462 τὰς
1171 5398 1470 5469 ἐπιδρομὰς
1498 5414 1676 5469 παρα-

121 5494 451 5565 τασσομένης
484 5492 581 5546 καὶ
618 5490 695 5563 μὴ
720 5490 1048 5561 ἐνδιδούσης.
1077 5491 1150 5543 Σὺ
1186 5488 1245 5542 δὲ
1281 5491 1311 5542 ὁ
1336 5488 1557 5555 πιστὸς,
1601 5488 1677 5559 μὴ

123 5584 313 5657 ἀγνοῇς
333 5601 427 5638 σου
449 5585 511 5639 τὸ
538 5584 777 5656 ἀξίωμα,
808 5583 942 5656 μηδέ
970 5581 1228 5639 συνέλκου
1253 5583 1320 5655 τῇ
1353 5583 1674 5653 ματαιότητι

189 5720 234 5752 ⁵⁵
266 5720 418 5778 Boni.
450 5737 532 5783 ut.
564 5722 618 5777 8.

1772 4762 1951 4822 nobis.
1986 4758 2081 4814 sed
2123 4753 2433 4811 adventitiae
2474 4760 2627 4815 sunt,
2670 4758 2725 4804 et
2757 4749 3223 4812 subintroductae;
3258 4747 3351 4802 id-

1773 4851 1922 4905 circo
1951 4846 2213 4900 Dominus
2237 4843 2414 4914 jubet,
2450 4851 2509 4894 ut
2540 4840 2877 4893 eradicemns
2928 4847 2984 4892 et
3009 4838 3347 4908 plantemus,

1772 4940 2112 4995 defodiamus
2143 4951 2209 4990 ac
2237 4933 2645 4989 reredilicemus.
2670 4932 2743 4985 At
2774 4932 2877 4984 hoc
2911 4931 3185 4999 negotium
3220 4932 3344 5001 plu-

1774 5034 1969 5088 rimam
2012 5029 2180 5100 exigit
2224 5025 2592 5097 prudentiam,
2640 5023 2994 5077 attentionem
3040 5032 3095 5077 et
3129 5039 3339 5087 curam,

1775 5134 1900 5176 cum
1951 5118 2075 5172 vita:
2104 5114 2447 5172 conversatio
2477 5121 2738 5168 consueta
2782 5110 3226 5182 impedimentum
3261 5114 3349 5167 af.

1773 5213 1913 5267 lerat
1959 5226 2069 5264 nou
2112 5207 2407 5271 mediocre,
2436 5220 2506 5259 ne
2534 5203 2801 5261 securitas
2834 5204 2949 5259 haec
2976 5205 3296 5259 observetur
3323 5221 3351 5270 ς

1777 5304 2012 5373 hincque
2050 5316 2189 5370 opus
2242 5308 2327 5354 est
2372 5297 2514 5351 virili
2556 5297 3021 5366 magnanimitate,
3070 5304 3124 5351 et
3154 5306 3347 5349 certa-

1778 5394 1943 5458 mine,
1981 5389 2417 5457 athletarumque
2448 5401 2605 5440 more
2632 5391 2981 5440 contentione
3014 5387 3255 5447 assidua,
3286 5386 3345 5439 in

1778 5484 2048 5539 intellectu
2072 5484 2163 5552 qui
2188 5479 2301 5535 lato
2324 5480 2397 5535 sit
2420 5478 2626 5541 animo,
2644 5477 2846 5547 quique
2870 5477 3129 5533 adversus
3151 5491 3351 5531 omnes

1781 5577 2127 5633 incursiones
2184 5582 2407 5644 paratus
2457 5571 2528 5626 sit
2560 5570 2896 5641 pugnaciter,
2939 5584 3003 5627 ac
3034 5570 3355 5625 nullatenus
