3808 6226
414 253 550 315 1283

1884 247 2186 308 SPURIA.

3547 251 3687 317 1-284

409 373 585 427 cedat.
635 369 717 425 Tu
750 383 901 435 vero,
933 369 1024 440 qui
1075 368 1248 424 ﬁdelis
1277 383 1357 433 es,
1390 383 1457 423 ne
1489 367 1808 436 dignitatem
1836 366 1989 436 igno-

2107 364 2199 417 τῶν
2231 365 2466 431 πολλῶν,
2506 365 2644 420 ἀλλά
2686 365 2765 437 τῷ
2814 364 3032 420 σκιώδει
3079 366 3178 439 βίῳ
3224 367 3449 432 ἀντίθες
3496 375 3682 432 σκιὰν,

408 479 496 518 res
545 472 717 526 tuam,
759 476 859 516 nec
896 462 1189 515 multorum
1249 460 1488 513 vanitate
1523 457 1841 522 attraharis,
1895 457 1987 511 sed

409 557 681 610 umbrosae
733 556 857 608 vitae
890 569 1101 624 oppone
1135 553 1408 618 umbram,
1450 561 1502 606 et
1535 551 1614 605 sic
1663 550 1833 619 ipsam
1861 564 1987 618 per-

411 649 582 704 transi
635 648 823 713 vitam,
874 647 1028 712 quasi
1077 646 1147 701 sit
1177 646 1368 699 umbra
1407 642 1762 714 praeteriens;
1795 639 1901 705 fac,
1931 649 1991 694 ut

410 742 759 795 innotescens
814 739 949 793 civis
999 737 1168 792 futuri
1207 737 1414 800 saaeuli,
1455 751 1602 790 nunc
1632 735 1750 804 ejus
1779 731 1988 802 ample—

409 849 546 886 xans
605 831 920 893 amicitiam,
982 839 1039 883 ut
1093 830 1311 900 quando
1363 829 1493 882 illuc
1530 829 1829 897 pervenies,
1880 841 1988 879 non

407 925 556 978 velut
608 922 806 991 hospes
859 922 935 975 sis
973 921 1212 990 ignoms,
1262 919 1355 974 sed
1396 919 1690 987 excipiaris
1727 927 1988 985 tanquam

412 1016 644 1081 amicus,
699 1025 866 1083 utque
913 1012 1047 1066 civis
1092 1011 1302 1064 honore
1353 1009 1626 1068 alliciaris,
1664 1007 1791 1076 quia
1826 1005 1991 1074 hujus

410 1108 627 1177 quidem
676 1106 798 1158 vitae
847 1111 1023 1158 status
1071 1101 1307 1171 praeterit
1337 1101 1406 1156 ob
1442 1100 1859 1162 volubilitatem,
1895 1096 1991 1151 sed

410 1208 598 1268 postea
638 1197 860 1250 dextera
899 1204 1062 1248 erunt
1103 1193 1348 1257 dextera,
1391 1193 1615 1248 sinistra
1647 1206 1798 1258 vero,
1833 1206 1990 1261 sepa-

409 1301 528 1346 rata
577 1290 724 1342 hiatu
765 1287 1112 1342 interminato
1142 1303 1156 1352 ;
1187 1293 1242 1342 et
1291 1295 1421 1340 tunc
1448 1285 1579 1339 lides
1608 1284 1882 1354 justorum
1912 1283 1993 1338 ef-

409 1382 656 1454 l‘ulgebit,
690 1390 743 1435 et
774 1381 1017 1435 charitas
1056 1379 1409 1445 exaltabitur,
1448 1386 1502 1431 et
1534 1376 1848 1432 constantia
1876 1375 1993 1430 col-'-

408 1473 726 1529 laudabitur
783 1482 836 1527 et
864 1472 1236 1537 coronabitur,
1263 1470 1476 1540 eritque
1502 1467 1853 1524 admirationi
1884 1465 1995 1520 for-

410 1565 612 1628 titudo,
645 1563 845 1633 quippe
888 1577 1011 1632 quae
1042 1562 1329 1616 adornavit
1363 1559 1583 1613 coronis
1612 1558 1867 1623 victores,
1899 1557 1993 1628 qui

409 1657 701 1714 laboriosis
724 1655 1019 1710 virtutibus
1070 1664 1125 1708 et
1146 1651 1521 1707 exercitationi
1556 1659 1812 1704 vacantes
1836 1664 1991 1720 egre-

411 1751 498 1820 gie
547 1749 918 1813 decertarunt,
959 1754 1122 1815 atque
1155 1758 1376 1806 cursum
1409 1740 1710 1813 perfectum
1749 1740 1992 1810 comple-

410 1851 629 1898 VCl‘lﬂll.

1025 1945 1256 2004 CAPUT
1286 1944 1373 2000 lli.

483 2064 608 2120 llaec
663 2073 748 2121 est
777 2065 919 2120 enim
973 2062 1214 2133 legitima
1244 2077 1444 2133 pugna,
1477 2072 1532 2116 et
1558 2059 1868 2129 evangeliea
1901 2070 1989 2113 aro

411 2161 641 2224 dlnatio,
700 2173 825 2213 cum
876 2156 1022 2211 dicat
1044 2155 1305 2209 Dominus
1337 2171 1350 2205 :
1391 2173 1409 2207 ι
1444 2155 1544 2221 Qui
1575 2165 1724 2208 amat
1756 2163 1988 2225 patrem,

412 2262 508 2308 aut
536 2262 786 2313 matrem,
821 2255 914 2302 aut
945 2247 1137 2311 lilium,
1163 2257 1257 2302 aut
1280 2262 1522 2301 sororem
1560 2245 1848 2316 plusquam
1877 2259 1986 2305 me,

413 2360 525 2398 non
578 2352 660 2397 est.
710 2357 797 2395 me
850 2340 1047 2409 dignus
1097 2337 1182 2403 ⁸⁷;
1222 2358 1240 2390 ι
1286 2339 1517 2408 ideoque
1565 2353 1759 2392 rursus
1813 2336 1991 2390 aiebat

416 2433 676 2488 Dominus
703 2432 978 2496 omnibus,
1005 2430 1096 2500 qui
1125 2445 1224 2483 sua
1250 2431 1609 2482 observarunt
1630 2427 1883 2480 mandata
1907 2425 1985 2477 εει

413 2519 629 2589 Venite,
676 2521 942 2577 benedicti
976 2521 1152 2575 Patris
1214 2520 1362 2584 mei;
1393 2519 1595 2574 esurivi
1641 2518 1786 2572 enim
1827 2517 1992 2586 justi-

413 2621 569 2681 tiam,
618 2626 672 2673 et
723 2616 864 2685 apud
901 2631 1000 2669 vos
1030 2614 1203 2682 ipsam
1240 2613 1419 2665 inveni
1451 2630 1464 2678 ;
1498 2621 1552 2666 et
1585 2610 1729 2666 sitivi
1757 2610 1993 2664 charita-

417 2721 546 2774 tem,
589 2710 818 2778 ipsaque
852 2707 1211 2770 abundastis;
1250 2720 1348 2758 vos
1383 2703 1793 2758 circumvestire
1819 2703 1986 2765 volui,

414 2807 470 2858 et
519 2801 713 2871 dignos
768 2798 1095 2853 cxhibuistis
1133 2797 1535 2866 vosmetipsos;
1567 2797 1619 2849 in
1652 2811 1871 2850 carcere
1897 2796 1992 2849 de-

415 2895 670 2948 litescens
716 2905 887 2952 eram,
940 2897 996 2943 et
1031 2888 1368 2956 inquirentes
1409 2888 1649 2957 reperire
1681 2901 1769 2940 me
1808 2886 1990 2955 potui-

416 2987 554 3052 stis;
605 2984 914 3038 inilrmitate
971 2996 1035 3035 ac
1083 2979 1457 3034 humiliatione
1502 2978 1749 3048 apparui,
1787 2988 1841 3033 et
1898 2993 1992 3033 vos

415 3078 753 3133 dominatum
783 3073 1101 3144 agnovistis.
1126 3071 1338 3136 Venite,
1363 3043 1633 3125 benedicti
1652 3070 1828 3126 Patris
1858 3069 1984 3137 mei,
2019 3043 2061 3102 θ

417 3169 730 3226 accessistis
762 3184 792 3223 e
825 3178 967 3222 terra
999 3163 1314 3236 longinqua,
1345 3165 1438 3234 qui
1469 3180 1564 3232 per
1584 3164 1783 3218 multos
1811 3173 1990 3219 trans-

420 3265 566 3318 iistis
632 3262 939 3332 praedones,
971 3270 1027 3313 et
1058 3260 1126 3313 ab
1148 3258 1360 3312 insidiis
1391 3257 1690 3312 incolumes
1717 3256 1988 3321 evasistis,

417 3356 545 3426 quia
604 3352 1066 3426 lrequentioribus
1118 3352 1379 3405 virtutum
1430 3349 1625 3418 jaculis
1692 3349 1776 3402 usi
1833 3348 1988 3412 estis,

418 3446 619 3515 quibus
659 3444 874 3498 tandem
903 3443 1215 3496 obtinuistis
1248 3441 1552 3495 victoriam.
1584 3437 1794 3505 Venite,
1826 3438 1992 3492 bene-

419 3539 549 3596 dicti
596 3538 772 3592 Patris
823 3535 950 3599 niei,
1006 3536 1134 3603 quia
1187 3534 1375 3604 vigiles
1419 3532 1622 3596 luistis,
1653 3532 1993 3600 liberumque

420 3632 710 3688 arbitrium
758 3627 1033 3698 adjecistis
1061 3627 1126 3680 ad
1154 3624 1514 3680 obedientiam
1545 3623 1804 3692 angelica:
1827 3622 1992 3690 legis-

417 3724 608 3779 lationi
664 3721 1051 3792 praestandam,
1104 3719 1243 3772 hanc
1293 3718 1466 3773 libero
1523 3716 1747 3771 arbitrio
1800 3714 1993 3785 przefe-

417 3824 603 3869 rentes
660 3811 1076 3881 subjectionem.
1119 3807 1332 3875 Venite,
1373 3807 1638 3863 benedicti
1662 3806 1836 3862 Patris
1864 3806 2023 3872 mei,-

420 3908 550 3978 quia
581 3905 939 3974 conspicabar
964 3918 1061 3958 vos
1091 3903 1166 3956 uti
1198 3917 1353 3957 rosas
1377 3903 1517 3956 inter
1537 3901 1740 3970 spinas,
1769 3900 1862 3968 qui
1887 3915 1997 3968 pra:

423 3999 797 4055 meditationis
847 3997 1060 4052 fervore
1105 3996 1439 4050 videbamini
1481 4010 1665 4065 rogus,
1716 4008 1780 4047 ac
1829 3991 1997 4045 veluti

423 4091 810 4147 liliaintuebar
835 4087 1192 4143 conscientia).
1221 4087 1455 4156 puritate
1489 4084 1864 4155 praefulgidos.
1891 4081 1997 4136 Ve-

424 4186 562 4249 nite,
596 4182 863 4237 benedicti
898 4181 1074 4235 Patris
1092 4180 1367 4248 mei,quia
1400 4178 1605 4233 similes
1627 4177 1811 4232 fuistis
1831 4175 1996 4245 lapidi

424 4270 799 4332 adamantino,
856 4268 950 4338 qui
985 4284 1084 4322 nec
1135 4268 1187 4320 in
1224 4268 1347 4338 igne
1392 4267 1751 4330 comburitur,
1794 4282 1893 4320 nec
1943 4266 1997 4319 in

2090 461 2187 510 καὶ
2237 459 2412 522 οὕτως
2445 460 2608 512 αὐτὸν
2657 461 2893 531 πάρελθε
2939 461 3014 525 ὡς
3053 461 3179 514 σκιά
3223 463 3678 532 παρατρέχοντι.

2091 551 2199 603 Τοῦ
2237 552 2524 622 μέλλοντος
2553 554 2750 616 αἰῶνος
2780 555 3083 623 γνωστικὸς
3127 555 3357 626 πολίτης
3391 558 3553 624 γενοῦ
3579 559 3685 628 τὴν

2090 639 2226 709 πρὸς
2292 641 2453 694 αὐτὸν
2512 643 2698 712 φιλίαν
2755 644 2858 716 ήδη
2919 646 3322 716 ἀσπαζόμενος,
3401 650 3493 701 ἵνα
3549 650 3685 702 ὅταν

2095 731 2311 803 φθάσῃς
2341 733 2460 785 ἐκεῖ
2483 774 2497 797 ,
2531 734 2606 805 μὴ
2636 735 2711 798 ὡς
2745 734 2892 800 ξένος
2921 738 3196 809 ἀγνοηθῇς
3221 780 3235 803 ,
3264 740 3385 793 ἀλλ’
3409 739 3488 804 ὡς
3529 741 3684 809 φίλος

2100 823 2443 896 προσδεχθῇς
2472 866 2487 892 ,
2523 827 2616 880 καὶ
2665 828 2903 899 τιμηθῇς
2933 829 3008 892 ὡς
3039 831 3282 900 πολίτης.
3326 833 3396 885 Ἠ
3439 833 3550 903 γὰρ
3584 834 3683 886 σύ-

2095 931 2284 979 στασις
2335 920 2543 988 ταύτης
2589 920 2929 990 παρέρχεται
2992 922 3081 975 διά
3129 923 3228 993 τὴν
3291 926 3649 996 τρεπτότητα

2092 1009 2207 1062 ἀλλ’
2241 1010 2390 1064 ἔσται
2421 1012 2491 1064 τά
2514 1011 2688 1078 δεξιὰ,
2719 1014 2891 1080 δεξιὰ,
2915 1015 2983 1067 τά
3013 1015 3070 1068 δὲ
3101 1017 3400 1095 ἀριστερᾲ,
3435 1019 3685 1088 χάσματι

2094 1102 2388 1174 ἁπεράντῳ
2431 1104 2785 1176 διαιρούμενα
2810 1148 2824 1171 ,
2862 1107 2958 1160 καί⁵
3002 1109 3124 1161 τότε
3176 1109 3287 1163 τῶν
3319 1111 3558 1164 δικαίων
3589 1116 3680 1165 ἐκ·

2093 1192 2302 1264 λάμψει
2331 1196 2364 1266 ἡ
2396 1196 2611 1261 πίστις,
2645 1199 2740 1251 καὶ
2770 1199 3119 1272 ὑψωθήσεται
3147 1205 3178 1273 ή
3210 1203 3409 1274 ἀγάπη
3443 1204 3541 1257 καὶ
3580 1205 3684 1256 er.-

2099 1285 2454 1357 αινεθήσεται
2482 1290 2515 1357 ἡ
2550 1290 2820 1363 ὑπομονὴ,
2858 1293 2953 1345 καὶ
2981 1295 3474 1366 στεφανωθήσεται
3515 1298 3549 1367 ἡ
3589 1298 3684 1348 ἀν-

2092 1376 2246 1448 δρεία
2265 1417 2280 1441 ,
2308 1380 2403 1432 καὶ
2429 1381 2876 1453 θαυμασθήσεται
2904 1387 2934 1454 ἡ
2967 1387 3094 1450 τοὺς
3119 1389 3348 1458 νικητάς
3391 1391 3682 1458 στεφανῶ-

2095 1485 2257 1535 σασα,
2302 1472 2430 1535 τοὺς
2459 1474 2641 1540 καλῶς
2683 1477 3133 1547 ἀγωνισαμένους
3182 1483 3308 1544 ταῖς
3341 1483 3682 1550 ἀσκητικαίς

2095 1562 2188 1614 καὶ
2242 1563 2545 1635 ἐπιπόνοις,
2603 1568 2700 1622 καὶ
2755 1568 2848 1623 τὸν
2897 1570 3099 1640 δρόμον
3150 1571 3241 1625 τὸν
3291 1571 3466 1626 καλὸν
3528 1573 3684 1626 τελέε

2097 1672 2318 1721 σαντας.

2695 1945 2950 2001 ΚΕΦΑΛ.
2991 1941 3069 2000 1".-

2161 2055 2310 2129 Αὕτη
2343 2055 2450 2128 γάρ
2495 2058 2646 2109 ἐστιν
2677 2058 2711 2127 ἡ
2737 2056 2960 2128 ἔννομος
2989 2056 3216 2127 ἄθλησις
3237 2096 3252 2119 ,
3303 2059 3401 2112 καὶ
3451 2059 3685 2127 abun-5-

2088 2149 2215 2218 λικὴ
2248 2147 2488 2212 διάταξις
2529 2149 2585 2199 ἐν
2619 2147 2698 2218 τῷ
2727 2148 2907 2216 λέγειν
2935 2149 3024 2202 τὸν
3055 2150 3286 2220 Κύριονο
3341 2171 3360 2203 ι
3414 2151 3472 2205 '0
3511 2153 3685 2221 φιλῶν

2090 2241 2342 2312 πατέρα,
2387 2241 2422 2311 ἢ
2462 2241 2678 2310 μητέρα
2703 2282 2717 2304 ,
2753 2241 2784 2311 ἢ
2819 2241 2957 2304 υἱὸν,
2999 2242 3031 2314 ἢ
3068 2242 3343 2316 θυγατέρα
3378 2244 3525 2315 ὑπὲρ
3556 2245 3680 2314 ἐμὲ.

2089 2335 2190 2387 οὐκ
2215 2335 2330 2386 ἔστι
2366 2351 2467 2402 μου
2498 2333 2668 2397 ἄξιος.
2700 2353 2718 2384 ι
2753 2335 2863 2387 Καὶ
2895 2335 2983 2388 διὰ
3017 2334 3174 2389 τοῦτο
3206 2337 3373 2389 πάλιν
3415 2339 3445 2389 ό
3472 2337 3680 2408 Κύρως

2090 2425 2243 2494 ἔλεγε
2290 2427 2403 2488 τοῖς
2445 2426 2722 2496 τηρήσασι
2764 2428 2864 2489 τάς
2900 2426 3121 2490 ἐντολὰς
3161 2427 3366 2480 αὐτοῦ·
3394 2429 3592 2492 Δεῦτε,
3634 2432 3679 2481 οε

2091 2519 2444 2589 εὐλογημένοι
2467 2517 2563 2571 τοῦ
2597 2517 2816 2589 Πατρός
2857 2533 2983 2588 μου·
3019 2519 3286 2572 έπείνασα
3313 2519 3427 2589 γὰρ
3466 2521 3570 2591 τὴν
3607 2522 3683 2572 δι-

2091 2609 2410 2680 καιοσύνην,
2451 2610 2546 2662 καὶ
2579 2603 2740 2681 εὗρον
2767 2609 2938 2681 αὐτὴν
2969 2610 3102 2682 παρ’
3134 2612 3283 2682 ὑμῖν,
3316 2612 3414 2665 καὶ
3445 2611 3682 2681 ἐδίψησα

2091 2705 2191 2776 τὴν
2223 2705 2469 2775 ἀγάπην,
2497 2703 2592 2756 καὶ
2623 2702 2829 2774 ταύτην
2853 2701 3243 2756 ὲπλεονάσατε·
3272 2702 3678 2772 περιϐαλέσθαι

2091 2795 2337 2867 ἠθέλησα
2368 2796 2515 2865 ὑμᾶς
2535 2834 2550 2860 ,
2585 2794 2682 2847 καὶ
2730 2793 2914 2858 ἀξίους
2958 2793 3188 2857 ἑαυτοὺς
3214 2793 3546 2860 ἀπεδείξατε
3567 2808 3584 2822 ·
3627 2796 3682 2845 ὲν

2093 2889 2308 2958 φυλακῇ
2341 2887 2494 2958 ἥμην
2530 2885 2942 2958 κρυπτόμενος,
2975 2885 3070 2939 καὶ
3099 2885 3459 2955 ἐρευνῶντες,
3497 2886 3682 2954 εὑρεῖν

2101 2998 2167 3049 με
2215 2979 2542 3050 ὴδυνήθητευ
2573 2979 2632 3032 ὲν
2663 2979 2918 3049 ἀσθενείᾳ
2946 2979 3041 3032 καὶ
3065 2979 3421 3047 ταπεινότητι
3460 2977 3676 3047 ὤφθην,

2095 3072 2189 3126 καὶ
2223 3073 2380 3142 ὑμεῖς
2402 3072 2501 3143 τὴν
2531 3071 2852 3126 δεσποτείαν
2881 3072 3182 3140 ἐπέγνωτε.
3213 3071 3404 3137 Δεῦτε,
3444 3075 3493 3125 οἱ
3524 3073 3680 3125 εὐλψ

2093 3164 2322 3235 γημένοι
2359 3163 2454 3217 τοῦ
2485 3164 2698 3234 Πατρός
2744 3181 2868 3234 μου,
2914 3166 2981 3218 ὲκ
3024 3164 3128 3234 γῆς
3180 3165 3464 3234 μακρόθεν
3511 3167 3676 3235 ἣκετε

2094 3256 2324 3318 πολλοὺς
2350 3255 2557 3328 λῃστὰς
2588 3255 2888 3318 διελθόντες
2907 3297 2921 3317 .
2956 3257 3049 3310 καὶ¹
3079 3257 3532 3310 ἀνεπιϐούλευτοι
3564 3259 3675 3311 δια-

2094 3347 2492 3418 φυλαχθέντες,
2527 3347 2718 3417 ἐπειδὴ
2753 3347 2818 3400 τά
2853 3346 2982 3417 βέλη
3025 3347 3134 3399 τῶν
3164 3347 3379 3416 ἀρετῶν
3412 3348 3676 3400 ἐπλεονά-

2095 3455 2246 3499 σατε,
2288 3438 2356 3490 δι’
2384 3435 2459 3492 ὧν
2503 3440 2815 3508 ὲνικήσατε.
2864 3438 3055 3503 Δεῦτε,
3081 3441 3129 3492 οἱ
3182 3439 3544 3510 εὐλογημένοι
3585 3442 3674 3493 τοῦ

2094 3532 2309 3601 Πατρός
2346 3549 2481 3601 μουν
2528 3533 2609 3585 δτι
2642 3533 2902 3602 γρήγοροι
2947 3534 3241 3602 γεγόνατε,
3277 3537 3372 3588 καὶ
3413 3537 3514 3606 τὴν
3551 3538 3676 3589 αὐτ-

2095 3621 2446 3692 εξουσιότητα
2473 3622 2553 3685 είς
2575 3624 2856 3692 ὑποταγὴν
2885 3625 2989 3694 τῆς
3015 3626 3321 3695 ἀγγελικῆς
3347 3629 3673 3696 νομοθεσίας

2097 3712 2464 3782 προσεϐάλετε
2499 3754 2514 3779 ,
2571 3713 2670 3784 τὴν
2730 3714 3008 3785 ὑποταγὴν
3073 3718 3522 3786 προτιμήσαντες
3583 3723 3676 3786 τῆς

2096 3807 2596 3878 αὐτεξουσιότητος.
2629 3807 2816 3874 Δεῦτε,
2858 3810 2907 3860 οἱ
2936 3808 3296 3879 εὐλογημένοι
3329 3811 3423 3862 τοῦ
3467 3813 3677 3882 Πατρός

2101 3920 2227 3972 μου,
2257 3903 2338 3956 ὅτι
2377 3903 2648 3972 ἐθεώρουν
2682 3904 2827 3974 ὑμᾶς
2867 3902 2944 3966 ὡς
2979 3903 3107 3973 ῥόδα
3140 3904 3198 3956 ἐν
3231 3904 3504 3967 ἀκάνθαις
3544 3923 3678 3975 πυρ-

2100 3993 2426 4057 καῖάζοντας
2463 3994 2562 4063 τὴν
2593 3993 2908 4065 θερμότητα
2935 3994 3037 4063 τῆς
3087 3994 3361 4065 μελέτης,
3407 3999 3506 4048 καὶ
3542 3998 3677 4066 λαμο

2100 4084 2274 4154 προύς
2305 4084 2380 4147 ὡς
2412 4082 2481 4136 τὰ
2510 4084 2670 4154 κρίνα
2694 4087 2758 4154 τῇ
2792 4083 3126 4155 καθαρότητι
3153 4084 3254 4153 τῆς
3293 4085 3676 4154 συνειδήσεως.

2100 4175 2292 4240 Δεῦτε,
2320 4176 2369 4228 οἱ
2402 4176 2760 4246 εὐλογημένοι
2787 4175 2880 4228 τοῦ
2909 4177 3123 4248 Πατρός
3159 4194 3263 4246 μου
3291 4217 3306 4240 ,
3351 4179 3433 4230 ὅτι
3465 4178 3680 4248 ὡμοιώ-

2103 4266 2233 4337 θητε
2282 4268 2360 4337 τῷ
2403 4267 2537 4339 λίθῳ
2578 4269 2657 4338 τῷ
2701 4269 3083 4340 ἀδαμαντίνῳ,
3119 4270 3198 4340 τῷ
3248 4273 3386 4342 μήτε
3436 4274 3497 4324 ὲν
3549 4276 3678 4342 πυρὶ

424 4379 567 4432 aqua
603 4362 828 4431 tingitur
880 4363 1130 4425 humore,
1166 4358 1402 4429 factique
1447 4359 1577 4414 estis
1609 4360 1757 4414 velut
1788 4360 1994 4413 amian-

2107 4357 2456 4427 φλεγομένῳ,
2493 4357 2628 4428 μήτε
2657 4359 2714 4409 ἐν
2754 4357 2906 4410 ὕδατι
2939 4357 3348 4429 βάπτιζομένῳ,
3386 4359 3486 4411 καὶ
3521 4360 3678 4425 γετό-ι

424 4465 536 4521 tus,
572 4454 663 4524 qui
697 4455 874 4524 ignem
915 4453 1133 4522 quidem
1172 4451 1421 4520 suscipit,
1462 4451 1556 4506 sed
1604 4468 1712 4507 non
1748 4453 1998 4506 exuritur

424 4548 659 4610 ﬂamma,
709 4545 818 4597 imo
855 4551 1201 4612 repraesentat
1259 4543 1619 4596 substantiam
1667 4544 2000 4612 splendidio-

425 4653 542 4693 rem
580 4645 634 4690 et
685 4637 988 4701 illibatam;
1018 4634 1097 4688 sic
1126 4643 1180 4687 et
1208 4648 1327 4698 vos,
1360 4649 1484 4688 cum
1520 4649 1614 4703 per
1641 4636 1744 4690 tela
1775 4636 1998 4706 maligni

425 4729 804 4792 transiissetis,
834 4727 1054 4780 minime
1088 4725 1409 4781 inﬂammati
1442 4726 1649 4792 fuistis,
1680 4729 1792 4783 imo
1820 4729 1999 4784 abun-

425 4820 598 4875 dastis
620 4819 851 4888 iustitia,
887 4833 950 4871 ac
975 4817 1108 4871 bene
1135 4817 1438 4871 redolentes
1473 4817 1699 4872 virtutes
1726 4819 2002 4887 copiosio-

426 4928 518 4967 res
567 4908 979 4971 accumulastis,
1033 4909 1296 4962 rnundum
1351 4910 1514 4963 etiam
1565 4925 1675 4963 non
1714 4910 2003 4976 dilexistis,

427 5004 522 5058 sed
548 5003 841 5071 cupiditate
874 5002 1054 5072 potius
1085 5002 1236 5072 regni
1261 5003 1527 5056 cmlorum
1559 5001 1850 5071 ﬂagrastis.
1902 5001 2004 5058 Ve-

428 5097 562 5159 nite,
619 5095 960 5149 inebriemini
995 5110 1058 5150 ex
1097 5095 1346 5148 ubertate
1387 5095 1582 5150 domus
1618 5111 1773 5160 mete,
1805 5095 2005 5163 jucun-

426 5190 603 5257 deque
646 5188 990 5243 oblectemini
1039 5189 1092 5242 in
1149 5197 1388 5244 torrente
1431 5188 1706 5243 deliciosa:
1754 5189 2000 5258 volupta-

427 5281 500 5337 tis
535 5281 604 5334 ".

1027 5389 1256 5447 CAPUT
1310 5391 1400 5446 lV.

499 5481 710 5547 Venite,
737 5483 1008 5538 benedicti
1057 5483 1233 5539 Patris
1277 5485 1406 5550 mei,
1468 5488 1592 5555 quia
1641 5487 1865 5541 domum
1911 5503 2004 5543 ve-

432 5583 599 5627 stram
654 5575 965 5629 aedilit-astis
1007 5591 1170 5645 super
1219 5586 1447 5645 petram,
1479 5593 1713 5648 cmnque
1757 5579 2003 5646 ﬂumina,

505 5711 549 5743 ³⁷
590 5711 779 5766 Matth.
808 5731 856 5778 κ,
894 5715 980 5766 57.
1059 5716 1102 5743 ⁸⁷⁸
1135 5715 1324 5769 Matth.
1371 5733 1494 5785 xxv,
1521 5717 1610 5785 55,
1637 5719 1723 5774 56.
1801 5723 1846 5752 ⁸ν
1885 5721 2006 5780 l’sal

2105 4465 2232 4502 νατε
2277 4450 2354 4511 ὡς
2382 4450 2444 4501 τὸ
2485 4450 2750 4520 ἀμίαντον
2779 4451 2842 4502 τὸ
2874 4450 3166 4521 δεχόμενον
3201 4452 3262 4503 τὸ
3296 4451 3434 4520 πῦρ,
3472 4452 3570 4503 καὶ
3611 4452 3676 4520 μὴ

2105 4540 2516 4610 φλογιζόμενον,
2570 4543 2665 4595 καὶ
2716 4542 3128 4614 λαμπροτέραν,
3202 4545 3298 4596 καὶ
3355 4543 3528 4612 ἀθιγῆ
3589 4543 3677 4611 τὴν

2106 4632 2408 4687 ὑπόστασιν
2439 4633 2904 4702 ἐπιδεικνύμενον,
2953 4635 3048 4686 καὶ
3100 4636 3261 4704 ὑμεῖς
3317 4635 3677 4704 παρελθόντες

2102 4721 2173 4775 τά
2205 4723 2341 4793 βέλη
2371 4725 2463 4778 τοῦ
2497 4726 2738 4797 πονηροῦ
2764 4767 2779 4792 ,
2807 4727 2908 4780 οὐκ
2937 4727 3260 4797 ὲφλέχθητε,
3288 4727 3431 4780 ἀλλὰ
3474 4731 3575 4800 τὴν
3609 4729 3675 4779 δι-

2105 4817 2404 4888 καιοσὺνην
2456 4819 2910 4889 ὲπερισσεὺσατε,
2974 4821 3073 4873 καὶ
3128 4821 3229 4881 τάς
3275 4821 3676 4886 εὐωδιαζούσας

2102 4909 2307 4981 ἀρετὰς
2355 4910 2740 4965 ὲπλεονάσατε.
2794 4914 2904 4965 Καὶ
2940 4914 3032 4965 τὸν
3063 4913 3268 4984 κόσμον
3313 4914 3416 4966 οὐκ
3464 4917 3675 4984 ἠγαπή-

2104 5017 2235 5054 σατε
2257 5043 2271 5067 ,
2303 5000 2439 5054 ἁλλά
2463 5001 2561 5071 τὴν
2592 5001 2872 5072 βασιλείαν
2915 5003 3025 5056 τῶν
3055 5002 3302 5074 οὐρανῶν
3342 5003 3552 5073 μᾶλλον
3590 5006 3674 5054 ἐπ-

2101 5092 2356 5163 οθήσατε.
2423 5093 2631 5154 Δεῦτε,
2698 5093 3008 5164 μεθύσθητε
3074 5095 3184 5149 ἀπὸ
3253 5095 3518 5164 πιότητος
3592 5092 3675 5145 τοῦ

2099 5187 2249 5239 οἴκου
2323 5203 2468 5257 μου,
2550 5188 2645 5239 καὶ
2701 5187 3044 5260 εὐφράνθητε
3107 5190 3167 5241 ὲν
3224 5189 3522 5258 χειμάρρῳ
3590 5188 3676 5255 τῆς

2106 5282 2338 5353 τρυφῆς.

2704 5396 2958 5450 ΚΕΦΑΛ.
3000 5399 3075 5449 Δ”.

2182 5487 2368 5552 Δεῦτε,
2399 5490 2448 5542 οἱ
2482 5486 2838 5558 εὐλογημένοι
2871 5489 2964 5542 τοῦ
2991 5489 3204 5560 Πατρός
3235 5507 3361 5559 μοι),
3386 5490 3470 5542 ὅτι
3495 5489 3674 5559 ᾠκοδο-

2115 5581 2326 5651 μήσατε
2391 5580 2491 5650 τὴν
2539 5580 2717 5634 οἰκίαν
2768 5579 2922 5650 ὐμῶν
3000 5581 3092 5632 ἐπὶ
3145 5581 3247 5650 τὴν
3302 5582 3536 5650 πέτραν,
3597 5579 3674 5632 καὶ

2016 5768 2026 5778 .
2067 5740 2228 5783 xxxv,
2270 5722 2323 5778 9.
