3808 6226
68 264 262 331 1285
1380 252 1726 316 EPICTETI
1760 254 2140 316 MANUALE.
3241 264 3384 331 1m

68 372 460 427 ἐπελθόντων
486 367 595 423 τῶν
621 365 907 437 ποταμῶν,
937 362 1035 419 καὶ
1052 362 1164 417 τῶν
1192 360 1433 431 ἀνέμων,
1454 362 1550 415 καὶ

1873 358 1943 413 nti
1994 366 2050 413 et
2098 357 2303 413 imbres
2352 360 2821 430 supervenissent,
2881 363 3197 425 inconcussi
3252 387 3377 442 per-

71 464 291 517 ὐετῶν
319 461 611 516 ἁσάλευτοι
643 456 954 527 διεμείνατε
979 497 994 519 ,
1038 456 1134 509 καὶ
1160 454 1292 518 τοὺς
1336 453 1505 515 πόδας
1545 452 1575 503 ὑ

1870 451 2083 505 insistis
2117 449 2162 482 ⁹⁶
2188 468 2205 517 ;
2236 449 2440 521 quique
2470 452 2633 522 pedes
2672 462 2883 511 vestros
2921 472 3029 512 non
3061 460 3289 517 dedistis
3319 463 3374 516 in

72 553 217 605 οὐκ
267 551 513 604 ἐδώκατε
552 551 634 611 εις
665 546 848 609 σάλον,
879 545 993 599 ἀλλ’
1041 545 1135 597 ἐπὶ
1170 543 1271 613 τῆς
1303 544 1508 612 πέτρας
1538 543 1576 594 ὲι

1873 540 2227 595 mmotionem
2258 541 2325 605 ",
2364 541 2458 597 sed
2508 544 2657 613 ipsos
2687 559 2850 614 super
2872 555 3078 615 petram
3109 552 3376 607 stabilivi-

72 660 251 701 σατε
303 640 507 704 αὑτοὺς
532 680 548 705 ,
596 639 692 693 καὶ
738 638 1000 707 γεγόνατε
1030 636 1242 705 δόκιμοι
1285 636 1344 687 ὲν
1385 636 1452 705 τῇ
1492 634 1576 686 πει

1874 650 1900 688 s
1928 634 2000 698 θ’,
2024 642 2078 687 et
2105 633 2157 687 in
2191 633 2291 688 ﬁde
2322 634 2529 705 probati
2560 636 2835 691 evasistis.
2898 656 2917 688 ι
2972 637 3184 709 Venite,
3215 642 3378 699 bene-

86 754 120 789 σ
174 733 375 801 Δεῦτε,
404 734 455 787 οἱ
484 731 843 802 εὐλογημένοι
880 728 975 783 τοῦ
1016 728 1231 800 Πατρός
1266 744 1371 798 μου
1394 768 1409 792 ,
1443 726 1590 798 κληρ

1871 728 1929 781 :ti
1960 726 2131 781 Patris
2183 727 2312 791 mei,
2350 727 2663 783 haereditate
2692 730 2964 798 possidete
3016 746 3375 804 praeparatum

81 830 336 899 μήσατε
404 827 506 899 τὴν
559 823 971 898 ἡτοιμασμένην
1044 822 1172 891 ὑμῖν
1244 819 1521 890 βασιλείαν

1866 819 1958 874 bis
2008 834 2233 889 regnum
2278 834 2307 872 a
2342 820 2739 876 constitutione
2792 824 3025 891 mundi;
3064 845 3084 878 ι
3127 827 3219 881 sed
3262 844 3370 882 non

77 917 435 987 καταϐολῆς
474 917 707 986 κόσμου,
744 934 765 969 ι
796 912 915 969 ἀλλ’
948 917 1048 984 οὐχ
1077 913 1233 983 ὑμεῖς
1260 912 1531 983 ὡρίσθητε
1565 929 1581 963 i

1879 911 2150 966 terminati
2202 910 2388 967 fuistis
2437 928 2559 977 vos,
2608 922 2669 967 ut
2706 916 2855 984 regni
2890 919 3083 974 essetis
3113 920 3383 985 limredes,

80 1010 350 1081 ρονόμοι
378 1009 481 1079 τῆς
518 1007 827 1079 βασιλείαςο
862 1005 986 1059 ἐπεὶ
1021 1002 1145 1058 οὒτε
1192 1004 1349 1075 ὑμεῖς
1402 1004 1584 1056 ὲπαινε

1876 1004 2063 1074 oquin,
2114 1018 2216 1059 nec
2264 1004 2365 1073 ipsi
2414 1004 2711 1061 laudabiles
2758 1009 3124 1077 exsisteretis,
3157 1028 3256 1067 nec
3286 1031 3380 1068 vo-

78 1099 247 1155 οὕτε
298 1103 334 1172 ή
370 1101 567 1170 κλῆσις
594 1098 687 1152 τοῦ
720 1096 1015 1160 καλοῦντος
1043 1096 1228 1150 δικαία
1253 1135 1268 1161 ,
1320 1094 1436 1150 ἀλλ’
1461 1097 1515 1147 αἱ
1544 1097 1578 1148 ἀ

1880 1096 1979 1150 ntis
2028 1095 2178 1165 justa
2236 1094 2378 1150 foret
2430 1096 2665 1162 vocatio,
2708 1099 2799 1153 sed
2832 1102 3131 1156 certamina
3161 1102 3384 1159 fuerunt

84 1207 239 1254 σεις
270 1188 719 1260 προωρίσθησαν,
760 1189 856 1243 κα)⁸
888 1188 1081 1260 ἀρεταὶ
1119 1187 1228 1241 τῶν
1261 1187 1350 1241 διὰ
1391 1187 1499 1239 τῶν
1525 1185 1588 1240 ἇθ

1876 1188 2294 1254 ωάθιειοιηίηιιιο,
2346 1196 2400 1242 et
2439 1189 2671 1245 virtutes
2701 1205 2913 1258 eorum,
2944 1194 3037 1263 qui
3072 1210 3169 1264 per
3196 1204 3380 1251 certa-

82 1282 558 1354 προερχομένων
588 1280 1107 1352 προεθεωρήθησαν,
1126 1279 1219 1333 καὶ
1244 1278 1446 1342 πάντες
1476 1278 1586 1330 διελ

1882 1296 1950 1335 na
1977 1280 2457 1351 progrederemur.
2491 1281 2644 1338 fuere
2676 1294 2973 1353 perspectas
3010 1296 3190 1352 antea,
3222 1298 3275 1343 et
3301 1289 3381 1345 sic

83 1373 459 1445 ἐκλήθησαν,
505 1370 621 1426 ἀλλ’
654 1372 716 1426 οὐ
748 1371 950 1435 πάντες
982 1371 1321 1442 ὑπήκουσαν,
1358 1368 1515 1439 ὑμεῖς
1557 1369 1585 1423 δ

1876 1386 1998 1428 mes
2031 1373 2209 1428 vocati
2236 1383 2363 1429 sunt
2389 1384 2450 1429 ut
2481 1390 2573 1445 per
2606 1377 2907 1432 certamina
2934 1380 3248 1443 transirent,
3286 1383 3380 1437 sed

86 1464 543 1527 ὑπακούσαντες
566 1502 582 1529 ,
615 1465 711 1517 καὶ
757 1463 861 1534 τῆς
905 1462 1192 1535 παρακοῆς
1221 1461 1283 1515 τὸ
1315 1461 1567 1532 ἔγκλημα

1874 1481 1912 1519 ιη
1944 1480 2136 1520 omnes
2170 1466 2517 1522 obedierunt.
2558 1466 2664 1523 Vos
2702 1478 2906 1536 autem,
2942 1470 3035 1540 qui
3067 1471 3378 1538 obediistis,

88 1552 454 1620 εκδύσασθε,
484 1556 580 1612 καὶ
604 1560 705 1629 τῆς
734 1555 983 1627 ὑπακοῆς
1011 1556 1103 1609 τὸν
1121 1556 1343 1610 ἔπαινον
1372 1556 1592 1627 ὲκομίσσ

1892 1554 2275 1613 ἰηοϋθόίεηιίιε
2306 1559 2518 1615 crimen
2548 1561 2891 1627 excussistis,
2921 1562 3134 1617 laudem
3164 1577 3387 1633 quoque

88 1652 223 1716 τὰς
252 1651 460 1721 ἀρετάς
488 1648 931 1720 ἐπιδειξάμενοι,
975 1649 1073 1702 καὶ
1105 1650 1205 1719 τῆς
1246 1649 1530 1721 βασιλείας
1564 1650 1592 1704 ἆ

1874 1648 2129 1719 portastis
2178 1648 2522 1714 obedientiae,
2563 1658 2620 1704 et
2669 1666 2764 1707 eas
2792 1653 3097 1708 exhibendo
3130 1654 3378 1721 virtutes,

90 1745 441 1815 γενόμενοι.
488 1743 770 1815 Μακάριοι
812 1744 863 1797 οἱ
908 1741 1116 1814 ταύτης
1148 1741 1566 1814 καταξιούμενοι

1883 1742 2061 1814 ndigni
2092 1741 2275 1798 fuistis
2305 1742 2477 1797 habiti
2506 1743 2598 1798 tali
2629 1759 2816 1813 regno.
2862 1744 3011 1800 Beati
3042 1787 3057 1813 ,
3094 1748 3187 1817 qui
3217 1750 3387 1803 hocce

97 1837 442 1908 μαρτυρίας
463 1876 478 1901 ,
531 1836 761 1889 ἐνώπιον
793 1835 1066 1904 ἀγγέλων,
1102 1836 1195 1889 καὶ
1233 1835 1453 1889 πάντων
1496 1834 1592 1889 ἀνθ

1885 1834 2126 1891 ιιίῐηοηίο
2180 1834 2234 1889 in
2299 1846 2593 1906 conspectu
2652 1837 2969 1908 angelorum
3025 1840 3389 1911 omniumque

94 1948 247 1985 πων
268 1947 282 1962 ·
318 1929 507 2000 ἐπειδὴ
541 1920 649 2000 γὰρ
676 1928 769 1983 τὸν
801 1928 935 1982 Θεὸν
977 1929 1180 1997 σφόδρα
1211 1927 1580 2001 εφοϐήθησαν,

1885 1926 2088 1981 minum
2117 1926 2269 1997 digni
2297 1926 2688 1998 iudicabuntur
2717 1948 2732 1997 ;
2770 1930 2898 1985 dum
2934 1933 3135 1985 etenim
3171 1932 3206 1986 ii
3228 1934 3389 1989 valde

92 2025 225 2089 τὰς
276 2024 501 2087 ἐντολὰς
542 2021 713 2076 αὐτοῦ
753 2021 976 2084 τελείως
1004 2020 1300 2091 ἐφύλαξαν,
1352 2021 1447 2075 καὶ⁵
1486 2022 1585 2093 τὴν

1878 2025 2104 2072 nuerunt
2149 2017 2341 2081 Deum,
2388 2026 2442 2072 et
2476 2018 2593 2089 ejus
2628 2019 2882 2074 mandata
2928 2021 3165 2091 perfecte
3196 2035 3382 2079 custo-

95 2114 425 2185 καιοσύνην
453 2113 805 2176 ἐπλεόνασαν,
833 2105 878 2181 ᾧ
911 2110 1094 2183 μέτρῳ
1126 2111 1439 2184 ἐμέτρησαν
1470 2112 1596 2166 άντε

1874 2117 2039 2173 erunt,
2069 2109 2499 2179 amplioremque
2531 2110 2637 2166 sibi
2667 2123 3054 2181 compararunt
3082 2114 3378 2184 justitiam,

92 2207 307 2278 τρήθη
358 2206 542 2269 αὐτοῖς
581 2202 734 2275 παρὰ
776 2196 1001 2274 ’Κυρίου
1064 2203 1286 2274 ὁμοίως.
1338 2202 1549 2274 Μέχρις

1882 2215 1913 2256 a
1970 2215 2224 2255 mensura
2273 2202 2445 2256 mensi
2481 2210 2628 2267 sunt,
2662 2217 2725 2257 ea
2758 2203 3014 2259 similiter
3043 2221 3267 2263 emensa
3295 2219 3379 2263 est

90 2300 326 2355 τούτου
351 2299 444 2352 τὸν
475 2298 635 2365 λόγον
667 2296 1077 2367 ὲπιστήσωμεν,
1103 2294 1577 2366 εὐχαριστοῦντες,

1880 2292 1941 2349 iis
1972 2309 2000 2347 a
2034 2292 2286 2348 Domino.
2337 2291 2634 2365 Hucusque
2662 2310 2792 2366 ergo
2816 2298 3055 2352 sermoni
3088 2299 3248 2354 linem
3281 2301 3384 2355 im-

98 2390 486 2460 ιύλογοῦντες
511 2390 603 2444 τὸν
638 2389 845 2459 Κύριον
894 2388 987 2441 ἐπὶ
1030 2390 1167 2442 πᾶσι
1200 2391 1314 2451 τοῖς
1341 2387 1565 2456 ἀγαθοῖς

1882 2400 2098 2449 namus,
2132 2386 2337 2456 gratias
2366 2396 2609 2457 agentes,
2656 2398 2711 2443 et
2740 2388 3126 2447 benedicentes
3149 2390 3383 2449 Domino

98 2484 225 2539 τοῦ
277 2483 643 2554 χαρίσμασιν,
685 2476 767 2545 οἷς
797 2483 927 2552 ἡμῖν
957 2481 1209 2552 δωρεῖται
1240 2483 1354 2543 τοῖς
1390 2479 1599 2544 ἀνάξιοι

1918 2477 2176 2534 omnibus
2226 2478 2386 2533 bonis
2435 2479 2609 2550 ipsius
2658 2479 2835 2547 donis,
2868 2482 3071 2552 quibus
3103 2501 3205 2541 nos
3240 2488 3382 2541 indi-

101 2575 297 2632 αὑτοῦ
350 2573 764 2645 φιλανθρωπία,
804 2571 955 2643 αὺτῴ
1000 2573 1034 2643 ή
1069 2570 1196 2636 δόξα
1237 2571 1331 2625 καὶ
1365 2572 1399 2643 ἠ
1442 2571 1575 2642 τιμὴ

1878 2585 1951 2625 nos
1978 2582 2297 2625 muneratur
2334 2571 2454 2641 ejus
2496 2572 2888 2631 misericordia.
2932 2573 3040 2647 Ipsi
3093 2577 3287 2648 gloria,
3327 2588 3382 2635 et

100 2671 256 2733 τοὺς
292 2667 511 2729 αἰῶνας.
553 2666 745 2737 ’Δμήν.

1813 2659 1988 2716 honor
2012 2660 2067 2715 in
2092 2661 2313 2718 saecula.
2343 2660 2539 2719 Amen.

196 2846 249 2878 ⁸⁵
281 2844 414 2898 Luc.
452 2860 526 2910 vn,
556 2843 646 2900 48.
723 2845 766 2876 ⁹¹
798 2843 944 2899 Psal.
971 2858 1099 2908 cxx,
1136 2840 1191 2893 5.
1268 2842 1313 2873 ⁹¹¹
1346 2838 1489 2893 Psal.
1529 2854 1719 2907 χχιιι,
1747 2840 1802 2894 '5.

130 3059 2874 3089 ΝΜ

1256 3219 2276 3354 ΕΠΙΚΤΗΤΟΥ

1314 3487 1322 3493 ’
1411 3484 2115 3577 ΕΓΧΕΙΡΙΔΙΟΝ

1737 3702 1809 3719 ﬂ

920 3855 1584 3973 EPlCTETI
1662 3852 2622 3969 ENCHIRIDION

1484 4101 1627 4163 SEU
1675 4100 1889 4162 MANU
1901 4099 2048 4161 ELE

481 4275 528 4334 A
573 4272 638 4333 S.
669 4273 739 4333 P.
780 4272 854 4334 N.
895 4271 1037 4335 Nilo
1068 4271 1393 4335 concisum
1424 4271 1487 4328 et
1512 4265 1967 4347 interpolatum
2018 4260 2280 4341 ejusque
2318 4257 2643 4340 opusculis
2696 4257 3023 4330 insertum.

721 4620 969 4678 KE<I>AA.
1011 4619 1092 4676 A'.
1745 4624 1790 4683 C
2485 4610 2715 4671 CAPUT
2756 4612 2797 4668 Ι.

206 4718 335 4773 Τῶν
368 4718 539 4771 ὄντων
566 4716 638 4771 τὰ
671 4716 770 4788 μὲν
798 4717 882 4785 ἐφ’
928 4716 1063 4786 ἡμῖν
1109 4716 1225 4768 ἐστι
1250 4753 1267 4778 ,
1296 4713 1367 4768 τὰ
1398 4714 1454 4768 δὲ
1498 4712 1598 4767 οὐκ
1625 4711 1710 4781 ἐφ’

1889 4710 2270 4768 Exsistcntium
2297 4724 2479 4765 rerum
2510 4707 2756 4778 quaedam
2785 4712 2914 4760 sunt
2943 4703 2998 4758 in
3030 4704 3209 4770 nobis,
3244 4718 3393 4772 qua:-

124 4812 297 4883 ήμῖν.
342 4809 457 4878 Ἐφ’
491 4808 625 4879 ήμὶν
659 4806 759 4877 μὲν
788 4806 1080 4875 ὑπόληψις,
1108 4804 1277 4877 ὁρμὴ,
1304 4804 1507 4877 ὄρεξις,
1529 4804 1627 4857 ἔκκ

1886 4820 1936 4858 m
1994 4818 2103 4858 non
2144 4812 2292 4859 sunt.
2321 4802 2377 4856 In
2410 4801 2570 4857 nobis
2596 4799 2817 4871 quidem
2854 4805 2986 4853 sunt
3033 4796 3390 4869 existimatio.

127 4918 247 4967 σις,
280 4900 374 4953 καὶ
406 4899 485 4953 ὲν¹ι
522 4897 665 4969 λόγῳ
696 4898 798 4952 ὅσα
827 4896 1075 4969 ἡμέτερα
1099 4896 1257 4968 ἔργα.

1896 4896 2112 4966 pulsus,
2161 4895 2513 4959 desiderium,
2544 4893 2830 4956 aversatio,
2862 4898 2918 4946 et
2949 4904 3059 4944 uno
3090 4889 3257 4944 verbo
3290 4905 3395 4944 ca:-

816 5030 831 5035 ν
1817 4995 1951 5050 tera,
1982 4999 2105 5055 qua:
2133 4992 2335 5039 nostrae
2363 4994 2494 5040 sunt
2528 4984 2895 5054 operationes.

741 5101 993 5156 ΚΕΦΑΛ.
1034 5101 1110 5154 B'.

2440 5097 2669 5155 CAPUT
2717 5096 2780 5152 ΙΙ.

211 5195 326 5249 Καὶ
364 5194 433 5249 τὰ
476 5194 575 5266 μὲν
604 5195 690 5265 ἐφ’
720 5196 853 5267 ἡμῖν
881 5196 1021 5257 ἐστι,
1058 5193 1216 5263 φύσει
1248 5192 1533 5264 ἐλεύθερα,
1564 5192 1711 5247 ἀκώ-

1892 5193 1968 5248 Ac
2000 5208 2086 5260 ea,
2119 5208 2241 5263 quae
2273 5193 2329 5247 in
2357 5191 2514 5247 nobis
2536 5199 2681 5256 sunt,
2711 5189 3028 5245 naturaliter
3058 5187 3225 5241 libera
3254 5186 3366 5239 exsi

131 5290 301 5355 λυτα,
331 5289 769 5361 ἀπαραπόδιστα.
806 5289 887 5342 Τὰ
931 5288 988 5342 δὲ
1030 5287 1131 5342 οὐκ
1177 5286 1263 5357 ἐφ’
1288 5289 1445 5359 ἡμῖν,
1494 5286 1635 5342 ἀσθετ

1894 5299 1975 5341 int
1997 5286 2289 5357 prohiberi,
2312 5294 2366 5340 et
2394 5285 2645 5355 impediri
2667 5285 2892 5338 minime
2914 5290 3174 5353 possunt;
3202 5291 3251 5333 at
3275 5295 3398 5349 qua:

134 5380 329 5447 δοῦλα,
357 5381 598 5448 κωλυτὰ,
636 5381 917 5453 ἀλλότρια.

1896 5396 1931 5433 n
1981 5388 2110 5434 sunt
2170 5379 2226 5433 in
2272 5378 2452 5445 nobis,
2506 5378 2745 5445 inﬁrma,
2799 5391 2974 5443 serva,
3025 5374 3305 5444 impedita,
3343 5381 3396 5427 et

1821 5473 1998 5528 aliena
2045 5472 2342 5531 exsistunt.

741 5585 994 5642 ΚΕΦᾹΛ.
1035 5584 1109 5641 Γ’.

2418 5585 2650 5644 CAPUT
2708 5584 2796 5641 Ill.

216 5677 485 5753 Μέμνησο
521 5673 617 5736 οὖν
660 5678 743 5733 ὅτι
793 5678 888 5735 ἐὰν
931 5678 1003 5735 τὰ
1045 5679 1207 5749 φύσει
1254 5676 1418 5735 δοῦλα
1455 5677 1720 5751 ἐλεύθερα

1895 5681 2166 5742 Memento
2211 5683 2397 5753 igitur,
2447 5682 2617 5747 quod,
2665 5681 2713 5739 si
2744 5694 2865 5738 aure
2895 5676 3215 5735 naturaliter
3243 5689 3399 5732 serva
