3808 6226
486 218 621 284 1287

478 426 737 499 pedieris,
776 424 1005 493 lugebis,
1063 424 1490 495 perturbaheris,
1525 423 1591 478 de
1618 421 1729 476 Deo
1759 423 1935 492 deque
1970 422 2070 476 ho-

478 519 725 575 minibus
756 518 1152 588 eonquereris;
1190 517 1235 572 si
1263 532 1394 571 vero
1422 526 1576 571 tuum
1603 516 1862 586 Opinatus
1898 513 2068 569 fueris

478 605 827 660 solummodo
880 620 1003 659 esse
1058 614 1234 667 tuum,
1294 605 1533 659 alienum
1590 613 1793 670 autem,
1862 613 1922 659 nt
1962 614 2065 669 est,

476 696 741 763 alienum,
798 696 988 751 nullus
1034 706 1085 751 te
1114 696 1332 750 vexabit
1363 712 1626 766 unquam,
1663 696 1844 751 nullus
1877 707 1928 751 te
1966 697 2069 751 im-

478 787 680 858 pediet,
737 804 914 859 neque
957 788 1221 844 adversus
1261 790 1431 843 ullum
1460 788 1738 859 querelam
1772 804 2064 859 propones,

477 880 628 934 litem
680 881 776 934 ulli
814 896 920 935 non
956 881 1227 948 intendes,
1264 882 1399 935 nihil
1430 880 1633 935 invitus
1672 879 1861 943 facies,
1892 880 2067 934 nemi-

477 988 605 1028 nem
640 973 865 1029 habebis
900 974 1205 1041 inimicum,
1243 975 1429 1029 nullus
1464 987 1515 1030 te
1546 974 1721 1039 laedet,
1759 988 1941 1044 neque
1970 988 2069 1029 n0-

479 1080 607 1120 xam
640 1064 831 1119 afferet
878 1065 1139 1135 aliquam.

1080 1172 1310 1232 CAPUT
1372 1171 1460 1228 IV.

547 1283 702 1341 Talia
755 1286 922 1355 igitur
971 1295 1231 1355 tantaque
1291 1294 1573 1355 appetens,
1628 1291 1902 1337 memento
1942 1298 2065 1337 rur-

476 1394 595 1443 sus,
656 1379 803 1447 quod
844 1379 974 1433 dum
1027 1380 1261 1433 moveris
1296 1378 1667 1443 mediocriter,
1706 1394 1814 1431 non
1856 1386 2070 1446 oportet

475 1488 538 1527 ea
569 1488 874 1541 capessere,
907 1471 1003 1525 sed
1040 1471 1107 1525 ad
1149 1471 1328 1540 aliqua
1364 1470 1584 1540 quidem
1625 1471 1942 1525 omnimodo
1976 1472 2068 1525 de-

476 1567 608 1621 ferri
667 1576 846 1632 motu,
877 1566 983 1619 alia
1021 1581 1150 1621 vero
1183 1580 1282 1635 pro
1326 1566 1581 1634 praesenti
1621 1565 1841 1619 differre
1872 1584 1884 1618 :
1919 1565 2065 1634 quod

478 1661 522 1714 si
574 1666 630 1712 et
686 1658 799 1711 haec
835 1658 988 1723 velis,
1033 1657 1337 1727 cupiasque
1366 1658 1635 1712 ditescere
1666 1658 1833 1711 simul
1885 1668 1939 1712 et
1970 1659 2063 1711 im-

2187 1669 2386 1739 ἱρχειν,
2418 1668 2581 1738 τυχὸν
2621 1668 2719 1739 μὲν
2756 1668 2876 1722 οὐδὲ
2916 1669 3098 1721 αὐτῶν
3129 1669 3351 1722 τούτων
3395 1671 3565 1742 τεύξῃ
3586 1672 3651 1722 διὰ
3673 1678 3703 1719 τι

478 1764 693 1821 perare,
758 1748 985 1803 forsitan
1042 1764 1143 1802 nec
1195 1764 1258 1803 ea
1297 1750 1414 1819 ipsa
1457 1750 1790 1814 assequeris,
1821 1763 1887 1802 eo
1922 1750 2068 1818 quod

476 1843 652 1911 prima
687 1841 851 1896 simul
895 1842 1274 1910 concupiscas,
1312 1856 1500 1895 verum
1529 1841 1788 1895 omnibus
1818 1841 1923 1896 illis
1954 1842 2069 1895 fru-

476 1934 764 2000 straberis,
796 1949 893 2004 per
931 1948 1053 2004 quae
1081 1933 1259 1988 solum
1294 1930 1529 1986 felicitas
1558 1939 1613 1985 et
1661 1930 1887 1986 libertas
1916 1947 2068 1987 com-

477 2038 723 2098 paratur.

1096 2142 1328 2200 CAPUT
1360 2142 1424 2199 V.

548 2264 744 2319 Statim
781 2264 949 2336 igitur
987 2278 1195 2334 asperze
1230 2262 1429 2331 cuique
1481 2260 1882 2331 imaginationi,
1920 2272 2068 2317 curae

475 2352 572 2407 tibi
604 2353 675 2407 sit
727 2354 925 2408 addere
976 2352 1229 2417 dicendo,
1284 2350 1430 2420 quod
1462 2352 1710 2421 quaadam
1748 2353 2065 2421 apparentia

475 2447 568 2511 sit,
626 2446 776 2500 nullo
832 2461 959 2500 vero
1015 2446 1181 2500 modo
1223 2446 1470 2509 exsistat,
1518 2454 1579 2499 ut
1625 2444 1678 2499 in
1712 2456 2065 2515 conspectum

472 2540 623 2595 venit
670 2556 734 2595 ac
766 2541 1011 2595 cernitur
1041 2557 1055 2605 ;
1116 2556 1236 2593 eam
1268 2540 1465 2595 deinde
1504 2541 1781 2605 examina,
1812 2552 1864 2595 et
1894 2542 2064 2611 proba

473 2630 701 2700 regulis,
721 2647 858 2700 quas
890 2631 1095 2697 habes;
1130 2632 1233 2686 hac
1264 2646 1392 2686 vero
1423 2632 1595 2700 prima
1617 2641 1671 2686 et
1694 2633 2064 2703 potissimum,

476 2730 659 2773 utrum
691 2721 849 2774 sit‘ex
883 2722 963 2774 eis
998 2736 1119 2789 qua:
1143 2721 1197 2774 in
1234 2721 1394 2775 nobis
1433 2732 1583 2789 sunt,
1623 2732 1719 2777 aut
1743 2739 1811 2778 ex
1839 2726 1918 2779 eis
1943 2740 2066 2794 qua:

474 2811 529 2864 in
563 2810 722 2865 nobis
757 2826 862 2865 non
914 2820 1064 2874 sunt,
1118 2812 1274 2880 sique
1313 2813 1384 2867 sit
1412 2814 1544 2883 quid
1575 2830 1766 2869 eorum
1801 2832 1923 2885 qua:
1956 2833 2064 2870 non

475 2903 531 2957 in
600 2904 778 2970 nobis,
845 2903 898 2957 in
962 2913 1213 2974 promptu
1272 2904 1461 2971 habes,
1519 2906 1665 2975 quod
1716 2906 1848 2959 nihil
1893 2908 1959 2962 ad
2012 2916 2064 2962 te

474 3007 704 3068 spectat.

1094 3108 1321 3165 CAPUT
1353 3110 1439 3164 V'l.

548 3223 882 3290 Recordare,
920 3224 1067 3293 quod
1101 3225 1452 3293 appetitionis
1487 3226 1780 3294 promissio
1811 3226 1881 3281 sit
1912 3242 2065 3282 asse-

475 3317 624 3372 cutio
698 3316 821 3386 ejus
878 3316 1022 3384 quod
1074 3316 1391 3384 appetitur;
1425 3316 1737 3369 aversionis
1792 3318 2066 3386 pollicita-

479 3407 577 3472 tio,
622 3422 727 3459 non
786 3405 1028 3459 incidere
1058 3404 1111 3457 in
1148 3404 1302 3469 illud,
1337 3404 1483 3473 quod
1521 3403 1646 3473 quis
1677 3415 1984 3460 aversatur.
2016 3409 2065 3463 ls

477 3514 663 3570 porro,
722 3500 816 3569 qui
861 3500 916 3552 in
966 3497 1330 3552 desiderando
1380 3495 1704 3556 frustratur.
1752 3497 1929 3567 impos
1980 3509 2066 3554 est

476 3594 587 3646 voti
616 3609 630 3660 ;
662 3593 755 3660 qui
782 3607 907 3645 vero
940 3592 993 3643 in
1032 3591 1337 3644 aversando
1371 3590 1581 3655 incidit,
1616 3592 1803 3646 infelix
1836 3613 1847 3647 :
1883 3596 2065 3663 itaque

477 3686 525 3738 si
554 3684 825 3737 aversaris
860 3683 947 3736 illa
983 3682 1134 3745 sola,‘
1157 3698 1278 3751 qua:
1300 3693 1426 3736 sunt
1463 3691 1657 3752 prieter
1688 3692 1963 3748 naturam,
1995 3702 2061 3739 ex

477 3778 580 3841 eis,
618 3792 737 3846 qua:
772 3776 824 3829 in
864 3788 913 3830 te
947 3786 1097 3840 sunt,
1124 3775 1329 3829 nullam
1368 3775 1421 3827 in
1470 3791 1583 3829 rem
1618 3777 1825 3831 incides
1851 3792 2060 3845 earum,

478 3886 616 3939 quas
647 3869 940 3932 aversaris,
975 3868 1057 3921 sin
1083 3882 1211 3923 vero
1244 3869 1514 3934 morbum,
1548 3879 1642 3922 aut
1667 3880 2060 3939 paupertatem,

479 3963 563 4016 vel
603 3970 833 4016 ntortem
880 3960 1172 4028 averseris,
1199 3960 1553 4015 calamitosus
1573 3961 1703 4015 eris.

1076 4068 1302 4124 CAPUT
1350 4068 1462 4124 Vll.

549 4180 703 4237 Tolle
754 4182 918 4253 igitur
960 4183 1302 4237 aversionem
1350 4182 1419 4236 ab
1462 4184 1739 4249 omnibus,
1772 4200 1893 4253 qua:
1935 4194 2064 4239 sunt

479 4285 678 4347 praeter
719 4288 967 4329 naturam
997 4292 1060 4328 ex
1096 4276 1162 4329 iis
1218 4291 1341 4344 qua:
1376 4276 1429 4328 in
1466 4275 1622 4330 nobis
1649 4291 1808 4340 sunt;
1849 4279 2060 4349 cupidi-

1961 217 2262 279 SPURIA.
3588 234 3647 297 Eii

480 343 636 398 sunt,
668 332 947 403 putaveris
975 332 1168 399 libera,
1196 339 1251 387 et
1280 346 1401 402 qua:
1432 331 1630 396 aliena,
1666 331 1923 401 propria;
1963 331 2063 385 im-

2187 333 2380 406 δίηθῇς,
2410 336 2508 389 καὶ
2536 334 2605 390 τὰ
2638 337 2895 410 ἀλλότρια
2929 338 3033 393 ἴδια
3056 381 3071 404 ,
3114 339 3523 413 ὲμποδισθήσῃ,
3548 352 3649 417 mﬁ.

3640 258 3647 279 ι

3640 463 3648 507 i

3640 534 3658 585 ί

3640 629 3654 675 5

3640 736 3667 759 rr

3674 1416 3699 1445 st

3674 1488 3701 1535 ti

3674 1580 3701 1626 1':

3674 1782 3708 1810 si

3674 1854 3713 1902 ιι

2178 445 2296 490 σεις
2318 468 2333 493 ,
2389 429 2711 501 ταραχθήσῃ
2732 471 2747 495 ,
2781 433 2969 503 μέμψῃ
3005 434 3102 485 καὶ
3134 434 3278 487 Θεὸν
3314 435 3416 487 καὶ

2170 520 2266 573 ἐὰν
2296 520 2352 573 δὲ
2392 521 2453 574 τὸ
2490 522 2581 575 σὺν
2627 523 2788 594 μόνον
2835 524 3028 596 οἰηθῇς
3060 526 3153 579 σὸν
3198 522 3361 580 εἶναι
3384 569 3402 593 ,
3435 530 3493 580 τὺ

2169 634 2342 687 τριον,
2370 617 2442 681 ὡς
2478 618 2646 683 ἔστιν,
2686 620 2993 692 ἀλλότριον,
3026 622 3201 685 οὐδείς
3226 638 3296 675 σε
3333 624 3654 690 ἀναγκάσειώ

2170 708 2283 771 δείς
2313 726 2372 761 σε
2404 709 2641 763 κωλύσει
2668 753 2682 777 ,
2717 714 2777 765 οὐ
2813 714 3005 784 μέμψῃ
3036 714 3251 778 οὐδένα,
3295 715 3431 767 οὐδὲ
3465 715 3669 781 ἐγκιὶέπὲ

2169 798 2381 866 οὐδενὶ,
2415 801 2566 855 ἄκων
2598 804 2824 873 πράξεις
2855 805 2974 857 οὐδὲ
3012 806 3070 857 ἓν
3091 822 3103 833 ·
3141 806 3355 876 ἐχθρὸν
3384 805 3563 858 οὐδένα

2170 893 2347 957 οὐδείς
2382 912 2441 947 σε
2472 894 2687 967 βλάψει,
2714 897 2835 949 οὐδὲ
2863 897 3128 969 βλαϐερόν
3152 916 3205 950 τι
3234 899 3497 968 ποιήσει.

2782 1184 3034 1239 ΚΕΦΑΛ.
3078 1186 3151 1239 Δ’.

2240 1297 2590 1369 Τηλικούτων
2634 1296 2729 1353 οὖν
2783 1300 3073 1370 ἐφιέμενος
3105 1342 3120 1366 ,
3162 1300 3445 1371 μέμνησο
3486 1302 3561 1354 ὅτι
3598 1303 3696 1353 alia:

2178 1391 2414 1461 μετρίως
2446 1393 2806 1463 κεκινημένος
2838 1393 3107 1446 ἅπτεσθαι
3136 1392 3332 1445 αὐτῶν
3360 1435 3378 1457 ,
3419 1393 3555 1447 ἀλλὰ
3578 1397 3699 1463 τὰρ

2169 1483 2529 1554 κεκινημένος
2558 1484 2862 1550 παντελῶς,
2914 1485 2981 1537 τὰ
3012 1484 3071 1537 δὲ
3098 1484 3515 1555 ὑπερτίθεσθαι
3552 1484 3701 1555 πρ)ςῂ

2174 1576 2369 1647 παρὸν,
2402 1576 2498 1629 ἐὰν
2530 1576 2586 1629 δὲ
2620 1577 2712 1629 καὶ
2753 1576 2929 1629 ταῦτα
2971 1577 3178 1641 θέλεις,
3221 1578 3327 1629 καὶ
3362 1578 3627 1639 πλουτεῖν,
3649 1580 3701 1628 n':

2171 1760 2266 1812 καὶ
2302 1760 2411 1812 τῶν
2441 1760 2725 1831 προτέρων
2753 1759 3027 1827 ἐφίεσθαι,
3052 1761 3271 1814 πάντων
3300 1778 3382 1828 γε
3419 1762 3529 1831 μὴν
3555 1763 3708 1813 iniam

2170 1852 2447 1924 ἁποτεύξῃ
2495 1852 2563 1904 δι’
2621 1846 2696 1906 ὧν
2742 1853 2905 1924 μόνον
2954 1853 3243 1924 ἐλευθερία
3285 1855 3397 1907 καὶ
3456 1854 3713 1919 εὐδαιμονία

2174 1944 2540 2016 περιγίνεται.

2772 2149 3025 2204 ΚΕΦΑΛ.
3068 2147 3146 2203 Ε’.

2242 2258 2420 2322 Εὐθὺς
2462 2256 2557 2313 οὖν
2592 2260 2743 2332 πάσῃ
2789 2262 3062 2332 φαντασίᾳ
3111 2264 3352 2335 τραχείᾳ
3408 2264 3616 2334 μελέτα
3648 2266 3723 2314 ἐς·

2169 2353 2346 2421 λέγειν
2370 2394 2383 2417 ,
2416 2353 2496 2406 ὅτι
2528 2353 2797 2421 φαντασία
2830 2350 2900 2427 ᾖ,
2940 2356 3038 2407 καὶ
3061 2354 3124 2407 οὐ
3159 2356 3388 2419 πάντως
3420 2357 3490 2409 τὸ
3517 2357 3726 2425 φαινόμε-
3766 2364 3769 2435 γ

2169 2462 2279 2508 νον,
2313 2444 2506 2497 ἔπειτα
2545 2444 2767 2509 ἐξέταζε
2794 2446 2987 2515 αὐτὴν,
3015 2447 3112 2499 καὶ
3140 2446 3417 2517 δοκίμαζε
3463 2451 3579 2511 τοίς
3612 2448 3728 2500 κανῶ
3770 2446 3773 2537 l‘

2172 2553 2276 2603 σιν,
2310 2532 2393 2600 οἷς
2418 2526 2570 2609 ’ἔχεις
2595 2580 2611 2605 ,
2673 2540 2874 2609 πρώτῳ
2910 2538 2968 2590 δὲ
3010 2541 3106 2592 καὶ
3135 2540 3313 2609 τούτῳ
3339 2581 3355 2606 ,
3393 2543 3500 2594 καὶ
3537 2540 3727 2611 μάλιστ]

2170 2627 2399 2697 πότερον
2446 2628 2575 2700 περὶ
2615 2628 2682 2681 τὰ
2712 2631 2796 2698 ἐφ’
2832 2631 2964 2699 ἡμῖν
3014 2630 3162 2682 ἐστιν
3199 2630 3232 2700 ἧ
3263 2633 3405 2701 περὶ
3439 2632 3515 2685 τὰ
3548 2632 3730 2695 οὖκ.ὲς’
3776 2632 3779 2663 λ

2168 2720 2325 2789 ἡμῖν,
2371 2720 2583 2791 κᾶνπερ
2612 2716 2721 2793 ᾖτι
2750 2720 2860 2774 τῶν
2888 2720 2989 2774 οὐκ
3021 2720 3108 2791 ἐφ’
3135 2723 3266 2792 ἡμῖν
3292 2724 3606 2796 πρόχειρον
3628 2724 3735 2776 ἐστιν

2165 2812 2227 2864 τὸ
2260 2813 2341 2865 ὃτι
2369 2812 2524 2867 οὐδὲν
2556 2813 2691 2883 πρὸς
2730 2814 2808 2867 σέ.

2758 3101 3010 3155 ΚΕΦΑΛ.
3052 3104 3145 3170 ς’.

2239 3211 2503 3283 Μέμνησο
2528 3214 2611 3267 ὅτι
2644 3213 2873 3285 ὀρέξεως
2905 3218 3209 3287 ἐπαγγελία
3236 3221 3515 3293 ἐπιτυχία
3548 3220 3614 3280 οὗ
3647 3225 3741 3295 ὀξέι

2168 3324 2360 3375 γεται,
2421 3307 2722 3372 ὲκκλίσεως
2780 3311 3083 3378 ἐπαγγελία
3135 3312 3193 3365 τὸ
3260 3314 3336 3386 μὴ
3398 3322 3743 3390 περιπίπτειν

2168 3401 2363 3471 ἐκείνῳ
2387 3441 2403 3465 ,
2452 3401 2481 3453 ὃ
2512 3402 2842 3456 έκκλίνεται.
2889 3403 2945 3456 '0
2982 3405 3081 3474 μὲν
3115 3406 3172 3457 ὲν
3211 3406 3396 3475 ὀρέξει
3440 3412 3743 3479 ἀποτυγχά-

2169 3511 2297 3556 νων,
2326 3496 2554 3564 ἀτυχής·
2579 3496 2607 3547 ὁ
2638 3495 2694 3548 δὲ
2722 3496 2779 3549 ὲν
2806 3496 3048 3549 ἑκκλίσει
3077 3499 3430 3569 περιπίπτων
3455 3502 3742 3574 δυστυχής·

2167 3589 2263 3640 ἐὰν
2302 3585 2394 3641 οὖν
2437 3591 2573 3659 μόνα
2604 3589 2860 3663 ἐκκλίνῃς
2889 3591 2959 3644 τὰ
2989 3593 3143 3661 παρὰ
3176 3591 3337 3661 φύσιν
3377 3594 3493 3648 τῶν
3526 3600 3626 3649 ἐπὶ
3654 3598 3743 3657 σοὶ,

2166 3681 2344 3733 οὐδενὶ
2378 3674 2453 3734 ὧν
2490 3681 2760 3746 ὲκκλίνεις
2791 3685 3094 3755 περιπέσῃ·
3126 3685 3281 3740 νόσον
3310 3687 3369 3738 δὲ
3402 3688 3472 3742 ἆν
3500 3691 3746 3762 ἐκκλίνῃς

2165 3771 2199 3842 ἢ
2231 3773 2443 3839 πενίαν,
2471 3774 2504 3844 ἧ
2539 3773 2789 3839 θάνατον,
2821 3777 3202 3848 δυστυχήσεις.

2779 4066 3031 4120 ΚΕΦΔΛ.
3069 4068 3145 4122 Ζ’.

2234 4174 2405 4250 *Αρον
2435 4174 2529 4233 οὖν
2557 4178 2657 4250 τὴν
2696 4178 2940 4233 ἔκκλισιν
2975 4181 3083 4234 ἀπὸ
3123 4182 3345 4237 πάντων
3383 4185 3497 4239 τῶν
3532 4189 3646 4242 οὐκ
3680 4190 3755 4257 ἐφ’

2169 4271 2320 4341 ἡμῖν,
2357 4272 2451 4325 καὶ
2482 4271 2713 4343 μετάθες
2744 4273 2836 4325 ἐπὶ
2863 4273 2932 4326 τὰ
2966 4273 3118 4342 παρὰ
3147 4273 3308 4343 φύσιν
3336 4275 3449 4329 τῶν
3481 4280 3575 4346 ἐφ’
3610 4284 3753 4351 ἡμῖν,

482 4378 646 4423 tatem
677 4382 806 4420 vero
842 4381 940 4435 pro
972 4365 1227 4435 praesenti
1270 4366 1493 4418 omnino
1541 4366 1788 4432 auferas;
1823 4368 1868 4422 si
1911 4370 2057 4421 enim

2187 4362 2279 4433 τὴν.
2295 4363 2473 4434 ὄρεξιν
2503 4364 2559 4416 δὲ
2594 4364 2870 4428 παντελῶς
2894 4366 2987 4417 ἐπὶ
3017 4366 3112 4419 τοῦ
3144 4368 3411 4437 παρόντος
3439 4370 3633 4429 ἄνελε,
3666 4374 3757 4424 Ἂν

478 4471 701 4533 appetas
729 4458 934 4529 aliquid
962 4474 1153 4512 eorum
1179 4474 1301 4527 quae
1342 4474 1450 4512 non
1480 4470 1610 4512 sunt
1644 4459 1699 4512 in
1734 4460 1911 4525 nobis,
1948 4460 2062 4514 fru-

477 4554 640 4611 strari
691 4567 980 4607 necessum
1017 4560 1132 4614 est;
1183 4565 1371 4603 verum
1405 4565 1570 4619 quam
1607 4551 1811 4604 bonum
1843 4552 1915 4605 sit
1960 4567 2059 4622 ap-

477 4656 661 4719 petere
705 4661 769 4699 ea
797 4658 922 4713 qua:
965 4642 1019 4695 in
1060 4640 1220 4695 nobis
1268 4642 1417 4704 sunt,
1455 4641 1636 4695 adhuc
1681 4642 1774 4695 tibi
1817 4658 1925 4697 non
1977 4654 2063 4699 est

477 4738 854 4803 manifestum,
904 4736 999 4791 sed
1036 4734 1208 4789 solum
1254 4744 1405 4788 motu
1437 4750 1547 4803 quo
1575 4734 1642 4789 ad
1677 4736 1881 4806 aliquid
1929 4752 2063 4793 con-

476 4834 727 4892 verteris.
778 4831 860 4885 vel
911 4847 975 4885 ex
1027 4830 1211 4898 aliquo
1260 4838 1313 4882 te
1359 4829 1616 4898 proripis,
1654 4841 1805 4884 ntere
1851 4831 2060 4898 leviter,

477 4927 597 4981 sine
642 4925 930 4985 dilatione,
971 4932 1026 4975 et
1065 4936 1190 4975 eum
1237 4920 1579 4990 exceptione,
1617 4927 1783 4991 atque
1810 4920 2060 4976 remisse.

1067 5032 1297 5089 CAPUT
1339 5033 1474 5088 Vlll.

552 5134 861 5204 Unicuique
903 5132 1144 5195 illorum,
1192 5146 1315 5200 qua:
1363 5130 1610 5184 animum
1656 5130 1927 5195 alliciunt,
1967 5141 2062 5185 aut

481 5229 769 5283 utilitatem
816 5227 1078 5296 prtebent,
1116 5223 1198 5277 vel
1251 5223 1573 5294 diliguntur,
1608 5235 1884 5279 memento
1926 5223 2063 5292 adji-

479 5337 603 5377 cere
640 5321 871 5374 dicendo
924 5317 1253 5387 (cujusmodi
1291 5318 1395 5386 est)
1434 5332 1667 5372 exorsus
1713 5334 1745 5372 a
1793 5319 2060 5386 minimis,

481 5413 530 5468 si
566 5414 763 5481 diligas
793 5413 982 5474 ollam,
1011 5411 1156 5480 quod
1205 5412 1368 5464 ollam
1401 5411 1615 5480 diligis;
1664 5428 1791 5466 nam
1832 5429 1897 5468 ea
1930 5430 2063 5469 con-

480 5506 652 5561 fracta
680 5523 784 5559 non
817 5503 1257 5575 perturbaberis;
1292 5505 1336 5558 si
1362 5504 1585 5558 filiolum
1612 5514 1764 5558 tttmn
1792 5521 2061 5575 pet-ames,

479 5608 574 5652 aut
620 5612 868 5657 uxmem,
905 5595 1053 5665 quod
1102 5597 1376 5649 heminem
1430 5611 1701 5665 peramas,
1735 5614 1857 5652 cum
1910 5615 2059 5654 nam-

481 5698 584 5750 que
610 5682 924 5749 decesserit,
964 5699 1070 5736 non
1100 5683 1425 5739 turbahcris.

2161 4471 2220 4507 τε
2246 4456 2355 4526 γὰρ
2375 4456 2544 4527 ὀρέγῃ
2562 4456 2672 4508 τῶν
2692 4458 2794 4509 οὐκ
2818 4457 2901 4526 ἐφ’
2925 4459 3057 4529 ἡμῖν
3075 4475 3242 4523 τινος,
3266 4462 3491 4530 ἀτυχεῖν
3514 4464 3746 4533 ἀνάγκη.

2164 4548 2285 4601 Τῶν
2329 4549 2386 4602 δὲ
2430 4550 2516 4619 ἐφ’
2562 4552 2697 4620 ἡμῖν
2746 4551 2870 4605 ὅσον
2918 4552 3209 4623 ὀρέγεσθαι
3256 4553 3424 4607 καλὸν
3474 4556 3640 4612 οὔπω
3682 4575 3756 4611 σοι

2163 4638 2397 4710 πάρεστι
2425 4656 2439 4668 ·
2486 4640 2633 4709 μόνῳ
2659 4640 2718 4692 δὲ
2744 4640 2823 4711 τῷ
2850 4645 3049 4714 ὁρμᾷν,
3082 4643 3116 4714 ἢ
3160 4644 3415 4716 ἀφορμᾷν
3450 4647 3598 4717 χρῷ,
3633 4649 3756 4702 κού-

2165 4752 2301 4804 φως,
2329 4735 2731 4807 ἁνυπερθέτως,
2760 4739 2855 4791 κα)⁵
2890 4739 3006 4807 μεθ’
3039 4740 3453 4811 ὑπεξαιρέσεως
3486 4746 3587 4799 καὶ
3612 4747 3757 4799 ἀνει-

2166 4846 2361 4899 μενως.

2763 5038 3016 5092 ΚΕΦΑΛ.
3057 5036 3139 5094 H'.

2248 5123 2365 5195 Ἐφ’
2392 5126 2626 5181 ἑκάστου
2661 5128 2770 5183 τῶν
2800 5129 3300 5201 ψυχαγωγούντων,
3326 5130 3360 5203 ἦ
3392 5133 3589 5204 χρείας
3618 5150 3757 5203 παρ-

2166 5217 2421 5287 εχόντων,
2458 5219 2491 5291 ἢ
2522 5222 2909 5293 στεργομένων
2945 5225 3195 5294 μέμνησο
3228 5225 3513 5296 ἐπιλέγειν
3554 5229 3757 5297 (ὁτωῖός

2165 5312 2315 5363 ἐστιν
2348 5312 2458 5373 ἀπὸ
2488 5313 2597 5366 τῶν
2647 5316 3033 5387 σμικροτάτων
3071 5317 3405 5389 ἀρξάμενος,
3452 5319 3519 5373 ἂν
3553 5323 3759 5392 χύτραν

2166 5402 2446 5475 στέργῃς),
2471 5406 2552 5458 ὃτι
2586 5406 2791 5477 χύτραν
2825 5409 3111 5481 στέργειςο
3144 5411 3513 5481 κατεαγείσης
3554 5414 3667 5482 γὰρ
3700 5413 3759 5465 οὐ

2163 5497 2507 5567 ταραχοήσῃ,
2534 5498 2599 5551 ἂν
2623 5499 2835 5554 παιδίον
2863 5503 3092 5555 σεαυτοῦ
3123 5504 3419 5573 καταφιλῇ,
3446 5504 3481 5575 ἢ
3502 5510 3761 5573 γυναῖκα,

2166 5588 2248 5641 ὅτι
2280 5587 2565 5660 ἄνθρωπον
2596 5594 2937 5661 καταφιλεῖςο
2970 5594 3337 5659 ἀποθανόντος
3367 5597 3477 5667 γὰρ
3506 5598 3572 5649 οὐ
3601 5615 3762 5668 rapa.

2170 5683 2365 5755 χθήσῃ·
