3808 6226
54 324 79 361 ε.
101 310 321 381 ξειεεθ
1330 394 1339 407 λ
1416 308 1760 369 EPICTETl
1808 308 2189 371 MANUALE-

54 424 155 473 31’:
781 425 1032 482 ΚΕΦΑΛ.
1072 425 1148 479 8'.
1778 433 1826 489 Α

123 540 149 565 ’⁵
240 539 424 592 Ὅταν
458 536 728 592 ἅπτεσθαί
750 555 898 601 τινος
924 537 1088 609 ἔργου
1114 537 1335 610 μέλλῃς,
1368 538 1755 608 ὑπομιμνησκε

3286 310 3422 389 1290

2454 424 2681 481 CAPUT
2719 426 2809 481 IX.

1929 534 2157 602 Quando
2199 550 2555 606 aggressurus
2602 554 2661 592 es
2708 537 2929 607 aliquod
2962 552 3118 608 opus,
3166 540 3222 596 in
3274 551 3424 599 tuam

62 621 430 699 ⁴ίέ⁵ῖσεαυτὸν,
480 629 663 682 ὁποῖόν
711 629 766 682 τί
811 630 927 682 ἐστι
974 629 1035 681 τὸ
1074 629 1258 699 ἔργον·
1309 630 1405 684 ἐὰν
1435 629 1757 698 λουσόμενος

1888 641 2052 682 evoca
2098 637 2352 690 mentem,
2396 628 2557 696 quale
2596 628 2667 682 sit
2713 629 2822 682 tale
2869 629 3117 698 opuszsi
3164 630 3427 692 lavandos

54 698 373 789 μάπίῃς,
399 718 641 788 πρόσαλε
693 716 904 787 σεαυτῷ
951 718 1022 770 τὰ
1049 698 1316 787 γενόμενα
1353 718 1410 775 ὲν
1454 716 1719 788 βαλανείῳ
1741 732 1754 746 ·

1887 717 2079 783 ὠίθτίε,
2109 716 2207 770 tibi
2243 716 2344 785 ipsi
2385 730 2647 785 propone,
2675 731 2796 785 qua:
2825 718 2961 771 iiuut
2985 717 3037 769 in
3071 718 3295 784 balneo;
3328 721 3427 776 hos

163 810 305 871 τοὺς
349 807 801 879 ἀπορῤαινοντας,
836 807 962 870 τοὺς
996 807 1394 877 ένσειομένους,
1425 808 1553 869 τοὺς
1592 807 1761 860 λοιδο-

54 904 129 939 3’77
168 903 440 980 ροῦντας,
472 902 599 964 τοὺς
633 899 987 962 κλέπτοντας,
1019 898 1113 951 καὶ
1148 896 1319 961 οὕτως
1359 897 1760 967 ἀσφαλέστερον

167 994 295 1065 ﬁda}
324 992 422 1047 τοῦ
470 992 657 1063 ἔργου,
691 989 757 1046 ἂν
803 988 1067 1059 ἐπιλέγῃς
1113 987 1297 1053 εὐθὺς,
1347 989 1427 1041 ὃτι
1455 988 1762 1042 Λούσασθαι

169 1083 363 1145 Θέλω,
416 1081 510 1135 καὶ
559 1080 660 1150 τὴν
717 1077 956 1147 ἐμαυτοῦ
1009 1078 1360 1147 προαίρεσιν,
1413 1078 1555 1131 κατὰ
1602 1075 1764 1146 φύσιν

66 1222 69 1229 ς
170 1174 417 1245 ἔχυυσαν
443 1172 702 1243 τηρῆσαι,
736 1170 797 1223 οὐ
822 1169 1049 1240 τηρήσω
1073 1168 1149 1234 δὲ,
1180 1169 1275 1221 ἐὰν
1306 1167 1601 1237 ἀγανακτῶ
1626 1167 1765 1237 πρὸς

72 1320 126 1349 ξ
171 1267 245 1323 τὰ
272 1265 561 1336 γινόμενα.

800 1375 1053 1429 ΚΕΦᾹΛ.
1097 1373 1150 1427 I'.

250 1491 535 1561 Ταράσσει
569 1490 696 1552 τοὺς
730 1487 1054 1558 ἀνθρώπους
1083 1488 1142 1540 οὐ
1173 1488 1241 1543 τά
1271 1486 1595 1558 πράγματα,
1630 1484 1768 1542 ἀλλὰ

174 1586 248 1638 τὰ
294 1584 429 1656 περὶ
457 1583 565 1636 τῶν
599 1581 946 1653 πραγμάτων
985 1580 1232 1651 δόγματα
1255 1595 1268 1609 ⁸
1320 1573 1431 1631 οἷον
1467 1579 1496 1630 ὁ
1540 1577 1767 1643 θάνατος

54 1696 115 1727 μή.»
172 1679 241 1729 οὐ
271 1675 469 1737 δεινὸν,
506 1673 630 1726 ἐπεὶ
675 1673 771 1725 καὶ
818 1672 1098 1742 Σωκράτει
1138 1672 1205 1724 ἂν
1234 1670 1505 1738 ἐφαίνετο,
1549 1668 1685 1724 ἀλλὰ
1708 1669 1770 1721 τὸ

53 1788 103 1819 ξπ
174 1766 365 1836 δόγμα
410 1766 471 1818 τὸ
517 1764 647 1835 περὶ
690 1762 786 1815 τοῦ
840 1761 1071 1816 θανάτου
1117 1762 1251 1814 διότι
1298 1760 1502 1813 δεινόν’
1556 1761 1672 1813 ἐκεῖ
1709 1760 1770 1812 τὸ

1887 1768 2050 1813 norte
2095 1759 2414 1827 concipitur,
2451 1761 2597 1829 quod
2643 1776 2706 1815 ea
2753 1778 2916 1828 grave
2965 1764 3095 1833 quid
3137 1774 3254 1830 est;
3308 1772 3441 1829 tunc

54 1883 99 1914 ;:
173 1857 359 1909 δεινόν
391 1858 557 1908 ἐστιν.
599 1852 767 1908 Ὅταν
811 1847 905 1904 οὖν
953 1849 1392 1922 ὲμποδιζώμεθα,
1425 1849 1458 1922 ἢ
1492 1848 1771 1921 ταραττώ-

178 1950 355 2021 μεθα,
397 1948 429 2016 ἢ
470 1943 789 2015 λυπώμεθα,
850 1943 1118 2013 μηδέποτε
1154 1941 1310 1996 ἄλλον
1349 1941 1555 2010 μηδένα
1585 1939 1769 1995 αἰτιώ-

180 2038 351 2110 μεθα,
406 2035 516 2088 ἀλλ’
559 2033 787 2095 ἑαυτοὺς
828 2030 974 2089 τοῦτ’
1009 2030 1125 2082 ἔστι
1163 2030 1232 2083 τὰ
1257 2029 1463 2083 ὲαυτῶν
1505 2028 1768 2100 δόγματα,

174 2128 511 2184 ἀπαιδεύτου
559 2128 718 2197 ἔργον
771 2126 833 2181 τὸ
883 2124 1027 2193 ἄλλῳ
1087 2121 1340 2189 ἐγκαλεῖν
1368 2120 1454 2189 ἐφ’
1480 2116 1561 2182 οἷς
1609 2121 1772 2184 αὐτὸς

181 2220 425 2291 πράττει
482 2216 667 2282 κακῶς
719 2216 996 2291 ἠργμένον)
1044 2211 1392 2272 παιδεύεσθαι
1433 2212 1492 2264 τὸ
1557 2211 1768 2284 ἐαυτῷ,

72 2302 95 2329 λ·
178 2310 621 2379 πεπαιδευμένου
662 2309 723 2360 τὸ
758 2309 893 2379 μήτε
924 2306 1067 2376 ἄλλῳ
1114 2306 1253 2377 μήτε
1280 2302 1476 2374 ἑαυτῷ*

794 2596 1048 2650 ΚΕΦΑΛ.
1088 2595 1195 2649 ΙΑ’.

269 2710 482 2780 Μηδενὶ
530 2708 775 2783 ἐπαρθῇς
837 2707 1107 2779 ἀλλοτρίῳ
1160 2709 1560 2781 προτερήματι.
1631 2709 1693 2762 Ei
1739 2711 1767 2762 ὁ

182 2805 358 2867 ἵππος
397 2804 782 2874 ἐπαιρόμενος,
834 2802 1042 2870 ἔλεγεν,
1089 2802 1172 2854 ὅτι
1200 2801 1380 2865 Καλός
1422 2803 1560 2871 εἰμι,
1597 2802 1772 2855 οἰστὸν

182 2886 253 2951 ἂν
295 2894 387 2967 ἦν.
438 2898 509 2950 Σὺ
555 2896 612 2949 δὲ
656 2898 785 2950 ὅταν
830 2895 1012 2963 λέγεις
1050 2895 1434 2967 ἐπαιρόμενος,
1469 2893 1773 2947 δτιἽππον

183 2990 355 3047 καλὸν
389 2988 518 3059 ἔχω,
547 2986 657 3041 ῐσθι
690 2988 773 3040 ὅτι
799 2988 891 3039 ἐπὶ
920 2986 1075 3055 ἵππῳ
1100 2985 1289 3056 ἀγαθῷ
1322 2985 1547 3057 ὲπαίρῃ.
1588 2986 1654 3038 Τί
1681 2982 1775 3039 οὖν

183 3080 305 3133 ἐστι
332 3080 455 3145 adv;
485 3080 691 3151 Χρῆσις
731 3079 1065 3149 φαντασιῶν.
1129 3080 1297 3131 Ὅταν
1336 3073 1429 3134 οὖν
1476 3080 1534 3131 ὲν
1580 3079 1774 3150 χρήσει

184 3172 501 3243 φαντασιῶν
556 3171 699 3225 κατὰ
757 3170 920 3239 φύσιν
972 3171 1136 3243 ἔχῃς’
1190 3170 1493 3240 τηνικαῦτα
1541 3171 1775 3239 εὐλόγως

184 3260 477 3333 έπαρθήσῃ
508 3278 522 3291 ο
573 3264 695 3316 τότε
725 3263 834 3335 γὰρ
864 3263 958 3316 ἐπὶ
989 3262 1068 3332 σῷ
1095 3279 1199 3317 τινι
1239 3261 1427 3334 ἀγαθῷ
1464 3263 1773 3342 ὲπαρθήσῃ,

1860 806 2119 860 nimirum
2142 815 2512 876 aspergeutes,
2543 806 2666 861 illos
2696 805 3018 876 inﬂigentes,
3054 808 3155 863 hos
3183 812 3429 871 convicia

1857 895 2148 967 jacientes,
2197 896 2318 951 illos
2368 894 2631 962 furantes,
2685 905 2739 952 et
2791 897 2872 951 sic
2912 913 3051 965 opus
3099 904 3429 970 aggredieris

1865 987 2139 1052 securius,
2188 986 2232 1042 si
2272 987 2451 1039 statim
2484 985 2759 1040 addideris
2781 986 3029 1054 dicendo,
3058 990 3203 1058 quod
3234 989 3430 1051 Lavari

1864 1077 2025 1147 330
2052 1076 2437 1155 quidem‘volo,
2472 1085 2527 1130 et
2563 1092 2781 1131 servare
2810 1091 3028 1147 quoque
3059 1095 3261 1146 meum,
3287 1085 3434 1152 quod

1866 1176 2077 1221 natura?
2101 1168 2373 1237 congruit,
2407 1167 2777 1235 propositum;
2811 1183 2918 1220 non
2947 1168 3249 1226 observabo
3283 1170 3431 1244 vero,

1867 1258 1913 1312 si
1944 1257 2011 1311 ad
2041 1272 2104 1312 ea
2133 1274 2252 1328 quac
2282 1259 2438 1324 ﬁunt,
2469 1258 2908 1328 indignabundus
2933 1260 3157 1323 irascar.

2481 1370 2711 1427 CAPUT
2750 1373 2819 1427 X.

1942 1482 2188 1538 Turbant
2214 1483 2463 1538 homines
2498 1500 2604 1539 non
2631 1501 2718 1541 res
2750 1486 2900 1555 ipsae,
2931 1496 2988 1543 at
3009 1488 3074 1543 de
3106 1489 3269 1545 rebus
3302 1490 3438 1559 ipsis

1871 1575 2157 1645 opiniones
2189 1594 2202 1628 :
2231 1590 2379 1630 mors
2424 1576 2676 1632 videlicet
2718 1594 2825 1632 non
2875 1590 2957 1633 est
3001 1581 3206 1650 aliquid
3249 1597 3435 1650 grave.

1872 1668 2111 1737 alioquin
2141 1676 2195 1722 et
2219 1665 2430 1740 Socrati
2453 1669 2628 1723 visum
2660 1682 2825 1735 esset,
2862 1671 2957 1725 sed
2984 1672 3190 1740 opinio,
3223 1688 3347 1742 qua:
3370 1674 3439 1727 do

1872 1851 2071 1905 etenim
2099 1851 2316 1905 exsistit
2348 1852 2477 1920 quid
2524 1868 2705 1921 grave,
2738 1852 2966 1918 Quando
3005 1855 3172 1925 igitur
3208 1855 3440 1925 impediv

1873 1958 2014 2007 mur,
2047 1951 2141 1996 aut
2164 1943 2566 2010 perturbamur,
2591 1944 2676 2000 vel
2712 1945 2981 2009 dolemus,
3010 1948 3322 2002 nullatenus
3351 1963 3443 2005 ac.

1871 2026 2126 2088 eusemus
2156 2035 2320 2087 alium
2360 2050 2712 2104 quemquam,
2753 2037 2843 2090 sed
2880 2037 3155 2107 uosipsos,
3186 2038 3291 2093 hoc
3327 2048 3435 2105 est,

1872 2133 2089 2178 nostras
2134 2126 2278 2194 ipsas
2329 2126 2664 2194 opiniones:
2700 2125 2937 2182 hominis
2989 2129 3188 2199 quippe
3240 2128 3445 2195 indocti

1870 2225 1954 2268 est
1987 2215 2149 2277 actio,
2198 2215 2424 2268 alterum
2464 2216 2745 2272 criminari
2787 2218 2840 2271 in
2879 2218 2983 2282 his,
3009 2234 3131 2287 qua
3176 2219 3291 2287 ipse
3341 2219 3446 2272 im.

1871 2306 2040 2375 probe
2074 2315 2252 2375 patrat
2284 2324 2297 2358 :
2328 2307 2659 2381 incipientis,
2686 2310 2953 2380 castigare
3001 2310 3075 2376 id,
3107 2310 3174 2364 de
3210 2327 3323 2381 quo
3356 2326 3444 2367 re.

1872 2397 2275 2465 prehenditur;
2326 2398 2549 2462 eruditi,
2598 2416 2773 2471 neque
2822 2400 3077 2466 alterum,
3128 2418 3305 2476 neque
3355 2420 3443 2458 sc-

1874 2490 2051 2560 ipsum
2082 2490 2325 2561 improba
2336 2507 2410 2545 re.

2475 2602 2704 2662 CAPUT
2750 2603 2839 2660 XI.

1944 2716 2158 2777 Nullam
2184 2719 2255 2774 ob
2283 2719 2723 2776 commoditatem
2759 2722 3050 2791 potiorem,
3088 2739 3210 2796 quae
3249 2726 3303 2781 in
3344 2727 3453 2785 alio

1875 2804 1954 2870 ﬁt,
1984 2804 2251 2862 efferaris.
2286 2807 2342 2862 Si
2368 2811 2566 2865 etenim
2607 2826 2804 2880 equus,
2840 2812 2966 2866 dum
3009 2816 3274 2884 superbit,
3306 2817 3454 2871 dice,

1875 2904 1978 2963 ret,
2008 2898 2154 2966 quod
2177 2898 2407 2953 Pulcher
2437 2915 2582 2963 sum,
2611 2900 2894 2957 ferendum
2932 2906 3147 2974 quidem
3172 2918 3339 2962 esset.
3371 2907 3453 2972 Tu

1875 2999 2057 3044 autem
2110 3005 2237 3045 cum
2288 2992 2461 3048 elatus
2508 2994 2789 3064 jactaotia,
2851 2996 3010 3063 dicis,
3060 3000 3205 3069 quod
3240 2999 3452 3072 Equum

1876 3084 2163 3153 pulchrum
2222 3085 2418 3149 habeo,
2473 3086 2637 3152 scias,
2686 3087 2830 3156 quod
2870 3088 2941 3142 ob
2995 3106 3197 3159 equum
3250 3093 3453 3157 bonum

1881 3175 2271 3244 gloriabundus
2297 3176 2571 3232 extolleris
2600 3195 2613 3230 :
2642 3178 2771 3246 quid
2800 3178 2963 3249 igitur
2990 3188 3143 3235 tuum
3162 3184 3283 3238 est?
3314 3185 3459 3244 Usus

1882 3266 2139 3323 nimirum
2181 3266 2667 3335 imaginationum.
2695 3267 2832 3322 Cum
2877 3284 3009 3341 ergo
3034 3272 3090 3326 in
3130 3289 3229 3335 usu
3266 3276 3461 3347 imagis

186 3357 477 3411 nationum
504 3357 823 3411 naturaliter
854 3366 907 3411 te
973 3356 1231 3426 gesseris,
1296 3364 1409 3414 tum
1450 3357 1729 3412 extolleris
1790 3358 2227 3428 rationabiliter;
2277 3369 2411 3418 tunc
2468 3377 2662 3434 nempe
2700 3363 2767 3417 de
2809 3364 2995 3435 aliquo
3043 3373 3137 3422 tuo
3162 3367 3306 3430 bono
3332 3371 3461 3434 etin.

185 3456 351 3511 'eris.

789 3569 1043 3630 ΚΕΦΑΛ.
1086 3568 1183 3622 IB'.

257 3691 532 3760 Καθάπερ
579 3689 638 3740 ὲν
678 3682 800 3754 πλῷ
838 3682 932 3736 τοῦ
972 3680 1159 3735 πλοίοῦ
1206 3679 1686 3755 καθορμισθέντος,
1726 3682 1776 3734 εῑ

187 3786 428 3854 segem;
458 3777 842 3853 ὑδρεύσασθαι,
888 3774 1009 3830 ὁδοῦ
1041 3774 1341 3844 πάρεργον,
1373 3772 1470 3826 καὶ
1509 3772 1777 3843 κοχλίδων

188 3875 473 3940 ἀναλέξαι,
522 3873 612 3925 καλ
656 3869 963 3939 βολϐάριον,
1003 3866 1267 3918 τετάσθαι
1304 3864 1385 3920 δεῖ
1411 3864 1509 3935 τὴν
1538 3864 1777 3919 διάνοιαν

188 3972 285 4024 ἐπὶ
315 3969 379 4022 τὸ
414 3967 617 4026 πλοῖον,
664 3961 758 4018 καὶ
794 3958 1032 4029 συνεχῶς
1080 3956 1528 4028 ἐπιστρέφεσθαι,
1572 3958 1703 4027 μήτι
1750 3959 1778 4010 ό

187 4061 535 4132 κυϐερνήτης
564 4055 739 4116 καλεῖ,
756 4052 860 4108 κᾶν
884 4050 1090 4121 καλέσῃ
1124 4050 1301 4104 πάντα
1325 4050 1509 4106 ἐκεῖνα
1536 4049 1774 4117 ἀφιέναι,

190 4156 283 4215 ἶνα
331 4155 408 4224 μὴ
447 4149 724 4220 δεδεμένος
764 4144 1043 4215 ἐμϐληθῇς
1091 4144 1168 4206 ὡς
1210 4143 1277 4195 τὰ
1324 4141 1595 4212 πρόϐατα,
1635 4139 1778 4194 οὕτω

191 4248 288 4302 καὶ
332 4247 389 4298 ἐν
419 4242 499 4313 τῷ
540 4241 640 4311 βίῳ
679 4239 774 4291 ἐὰν
799 4236 1015 4293 διδῶται
1054 4234 1175 4286 ἀντὶ
1204 4231 1493 4307 κοχλιδίου,
1527 4231 1621 4284 καὶ
1660 4230 1779 4300 βολ-

192 4340 413 4410 6αρίου,
476 4331 856 4403 γυναικάριον,
899 4328 994 4381 καὶ
1042 4324 1275 4389 παιδίον,
1323 4324 1474 4377 οὐδὲν
1516 4322 1773 4381 κωλύσει.

205 4433 338 4488 Ἐὰν
370 4431 428 4483 δὲ
452 4431 480 4482 ὁ
508 4425 848 4496 κυϐερνήτης
892 4418 1122 4490 καλέσῃ,
1150 4416 1311 4488 τρέχε
1340 4416 1433 4469 ἐπὶ
1475 4415 1537 4468 τὸ
1574 4414 1774 4481 πλοῖον,

195 4524 360 4595 ἀφεὶς
405 4522 610 4579 ἐκεῖνα,
650 4514 786 4585 μηδὲ
816 4510 1278 4581 ἐπιστρεφόμενος
1304 4522 1317 4536 '
1356 4506 1451 4560 ἐὰν
1502 4505 1559 4559 δὲ
1600 4505 1778 4576 γέρων

194 4616 290 4694 ᾗς,
316 4613 449 4687 μηδὲ
478 4609 801 4677 ἀπαλλαγῇς
827 4620 956 4656 ποτε
982 4600 1078 4655 τοῦ
1104 4600 1286 4654 πλοίου
1313 4597 1550 4672 μακρὰν,
1572 4599 1778 4671 μήποτε

196 4710 535 4780 καλούμενος
564 4702 791 4772 ὲλλίπῃς

786 4810 1015 4866 ΚΕΦᾹΛ
1028 4848 1040 4863 .
1082 4806 1179 4862 II".

270 4936 364 5006 Μὴ
392 4933 546 5005 ζήτει
573 4928 643 4983 τὰ
680 4924 947 4996 γινόμενα
989 4920 1240 4991 γίνεσθαι
1280 4917 1357 4983 ὡς
1399 4915 1595 4981 θέλεις,
1637 4915 1779 4970 ἀλλὰ

200 5032 323 5086 θέλε
353 5027 423 5080 τὰ
467 5022 729 5093 γινόμενα
777 5014 1025 5087 γίνεσθαι
1059 5011 1135 5073 ὡς
1178 5011 1414 5080 γίνεται,
1460 5011 1557 5063 καὶ
1600 5008 1780 5062 εὐδαι.

204 5123 501 5199 μονήσεις-
550 5115 705 5177 νόσος
744 5106 1006 5199 σώματός
1028 5103 1502 5199 ἐστιν’-ἐμπόδιον,
1517 5101 1780 5199 προαιρς.

204 5192 343 5276 eam;
364 5211 420 5265 δὲ
437 5209 521 5274 οὒ,
549 5204 645 5258 ἐὰν
672 5200 746 5273 μή
770 5198 909 5269 αὑτὴ
936 5196 1101 5249 θέλειν
1132 5194 1359 5265 χύλωσις
1387 5192 1611 5255 σκέλους
1632 5194 1783 5245 ἐστὶν

205 5303 490 5377 ἐμπόδιον,
524 5298 617 5357 σὺν
647 5293 705 5349 δὲ
739 5290 824 5345 οὗ.

807 5488 1059 5545 ΚΕΦΑΛ.
1098 5486 1197 5540 ῙΔ¹.

288 5619 407 5689 Ἐφ’
439 5613 672 5670 ἑκάστου
715 5606 825 5661 τῶν
869 5601 1322 5675 προσπιπτόντων
1364 5596 1612 5668 μέμνησο
1660 5596 1782 5689 ξπι-

211 5715 456 5787 στρέφων
510 5705 607 5760 ὲπὶ
656 5699 884 5757 σεαυτὸν
918 5696 1149 5787 ζητεῖν,
1195 5692 1317 5747 τίνα
1364 5691 1593 5762 δύναμιν
1644 5688 1786 5764 ἔχεις

512 5806 779 5865 Ρλτιιοιι.
811 5798 925 5859 Gn.
962 5792 1242 5854 LXXIX.

1812 4842 1858 4897 D

2372 3567 2531 3643 331
2565 3566 2794 3624 CAPUT
2844 3567 2959 3625 xu.

1951 3682 2421 3748 Quemadmodum
2465 3684 2517 3736 in
2567 3683 2910 3753 navigatione
2960 3682 3231 3742 subducto
3261 3686 3315 3742 in
3348 3697 3462 3744 sta.

1883 3775 2085 3829 tionem
2121 3775 2354 3845 navigio,
2392 3774 2436 3829 si
2471 3790 2632 3829 exeas
2658 3789 2941 3844 :tqualum.
2968 3786 3021 3830 et
3048 3778 3115 3832 ad
3150 3776 3457 3855 bulbulum,

1884 3865 2303 3937 cochleolasquc
2346 3865 2698 3935 colligendas,
2731 3867 2879 3937 quod
2920 3874 3004 3923 est
3045 3878 3241 3938 praeter
3271 3884 3461 3926 susce.

1882 3965 2033 4027 ptum
2064 3958 2164 4012 viae
2184 3971 2352 4027 opus,
2386 3972 2539 4012 mens
2571 3966 2782 4027 oportet
2827 3968 2887 4014 ut
2925 3958 2997 4013 sit
3026 3959 3239 4016 iutensa
3269 3962 3337 4019 ad
3364 3977 3463 4017 na.

1882 4048 2110 4118 vigium,
2152 4057 2207 4104 et
2238 4049 2430 4103 crebro
2456 4049 2720 4114 converti,
2752 4064 2879 4104 num
2921 4051 3253 4121 gubernator
3281 4065 3459 4123 vocet,

1883 4149 1938 4193 et
1984 4141 2030 4194 si
2076 4141 2373 4204 vocaverit,
2422 4142 2606 4195 omnia
2653 4141 2745 4196 illa
2799 4143 3103 4211 dimittere,
3139 4160 3208 4200 ne
3244 4146 3462 4207 vinctus

1884 4232 2161 4302 dejiciaris
2208 4233 2385 4291 instar
2437 4249 2736 4303 pecorum;
2782 4235 2862 4289 sic
2914 4236 3080 4293 etiam
3129 4237 3183 4293 in
3228 4240 3361 4307 vita,
3413 4241 3461 4303 si

1884 4325 2084 4381 dentur
2111 4326 2229 4380 vice
2258 4326 2570 4390 cochleolae,
2600 4336 2653 4381 et
2673 4326 2902 4393 bulhuli,
2932 4331 3217 4395 uxorcula,
3243 4342 3298 4387 et
3327 4347 3461 4402 pue-

1885 4418 2062 4479 rulus,
2102 4415 2238 4473 nihil
2272 4415 2601 4486 impedient;
2631 4416 2677 4471 si
2721 4433 2850 4471 vero
2877 4418 3208 4487 gubernator
3231 4436 3432 4477 vocave

1887 4509 1977 4571 rit,
2017 4521 2176 4561 curre
2226 4504 2295 4560 ad
2345 4505 2642 4576 navigium,
2697 4506 2978 4566 dimittens
3030 4509 3237 4574 omnia,
3288 4526 3464 4581 neque

1886 4599 2259 4665 convertaris;
2300 4598 2444 4668 quod
2467 4599 2513 4653 si
2552 4597 2721 4654 fueris
2754 4615 2941 4667 senex,
2967 4616 3036 4659 ne
3068 4618 3308 4672 unquam
3347 4605 3463 4659 dis,

1886 4690 2122 4747 cesseris
2153 4705 2185 4748 a
2219 4678 2453 4760 navigio,
2483 4706 2549 4744 ne
2581 4690 2720 4745 forte
2755 4691 2925 4757 desis,
2954 4691 3085 4747 dum
3115 4696 3348 4750 vocaris.

2469 4803 2699 4862 CAPUT
2740 4805 2875 4862 XIII.

1954 4922 2035 4979 Ne
2077 4938 2311 4994 quaeras,
2371 4932 2432 4977 ut
2470 4936 2557 4986 ea,
2608 4934 2731 4991 qua;
2780 4920 3054 4987 accidunt,
3093 4921 3345 4976 eveniant
3391 4922 3468 4983 uti

1884 5018 1990 5085 vis,
2022 5017 2115 5074 sed
2155 5025 2444 5071 contentus
2491 5015 2588 5076 sis,
2623 5021 2682 5066 ut
2710 5028 2831 5083 quae
2860 5014 3186 5084 contingunt
3216 5014 3370 5079 ﬁant,
3411 5024 3471 5070 ut

1884 5111 2166 5175 eveniunt,
2199 5109 2388 5179 sicque
2421 5107 2567 5162 vives
2592 5106 2747 5165 beate
2778 5123 2792 5160 :
2829 5107 3076 5172 morbus,
3112 5108 3359 5178 corporis
3387 5117 3473 5163 est

1890 5203 2374 5273 impedimentum,
2429 5199 2694 5270 propositi
2742 5212 2876 5253 vero
2923 5213 3305 5269 nequaquam,
3365 5199 3473 5255 nisi

1890 5296 2022 5351 velit
2048 5295 2222 5363 ipsum
2260 5313 2273 5348 :
2303 5292 2650 5353 claudicatio,
2677 5290 2859 5347 cruris
2888 5302 2973 5347 est
2996 5291 3468 5361 impedimentum,

1893 5404 2003 5447 non
2036 5401 2164 5441 vero
2192 5384 2293 5440 tui.

2481 5494 2709 5553 CAPUT
2749 5494 2891 5551 XIV.

1964 5592 2022 5648 ln
2070 5605 2400 5663 unoquoque
2451 5589 2884 5656 occurrentium,
2933 5601 3231 5643 conversus
3274 5586 3340 5641 ad
3391 5595 3472 5640 to-

1894 5688 2099 5763 ipsum,
2130 5691 2405 5745 memento
2428 5698 2673 5757 quaerere
2703 5698 2866 5758 quam
2892 5680 3148 5738 virtutem
3180 5678 3383 5735 habeas
3404 5683 3470 5735 ad

3159 5772 3227 5843 41
