  <div class='ocr_page' id='page_1' title='image "/cluster/home/n/w/nwhite01/storage/ocr_20150623/79/nnc1.0038021404/735.png"; bbox 0 0 3808 6226; ppageno 0'>
   <div class='ocr_carea' id='block_1_1' title="bbox 380 333 507 401">
    <p class='ocr_par' dir='ltr' id='par_1_1' title="bbox 380 333 507 401">
     <span class='ocr_line' id='line_1_1' title="bbox 380 333 507 401; baseline -0.016 0"><span class='ocrx_word' id='word_1_1' title='bbox 380 333 507 401; x_wconf 65' lang='lat'><strong>1291</strong></span> 
     </span>
    </p>
   </div>
   <div class='ocr_carea' id='block_1_2' title="bbox 1860 332 2161 395">
    <p class='ocr_par' dir='ltr' id='par_1_2' title="bbox 1860 332 2161 395">
     <span class='ocr_line' id='line_1_2' title="bbox 1860 332 2161 395; baseline 0 0"><span class='ocrx_word' id='word_1_2' title='bbox 1860 332 2161 395; x_wconf 83' lang='lat' dir='ltr'><strong>SPURIA.</strong></span> 
     </span>
    </p>
   </div>
   <div class='ocr_carea' id='block_1_3' title="bbox 3509 338 3615 406">
    <p class='ocr_par' dir='ltr' id='par_1_3' title="bbox 3509 338 3615 406">
     <span class='ocr_line' id='line_1_3' title="bbox 3509 338 3615 406; baseline 0 0"><span class='ocrx_word' id='word_1_3' title='bbox 3509 338 3615 406; x_wconf 62' lang='lat'><strong>1292</strong></span> 
     </span>
    </p>
   </div>
   <div class='ocr_carea' id='block_1_4' title="bbox 376 446 1951 535">
    <p class='ocr_par' dir='ltr' id='par_1_4' title="bbox 376 446 1947 519">
     <span class='ocr_line' id='line_1_4' title="bbox 376 446 1947 519; baseline -0.003 -15"><span class='ocrx_word' id='word_1_4' title='bbox 376 467 532 505; x_wconf 83' lang='lat' dir='ltr'><strong>usum</strong></span> <span class='ocrx_word' id='word_1_5' title='bbox 576 449 787 519; x_wconf 84' lang='lat' dir='ltr'><strong>ipsius;</strong></span> <span class='ocrx_word' id='word_1_6' title='bbox 834 447 879 504; x_wconf 90' lang='lat' dir='ltr'><strong>si</strong></span> <span class='ocrx_word' id='word_1_7' title='bbox 918 446 1217 504; x_wconf 79' lang='lat' dir='ltr'><strong>formosum</strong></span> <span class='ocrx_word' id='word_1_8' title='bbox 1253 449 1457 514; x_wconf 86' lang='lat' dir='ltr'><strong>videas,</strong></span> <span class='ocrx_word' id='word_1_9' title='bbox 1502 458 1595 503; x_wconf 86' lang='lat' dir='ltr'><strong>aut</strong></span> <span class='ocrx_word' id='word_1_10' title='bbox 1628 448 1947 510; x_wconf 77' lang='lat' dir='ltr'><strong>formosam,</strong></span> 
     </span>
    </p>
   </div>
   <div class='ocr_carea' id='block_1_5' title="bbox 2078 446 3607 535">
    <p class='ocr_par' dir='ltr' id='par_1_5' title="bbox 2078 450 3607 535">
     <span class='ocr_line' id='line_1_5' title="bbox 2078 450 3607 535; baseline -0.008 -19"><span class='ocrx_word' id='word_1_11' title='bbox 2078 463 2192 535; x_wconf 72' lang='grc' dir='ltr'>τρδς</span> <span class='ocrx_word' id='word_1_12' title='bbox 2217 460 2317 534; x_wconf 80' lang='grc' dir='ltr'>τὴν</span> <span class='ocrx_word' id='word_1_13' title='bbox 2350 459 2550 531; x_wconf 82' lang='grc' dir='ltr'>χρῆσιν</span> <span class='ocrx_word' id='word_1_14' title='bbox 2580 456 2745 511; x_wconf 76' lang='grc' dir='ltr'>αὑτοῦ</span> <span class='ocrx_word' id='word_1_15' title='bbox 2767 470 2780 484; x_wconf 82' lang='grc'><strong><em>⁸</em></strong></span> <span class='ocrx_word' id='word_1_16' title='bbox 2828 456 2895 510; x_wconf 83' lang='grc' dir='ltr'>ἂν</span> <span class='ocrx_word' id='word_1_17' title='bbox 2922 454 3084 509; x_wconf 74' lang='grc' dir='ltr'>καλὸν</span> <span class='ocrx_word' id='word_1_18' title='bbox 3116 453 3234 524; x_wconf 84' lang='grc' dir='ltr'>ῐδῃς</span> <span class='ocrx_word' id='word_1_19' title='bbox 3265 452 3301 522; x_wconf 79' lang='grc' dir='ltr'>ἢ</span> <span class='ocrx_word' id='word_1_20' title='bbox 3330 450 3520 522; x_wconf 81' lang='grc' dir='ltr'>καλὴν,</span> <span class='ocrx_word' id='word_1_21' title='bbox 3544 453 3607 504; x_wconf 70' lang='grc' dir='ltr'><strong>εὑ</strong></span> 
     </span>
    </p>
   </div>
   <div class='ocr_carea' id='block_1_6' title="bbox 373 538 1949 611">
    <p class='ocr_par' dir='ltr' id='par_1_6' title="bbox 373 538 1949 611">
     <span class='ocr_line' id='line_1_6' title="bbox 373 538 1949 611; baseline -0.001 -15"><span class='ocrx_word' id='word_1_22' title='bbox 373 541 676 610; x_wconf 88' lang='lat' dir='ltr'><strong>comperies</strong></span> <span class='ocrx_word' id='word_1_23' title='bbox 719 541 972 595; x_wconf 75' lang='lat' dir='ltr'><strong>virtutem</strong></span> <span class='ocrx_word' id='word_1_24' title='bbox 1024 548 1214 596; x_wconf 86' lang='lat' dir='ltr'><strong>contra</strong></span> <span class='ocrx_word' id='word_1_25' title='bbox 1260 541 1362 596; x_wconf 86' lang='lat' dir='ltr'><strong>ista</strong></span> <span class='ocrx_word' id='word_1_26' title='bbox 1407 540 1861 611; x_wconf 89' lang='lat' dir='ltr'><strong>temperantiam;</strong></span> <span class='ocrx_word' id='word_1_27' title='bbox 1903 538 1949 595; x_wconf 90' lang='lat' dir='ltr'><strong>si</strong></span> 
     </span>
    </p>
   </div>
   <div class='ocr_carea' id='block_1_7' title="bbox 377 633 1953 699">
    <p class='ocr_par' dir='ltr' id='par_1_7' title="bbox 377 633 1953 699">
     <span class='ocr_line' id='line_1_7' title="bbox 377 633 1953 699; baseline -0.001 -11"><span class='ocrx_word' id='word_1_28' title='bbox 377 634 641 689; x_wconf 77' lang='lat' dir='ltr'><strong>inferatur</strong></span> <span class='ocrx_word' id='word_1_29' title='bbox 674 633 846 699; x_wconf 91' lang='lat' dir='ltr'><strong>labor,</strong></span> <span class='ocrx_word' id='word_1_30' title='bbox 881 634 1127 689; x_wconf 84' lang='lat' dir='ltr'><strong>invenies</strong></span> <span class='ocrx_word' id='word_1_31' title='bbox 1155 634 1551 698; x_wconf 91' lang='lat' dir='ltr'><strong>constantiam,</strong></span> <span class='ocrx_word' id='word_1_32' title='bbox 1588 642 1641 687; x_wconf 93' lang='lat' dir='ltr'><strong>et</strong></span> <span class='ocrx_word' id='word_1_33' title='bbox 1683 634 1730 689; x_wconf 91' lang='lat' dir='ltr'><strong>si</strong></span> <span class='ocrx_word' id='word_1_34' title='bbox 1761 634 1953 689; x_wconf 91' lang='lat' dir='ltr'><strong>convi-</strong></span> 
     </span>
    </p>
   </div>
   <div class='ocr_carea' id='block_1_8' title="bbox 373 725 1950 797">
    <p class='ocr_par' dir='ltr' id='par_1_8' title="bbox 373 725 1950 797">
     <span class='ocr_line' id='line_1_8' title="bbox 373 725 1950 797; baseline -0.001 -14"><span class='ocrx_word' id='word_1_35' title='bbox 373 728 544 790; x_wconf 87' lang='lat' dir='ltr'><strong>cium,</strong></span> <span class='ocrx_word' id='word_1_36' title='bbox 591 725 829 796; x_wconf 84' lang='lat' dir='ltr'><strong>reperies</strong></span> <span class='ocrx_word' id='word_1_37' title='bbox 874 727 1215 781; x_wconf 83' lang='lat' dir='ltr'><strong>tolerantiam</strong></span> <span class='ocrx_word' id='word_1_38' title='bbox 1249 744 1264 781; x_wconf 90' lang='lat'><strong>:</strong></span> <span class='ocrx_word' id='word_1_39' title='bbox 1298 741 1532 796; x_wconf 91' lang='lat' dir='ltr'><strong>cumque</strong></span> <span class='ocrx_word' id='word_1_40' title='bbox 1554 726 1715 797; x_wconf 77' lang='lat'><strong><em>332</em></strong></span> <span class='ocrx_word' id='word_1_41' title='bbox 1743 726 1823 781; x_wconf 91' lang='lat' dir='ltr'><strong>sic</strong></span> <span class='ocrx_word' id='word_1_42' title='bbox 1858 741 1950 781; x_wconf 90' lang='lat' dir='ltr'><strong>as-</strong></span> 
     </span>
    </p>
   </div>
   <div class='ocr_carea' id='block_1_9' title="bbox 375 818 1952 887">
    <p class='ocr_par' dir='ltr' id='par_1_9' title="bbox 375 818 1952 887">
     <span class='ocr_line' id='line_1_9' title="bbox 375 818 1952 887; baseline -0.001 -14"><span class='ocrx_word' id='word_1_43' title='bbox 375 819 599 882; x_wconf 86' lang='lat' dir='ltr'><strong>suelias,</strong></span> <span class='ocrx_word' id='word_1_44' title='bbox 635 833 817 871; x_wconf 89' lang='lat' dir='ltr'><strong>rerum</strong></span> <span class='ocrx_word' id='word_1_45' title='bbox 854 818 1095 872; x_wconf 80' lang='lat' dir='ltr'><strong>visiones</strong></span> <span class='ocrx_word' id='word_1_46' title='bbox 1126 818 1311 872; x_wconf 78' lang='lat' dir='ltr'><strong>animo</strong></span> <span class='ocrx_word' id='word_1_47' title='bbox 1341 827 1739 887; x_wconf 69' lang='lat' dir='ltr'><strong>repraesentata:</strong></span> <span class='ocrx_word' id='word_1_48' title='bbox 1766 832 1873 871; x_wconf 93' lang='lat' dir='ltr'><strong>non</strong></span> <span class='ocrx_word' id='word_1_49' title='bbox 1901 825 1952 872; x_wconf 89' lang='lat' dir='ltr'><strong>te</strong></span> 
     </span>
    </p>
   </div>
   <div class='ocr_carea' id='block_1_10' title="bbox 374 910 688 981">
    <p class='ocr_par' dir='ltr' id='par_1_10' title="bbox 374 910 688 981">
     <span class='ocr_line' id='line_1_10' title="bbox 374 910 688 981; baseline -0.01 -15"><span class='ocrx_word' id='word_1_50' title='bbox 374 910 688 981; x_wconf 84' lang='lat' dir='ltr'><strong>corripient.</strong></span> 
     </span>
    </p>
   </div>
   <div class='ocr_carea' id='block_1_11' title="bbox 962 1021 1346 1079">
    <p class='ocr_par' dir='ltr' id='par_1_11' title="bbox 962 1021 1346 1079">
     <span class='ocr_line' id='line_1_11' title="bbox 962 1021 1346 1079; baseline 0 0"><span class='ocrx_word' id='word_1_51' title='bbox 962 1021 1191 1079; x_wconf 80' lang='lat' dir='ltr'><strong>CAPUT</strong></span> <span class='ocrx_word' id='word_1_52' title='bbox 1230 1022 1346 1079; x_wconf 86' lang='lat' dir='ltr'><strong>XV.</strong></span> 
     </span>
    </p>
   </div>
   <div class='ocr_carea' id='block_1_12' title="bbox 442 1134 1948 1206">
    <p class='ocr_par' dir='ltr' id='par_1_12' title="bbox 442 1134 1948 1206">
     <span class='ocr_line' id='line_1_12' title="bbox 442 1134 1948 1206; baseline 0.001 -17"><span class='ocrx_word' id='word_1_53' title='bbox 442 1134 733 1206; x_wconf 83' lang='lat' dir='ltr'><strong>Nunquam</strong></span> <span class='ocrx_word' id='word_1_54' title='bbox 773 1134 923 1191; x_wconf 89' lang='lat' dir='ltr'><strong>dicas</strong></span> <span class='ocrx_word' id='word_1_55' title='bbox 952 1135 1022 1192; x_wconf 89' lang='lat' dir='ltr'><strong>de</strong></span> <span class='ocrx_word' id='word_1_56' title='bbox 1066 1136 1174 1191; x_wconf 86' lang='lat' dir='ltr'><strong>ulla</strong></span> <span class='ocrx_word' id='word_1_57' title='bbox 1221 1151 1301 1200; x_wconf 88' lang='lat' dir='ltr'><strong>re,</strong></span> <span class='ocrx_word' id='word_1_58' title='bbox 1331 1135 1478 1206; x_wconf 92' lang='lat' dir='ltr'><strong>quod</strong></span> <span class='ocrx_word' id='word_1_59' title='bbox 1507 1150 1627 1191; x_wconf 88' lang='lat' dir='ltr'><strong>eam</strong></span> <span class='ocrx_word' id='word_1_60' title='bbox 1675 1134 1948 1201; x_wconf 87' lang='lat' dir='ltr'><strong>amiseris,</strong></span> 
     </span>
    </p>
   </div>
   <div class='ocr_carea' id='block_1_13' title="bbox 374 1227 1948 1299">
    <p class='ocr_par' dir='ltr' id='par_1_13' title="bbox 374 1227 1948 1299">
     <span class='ocr_line' id='line_1_13' title="bbox 374 1227 1948 1299; baseline -0.001 -15"><span class='ocrx_word' id='word_1_61' title='bbox 374 1228 470 1284; x_wconf 85' lang='lat' dir='ltr'><strong>sed</strong></span> <span class='ocrx_word' id='word_1_62' title='bbox 492 1229 638 1299; x_wconf 91' lang='lat' dir='ltr'><strong>quod</strong></span> <span class='ocrx_word' id='word_1_63' title='bbox 671 1227 1002 1295; x_wconf 88' lang='lat' dir='ltr'><strong>reddideris;</strong></span> <span class='ocrx_word' id='word_1_64' title='bbox 1032 1229 1295 1299; x_wconf 86' lang='lat' dir='ltr'><strong>puerulus</strong></span> <span class='ocrx_word' id='word_1_65' title='bbox 1336 1228 1493 1293; x_wconf 89' lang='lat' dir='ltr'><strong>obiit,</strong></span> <span class='ocrx_word' id='word_1_66' title='bbox 1536 1228 1783 1284; x_wconf 87' lang='lat' dir='ltr'><strong>redditus</strong></span> <span class='ocrx_word' id='word_1_67' title='bbox 1814 1227 1948 1294; x_wconf 82' lang='lat' dir='ltr'><strong>fuit;</strong></span> 
     </span>
    </p>
   </div>
   <div class='ocr_carea' id='block_1_14' title="bbox 376 1319 1951 1392">
    <p class='ocr_par' dir='ltr' id='par_1_14' title="bbox 376 1319 1951 1392">
     <span class='ocr_line' id='line_1_14' title="bbox 376 1319 1951 1392; baseline 0 -18"><span class='ocrx_word' id='word_1_68' title='bbox 376 1335 515 1374; x_wconf 79' lang='lat' dir='ltr'><strong>uxor</strong></span> <span class='ocrx_word' id='word_1_69' title='bbox 547 1320 803 1385; x_wconf 88' lang='lat' dir='ltr'><strong>decessit,</strong></span> <span class='ocrx_word' id='word_1_70' title='bbox 834 1320 1079 1375; x_wconf 86' lang='lat' dir='ltr'><strong>restituta</strong></span> <span class='ocrx_word' id='word_1_71' title='bbox 1103 1329 1219 1387; x_wconf 90' lang='lat' dir='ltr'><strong>est;</strong></span> <span class='ocrx_word' id='word_1_72' title='bbox 1256 1320 1520 1390; x_wconf 73' lang='lat' dir='ltr'><strong>praedium</strong></span> <span class='ocrx_word' id='word_1_73' title='bbox 1548 1319 1652 1375; x_wconf 80' lang='lat' dir='ltr'><strong>fuit</strong></span> <span class='ocrx_word' id='word_1_74' title='bbox 1680 1330 1951 1392; x_wconf 88' lang='lat' dir='ltr'><strong>ereptum,</strong></span> 
     </span>
    </p>
   </div>
   <div class='ocr_carea' id='block_1_15' title="bbox 372 1410 1954 1483">
    <p class='ocr_par' dir='ltr' id='par_1_15' title="bbox 372 1410 1954 1483">
     <span class='ocr_line' id='line_1_15' title="bbox 372 1410 1954 1483; baseline 0.003 -18"><span class='ocrx_word' id='word_1_75' title='bbox 372 1411 537 1466; x_wconf 87' lang='lat' dir='ltr'><strong>etiam</strong></span> <span class='ocrx_word' id='word_1_76' title='bbox 586 1426 716 1465; x_wconf 86' lang='lat' dir='ltr'><strong>vero</strong></span> <span class='ocrx_word' id='word_1_77' title='bbox 764 1412 1071 1465; x_wconf 91' lang='lat' dir='ltr'><strong>restitutum</strong></span> <span class='ocrx_word' id='word_1_78' title='bbox 1112 1410 1212 1467; x_wconf 86' lang='lat' dir='ltr'><strong>fuit</strong></span> <span class='ocrx_word' id='word_1_79' title='bbox 1244 1429 1257 1465; x_wconf 91' lang='lat'><strong>:</strong></span> <span class='ocrx_word' id='word_1_80' title='bbox 1286 1421 1340 1468; x_wconf 85' lang='lat' dir='ltr'><strong>at</strong></span> <span class='ocrx_word' id='word_1_81' title='bbox 1394 1413 1676 1483; x_wconf 87' lang='lat' dir='ltr'><strong>improbus</strong></span> <span class='ocrx_word' id='word_1_82' title='bbox 1727 1422 1813 1468; x_wconf 90' lang='lat' dir='ltr'><strong>est</strong></span> <span class='ocrx_word' id='word_1_83' title='bbox 1862 1415 1954 1483; x_wconf 87' lang='lat' dir='ltr'><strong>qui</strong></span> 
     </span>
    </p>
   </div>
   <div class='ocr_carea' id='block_1_16' title="bbox 378 1504 1954 1575">
    <p class='ocr_par' dir='ltr' id='par_1_16' title="bbox 378 1504 1954 1575">
     <span class='ocr_line' id='line_1_16' title="bbox 378 1504 1954 1575; baseline -0.001 -16"><span class='ocrx_word' id='word_1_84' title='bbox 378 1505 624 1571; x_wconf 80' lang='lat' dir='ltr'><strong>abstulit;</strong></span> <span class='ocrx_word' id='word_1_85' title='bbox 659 1511 714 1559; x_wconf 91' lang='lat' dir='ltr'><strong>et</strong></span> <span class='ocrx_word' id='word_1_86' title='bbox 740 1505 871 1573; x_wconf 91' lang='lat' dir='ltr'><strong>quid</strong></span> <span class='ocrx_word' id='word_1_87' title='bbox 911 1504 1009 1559; x_wconf 89' lang='lat' dir='ltr'><strong>tibi</strong></span> <span class='ocrx_word' id='word_1_88' title='bbox 1045 1520 1213 1570; x_wconf 71' lang='lat' dir='ltr'><strong>curae,</strong></span> <span class='ocrx_word' id='word_1_89' title='bbox 1242 1520 1366 1560; x_wconf 93' lang='lat' dir='ltr'><strong>cum</strong></span> <span class='ocrx_word' id='word_1_90' title='bbox 1400 1505 1494 1574; x_wconf 90' lang='lat' dir='ltr'><strong>qui</strong></span> <span class='ocrx_word' id='word_1_91' title='bbox 1524 1505 1671 1561; x_wconf 89' lang='lat' dir='ltr'><strong>dedit</strong></span> <span class='ocrx_word' id='word_1_92' title='bbox 1708 1506 1954 1575; x_wconf 81' lang='lat' dir='ltr'><strong>repetat?</strong></span> 
     </span>
    </p>
   </div>
   <div class='ocr_carea' id='block_1_17' title="bbox 375 1594 1957 1665">
    <p class='ocr_par' dir='ltr' id='par_1_17' title="bbox 375 1594 1957 1665">
     <span class='ocr_line' id='line_1_17' title="bbox 375 1594 1957 1665; baseline 0.001 -17"><span class='ocrx_word' id='word_1_93' title='bbox 375 1594 578 1650; x_wconf 80' lang='lat' dir='ltr'><strong>Verum</strong></span> <span class='ocrx_word' id='word_1_94' title='bbox 623 1610 906 1665; x_wconf 91' lang='lat' dir='ltr'><strong>usquequo</strong></span> <span class='ocrx_word' id='word_1_95' title='bbox 937 1596 1336 1662; x_wconf 89' lang='lat' dir='ltr'><strong>conceduntur,</strong></span> <span class='ocrx_word' id='word_1_96' title='bbox 1378 1596 1596 1662; x_wconf 88' lang='lat' dir='ltr'><strong>horum,</strong></span> <span class='ocrx_word' id='word_1_97' title='bbox 1638 1604 1699 1650; x_wconf 89' lang='lat' dir='ltr'><strong>ut</strong></span> <span class='ocrx_word' id='word_1_98' title='bbox 1742 1596 1957 1650; x_wconf 85' lang='lat' dir='ltr'><strong>alieno-</strong></span> 
     </span>
    </p>
   </div>
   <div class='ocr_carea' id='block_1_18' title="bbox 376 1688 1954 1759">
    <p class='ocr_par' dir='ltr' id='par_1_18' title="bbox 376 1688 1954 1759">
     <span class='ocr_line' id='line_1_18' title="bbox 376 1688 1954 1759; baseline 0.001 -19"><span class='ocrx_word' id='word_1_99' title='bbox 376 1702 496 1740; x_wconf 90' lang='lat' dir='ltr'><strong>rum</strong></span> <span class='ocrx_word' id='word_1_100' title='bbox 522 1702 709 1741; x_wconf 90' lang='lat' dir='ltr'><strong>curam</strong></span> <span class='ocrx_word' id='word_1_101' title='bbox 741 1701 887 1757; x_wconf 84' lang='lat' dir='ltr'><strong>gere,</strong></span> <span class='ocrx_word' id='word_1_102' title='bbox 916 1701 983 1741; x_wconf 90' lang='lat' dir='ltr'><strong>eo</strong></span> <span class='ocrx_word' id='word_1_103' title='bbox 1012 1688 1198 1752; x_wconf 91' lang='lat' dir='ltr'><strong>modo,</strong></span> <span class='ocrx_word' id='word_1_104' title='bbox 1230 1702 1341 1757; x_wconf 91' lang='lat' dir='ltr'><strong>quo</strong></span> <span class='ocrx_word' id='word_1_105' title='bbox 1377 1688 1599 1759; x_wconf 87' lang='lat' dir='ltr'><strong>hospitii</strong></span> <span class='ocrx_word' id='word_1_106' title='bbox 1634 1703 1823 1744; x_wconf 89' lang='lat' dir='ltr'><strong>curam</strong></span> <span class='ocrx_word' id='word_1_107' title='bbox 1856 1688 1954 1742; x_wconf 89' lang='lat' dir='ltr'><strong>ha-</strong></span> 
     </span>
    </p>
   </div>
   <div class='ocr_carea' id='block_1_19' title="bbox 377 1776 1249 1847">
    <p class='ocr_par' dir='ltr' id='par_1_19' title="bbox 377 1776 1249 1847">
     <span class='ocr_line' id='line_1_19' title="bbox 377 1776 1249 1847; baseline 0.003 -18"><span class='ocrx_word' id='word_1_108' title='bbox 377 1776 505 1829; x_wconf 85' lang='lat' dir='ltr'><strong>bent</strong></span> <span class='ocrx_word' id='word_1_109' title='bbox 538 1784 924 1845; x_wconf 72' lang='lat' dir='ltr'><strong>praetereuntes</strong></span> <span class='ocrx_word' id='word_1_110' title='bbox 954 1778 1249 1847; x_wconf 80' lang='lat' dir='ltr'><strong>peregrini.</strong></span> 
     </span>
    </p>
   </div>
   <div class='ocr_carea' id='block_1_20' title="bbox 964 1888 1373 1947">
    <p class='ocr_par' dir='ltr' id='par_1_20' title="bbox 964 1888 1373 1947">
     <span class='ocr_line' id='line_1_20' title="bbox 964 1888 1373 1947; baseline 0.007 -3"><span class='ocrx_word' id='word_1_111' title='bbox 964 1888 1193 1946; x_wconf 84' lang='lat' dir='ltr'><strong>CAPUT</strong></span> <span class='ocrx_word' id='word_1_112' title='bbox 1233 1890 1373 1947; x_wconf 80' lang='lat' dir='ltr'><strong>XVI.</strong></span> 
     </span>
    </p>
   </div>
   <div class='ocr_carea' id='block_1_21' title="bbox 445 2004 1954 2077">
    <p class='ocr_par' dir='ltr' id='par_1_21' title="bbox 445 2004 1954 2077">
     <span class='ocr_line' id='line_1_21' title="bbox 445 2004 1954 2077; baseline 0.001 -18"><span class='ocrx_word' id='word_1_113' title='bbox 445 2004 504 2060; x_wconf 88' lang='lat' dir='ltr'><strong>Si</strong></span> <span class='ocrx_word' id='word_1_114' title='bbox 533 2005 667 2061; x_wconf 87' lang='lat' dir='ltr'><strong>velis</strong></span> <span class='ocrx_word' id='word_1_115' title='bbox 689 2004 968 2073; x_wconf 87' lang='lat' dir='ltr'><strong>prolicere,</strong></span> <span class='ocrx_word' id='word_1_116' title='bbox 1001 2004 1212 2060; x_wconf 91' lang='lat' dir='ltr'><strong>dimitte</strong></span> <span class='ocrx_word' id='word_1_117' title='bbox 1241 2005 1621 2077; x_wconf 85' lang='lat' dir='ltr'><strong>hujuscemodi</strong></span> <span class='ocrx_word' id='word_1_118' title='bbox 1660 2005 1954 2061; x_wconf 89' lang='lat' dir='ltr'><strong>ratiocina-</strong></span> 
     </span>
    </p>
   </div>
   <div class='ocr_carea' id='block_1_22' title="bbox 376 2092 1957 2167">
    <p class='ocr_par' dir='ltr' id='par_1_22' title="bbox 376 2092 1957 2167">
     <span class='ocr_line' id='line_1_22' title="bbox 376 2092 1957 2167; baseline -0.001 -16"><span class='ocrx_word' id='word_1_119' title='bbox 376 2094 841 2160; x_wconf 88' lang='lat' dir='ltr'><strong>tiones,nimirum</strong></span> <span class='ocrx_word' id='word_1_120' title='bbox 861 2115 873 2149; x_wconf 88' lang='lat'><strong>:</strong></span> <span class='ocrx_word' id='word_1_121' title='bbox 892 2092 947 2148; x_wconf 90' lang='lat' dir='ltr'><strong>Si</strong></span> <span class='ocrx_word' id='word_1_122' title='bbox 974 2096 1239 2167; x_wconf 87' lang='lat' dir='ltr'><strong>negligam</strong></span> <span class='ocrx_word' id='word_1_123' title='bbox 1264 2111 1409 2163; x_wconf 88' lang='lat' dir='ltr'><strong>mea,</strong></span> <span class='ocrx_word' id='word_1_124' title='bbox 1441 2112 1547 2150; x_wconf 91' lang='lat' dir='ltr'><strong>non</strong></span> <span class='ocrx_word' id='word_1_125' title='bbox 1576 2096 1789 2152; x_wconf 88' lang='lat' dir='ltr'><strong>habebo</strong></span> <span class='ocrx_word' id='word_1_126' title='bbox 1815 2096 1957 2151; x_wconf 89' lang='lat' dir='ltr'><strong>unde</strong></span> 
     </span>
    </p>
   </div>
   <div class='ocr_carea' id='block_1_23' title="bbox 376 2187 1956 2258">
    <p class='ocr_par' dir='ltr' id='par_1_23' title="bbox 376 2187 1956 2258">
     <span class='ocr_line' id='line_1_23' title="bbox 376 2187 1956 2258; baseline 0.001 -18"><span class='ocrx_word' id='word_1_127' title='bbox 376 2187 627 2254; x_wconf 85' lang='lat' dir='ltr'><strong>nutriar;</strong></span> <span class='ocrx_word' id='word_1_128' title='bbox 673 2187 720 2241; x_wconf 85' lang='lat' dir='ltr'><strong>si</strong></span> <span class='ocrx_word' id='word_1_129' title='bbox 762 2201 868 2240; x_wconf 91' lang='lat' dir='ltr'><strong>non</strong></span> <span class='ocrx_word' id='word_1_130' title='bbox 902 2187 1132 2256; x_wconf 91' lang='lat' dir='ltr'><strong>puniero</strong></span> <span class='ocrx_word' id='word_1_131' title='bbox 1173 2202 1423 2258; x_wconf 88' lang='lat' dir='ltr'><strong>puerum,</strong></span> <span class='ocrx_word' id='word_1_132' title='bbox 1466 2188 1642 2243; x_wconf 89' lang='lat' dir='ltr'><strong>malus</strong></span> <span class='ocrx_word' id='word_1_133' title='bbox 1667 2188 1806 2243; x_wconf 89' lang='lat' dir='ltr'><strong>erit:</strong></span> <span class='ocrx_word' id='word_1_134' title='bbox 1839 2201 1956 2242; x_wconf 86' lang='lat' dir='ltr'><strong>me-</strong></span> 
     </span>
    </p>
   </div>
   <div class='ocr_carea' id='block_1_24' title="bbox 374 2276 1956 2348">
    <p class='ocr_par' dir='ltr' id='par_1_24' title="bbox 374 2276 1956 2348">
     <span class='ocr_line' id='line_1_24' title="bbox 374 2276 1956 2348; baseline 0 -17"><span class='ocrx_word' id='word_1_135' title='bbox 374 2277 479 2332; x_wconf 89' lang='lat' dir='ltr'><strong>lius</strong></span> <span class='ocrx_word' id='word_1_136' title='bbox 508 2286 591 2332; x_wconf 86' lang='lat' dir='ltr'><strong>est</strong></span> <span class='ocrx_word' id='word_1_137' title='bbox 626 2278 770 2332; x_wconf 90' lang='lat' dir='ltr'><strong>enim</strong></span> <span class='ocrx_word' id='word_1_138' title='bbox 819 2276 963 2332; x_wconf 80' lang='lat' dir='ltr'><strong>fame</strong></span> <span class='ocrx_word' id='word_1_139' title='bbox 990 2278 1152 2343; x_wconf 91' lang='lat' dir='ltr'><strong>mori,</strong></span> <span class='ocrx_word' id='word_1_140' title='bbox 1195 2286 1247 2332; x_wconf 86' lang='lat' dir='ltr'><strong>et</strong></span> <span class='ocrx_word' id='word_1_141' title='bbox 1278 2286 1554 2348; x_wconf 82' lang='lat' dir='ltr'><strong>expertem</strong></span> <span class='ocrx_word' id='word_1_142' title='bbox 1601 2276 1836 2341; x_wconf 89' lang='lat' dir='ltr'><strong>timoris,</strong></span> <span class='ocrx_word' id='word_1_143' title='bbox 1872 2285 1956 2331; x_wconf 88' lang='lat' dir='ltr'><strong>at—</strong></span> 
     </span>
    </p>
   </div>
   <div class='ocr_carea' id='block_1_25' title="bbox 375 2367 1954 2439">
    <p class='ocr_par' dir='ltr' id='par_1_25' title="bbox 375 2367 1954 2439">
     <span class='ocr_line' id='line_1_25' title="bbox 375 2367 1954 2439; baseline -0.001 -17"><span class='ocrx_word' id='word_1_144' title='bbox 375 2384 482 2436; x_wconf 80' lang='lat' dir='ltr'><strong>que</strong></span> <span class='ocrx_word' id='word_1_145' title='bbox 530 2369 795 2423; x_wconf 64' lang='lat' dir='ltr'><strong>molestiae</strong></span> <span class='ocrx_word' id='word_1_146' title='bbox 837 2384 979 2435; x_wconf 84' lang='lat' dir='ltr'><strong>esse,</strong></span> <span class='ocrx_word' id='word_1_147' title='bbox 1028 2383 1192 2438; x_wconf 85' lang='lat' dir='ltr'><strong>quam</strong></span> <span class='ocrx_word' id='word_1_148' title='bbox 1237 2372 1615 2439; x_wconf 86' lang='lat' dir='ltr'><strong>perturbatum</strong></span> <span class='ocrx_word' id='word_1_149' title='bbox 1663 2368 1846 2423; x_wconf 80' lang='lat' dir='ltr'><strong>vivere</strong></span> <span class='ocrx_word' id='word_1_150' title='bbox 1897 2367 1954 2422; x_wconf 93' lang='lat' dir='ltr'><strong>in</strong></span> 
     </span>
    </p>
   </div>
   <div class='ocr_carea' id='block_1_26' title="bbox 375 2461 1955 2532">
    <p class='ocr_par' dir='ltr' id='par_1_26' title="bbox 375 2461 1955 2532">
     <span class='ocr_line' id='line_1_26' title="bbox 375 2461 1955 2532; baseline 0.001 -18"><span class='ocrx_word' id='word_1_151' title='bbox 375 2475 557 2516; x_wconf 86' lang='lat' dir='ltr'><strong>rerum</strong></span> <span class='ocrx_word' id='word_1_152' title='bbox 586 2462 763 2531; x_wconf 89' lang='lat' dir='ltr'><strong>copia,</strong></span> <span class='ocrx_word' id='word_1_153' title='bbox 790 2475 1131 2532; x_wconf 90' lang='lat' dir='ltr'><strong>puerumque</strong></span> <span class='ocrx_word' id='word_1_154' title='bbox 1155 2461 1359 2515; x_wconf 89' lang='lat' dir='ltr'><strong>malum</strong></span> <span class='ocrx_word' id='word_1_155' title='bbox 1390 2461 1673 2529; x_wconf 83' lang='lat' dir='ltr'><strong>exsistere,</strong></span> <span class='ocrx_word' id='word_1_156' title='bbox 1701 2475 1867 2531; x_wconf 92' lang='lat' dir='ltr'><strong>quam</strong></span> <span class='ocrx_word' id='word_1_157' title='bbox 1900 2466 1955 2515; x_wconf 91' lang='lat' dir='ltr'><strong>te</strong></span> 
     </span>
    </p>
   </div>
   <div class='ocr_carea' id='block_1_27' title="bbox 375 2567 655 2608">
    <p class='ocr_par' dir='ltr' id='par_1_27' title="bbox 375 2567 655 2608">
     <span class='ocr_line' id='line_1_27' title="bbox 375 2567 655 2608; baseline -0.007 -2"><span class='ocrx_word' id='word_1_158' title='bbox 375 2567 655 2608; x_wconf 75' lang='lat' dir='ltr'><strong>miserum.</strong></span> 
     </span>
    </p>
   </div>
   <div class='ocr_carea' id='block_1_28' title="bbox 944 2663 1376 2721">
    <p class='ocr_par' dir='ltr' id='par_1_28' title="bbox 944 2663 1376 2721">
     <span class='ocr_line' id='line_1_28' title="bbox 944 2663 1376 2721; baseline 0.005 -2"><span class='ocrx_word' id='word_1_159' title='bbox 944 2663 1171 2720; x_wconf 85' lang='lat' dir='ltr'><strong>CAPUT</strong></span> <span class='ocrx_word' id='word_1_160' title='bbox 1212 2663 1376 2721; x_wconf 81' lang='lat' dir='ltr'><strong>XVII.</strong></span> 
     </span>
    </p>
   </div>
   <div class='ocr_carea' id='block_1_29' title="bbox 443 2776 1953 2850">
    <p class='ocr_par' dir='ltr' id='par_1_29' title="bbox 443 2776 1953 2850">
     <span class='ocr_line' id='line_1_29' title="bbox 443 2776 1953 2850; baseline -0.003 -17"><span class='ocrx_word' id='word_1_161' title='bbox 443 2777 625 2849; x_wconf 85' lang='lat' dir='ltr'><strong>Incipe</strong></span> <span class='ocrx_word' id='word_1_162' title='bbox 658 2780 822 2850; x_wconf 84' lang='lat' dir='ltr'><strong>igitur</strong></span> <span class='ocrx_word' id='word_1_163' title='bbox 846 2794 875 2833; x_wconf 91' lang='lat' dir='ltr'><strong>a</strong></span> <span class='ocrx_word' id='word_1_164' title='bbox 903 2780 1089 2850; x_wconf 83' lang='lat' dir='ltr'><strong>par&#39;vis</strong></span> <span class='ocrx_word' id='word_1_165' title='bbox 1115 2795 1128 2831; x_wconf 88' lang='lat'><strong>:</strong></span> <span class='ocrx_word' id='word_1_166' title='bbox 1164 2777 1460 2834; x_wconf 77' lang='lat' dir='ltr'><strong>eﬂ&#39;unditur</strong></span> <span class='ocrx_word' id='word_1_167' title='bbox 1487 2776 1790 2847; x_wconf 82' lang='lat' dir='ltr'><strong>pauxillum</strong></span> <span class='ocrx_word' id='word_1_168' title='bbox 1825 2776 1953 2839; x_wconf 90' lang='lat' dir='ltr'><strong>olei,</strong></span> 
     </span>
    </p>
   </div>
   <div class='ocr_carea' id='block_1_30' title="bbox 374 2867 1955 2943">
    <p class='ocr_par' dir='ltr' id='par_1_30' title="bbox 374 2867 1955 2943">
     <span class='ocr_line' id='line_1_30' title="bbox 374 2867 1955 2943; baseline -0.006 -12"><span class='ocrx_word' id='word_1_169' title='bbox 374 2873 672 2943; x_wconf 85' lang='lat' dir='ltr'><strong>surripitur</strong></span> <span class='ocrx_word' id='word_1_170' title='bbox 706 2873 853 2926; x_wconf 83' lang='lat' dir='ltr'><strong>furto</strong></span> <span class='ocrx_word' id='word_1_171' title='bbox 889 2870 1122 2937; x_wconf 89' lang='lat' dir='ltr'><strong>asellus;</strong></span> <span class='ocrx_word' id='word_1_172' title='bbox 1155 2869 1291 2924; x_wconf 89' lang='lat' dir='ltr'><strong>adde</strong></span> <span class='ocrx_word' id='word_1_173' title='bbox 1319 2868 1547 2925; x_wconf 89' lang='lat' dir='ltr'><strong>dicendo</strong></span> <span class='ocrx_word' id='word_1_174' title='bbox 1579 2888 1592 2924; x_wconf 87' lang='lat'><strong>:</strong></span> <span class='ocrx_word' id='word_1_175' title='bbox 1625 2867 1787 2923; x_wconf 87' lang='lat' dir='ltr'><strong>Tanti</strong></span> <span class='ocrx_word' id='word_1_176' title='bbox 1822 2883 1955 2923; x_wconf 85' lang='lat' dir='ltr'><strong>ven-</strong></span> 
     </span>
    </p>
   </div>
   <div class='ocr_carea' id='block_1_31' title="bbox 373 2961 1954 3033">
    <p class='ocr_par' dir='ltr' id='par_1_31' title="bbox 373 2961 1954 3033">
     <span class='ocr_line' id='line_1_31' title="bbox 373 2961 1954 3033; baseline -0.006 -10"><span class='ocrx_word' id='word_1_177' title='bbox 373 2968 521 3023; x_wconf 88' lang='lat' dir='ltr'><strong>ditur</strong></span> <span class='ocrx_word' id='word_1_178' title='bbox 550 2976 726 3024; x_wconf 89' lang='lat' dir='ltr'><strong>status</strong></span> <span class='ocrx_word' id='word_1_179' title='bbox 759 2965 997 3021; x_wconf 89' lang='lat' dir='ltr'><strong>hominis</strong></span> <span class='ocrx_word' id='word_1_180' title='bbox 1028 2964 1177 3019; x_wconf 88' lang='lat' dir='ltr'><strong>omni</strong></span> <span class='ocrx_word' id='word_1_181' title='bbox 1200 2964 1437 3019; x_wconf 85' lang='lat' dir='ltr'><strong>carentis</strong></span> <span class='ocrx_word' id='word_1_182' title='bbox 1473 2962 1751 3033; x_wconf 89' lang='lat' dir='ltr'><strong>passione,</strong></span> <span class='ocrx_word' id='word_1_183' title='bbox 1788 2961 1954 3016; x_wconf 90' lang='lat' dir='ltr'><strong>tanti-</strong></span> 
     </span>
    </p>
   </div>
   <div class='ocr_carea' id='block_1_32' title="bbox 2059 546 3618 627">
    <p class='ocr_par' dir='ltr' id='par_1_32' title="bbox 2059 546 3618 627">
     <span class='ocr_line' id='line_1_32' title="bbox 2059 546 3618 627; baseline -0.008 -19"><span class='ocrx_word' id='word_1_184' title='bbox 2059 555 2250 627; x_wconf 85' lang='grc' dir='ltr'>ρήσεις</span> <span class='ocrx_word' id='word_1_185' title='bbox 2277 553 2530 622; x_wconf 82' lang='grc' dir='ltr'>δύναμιν,</span> <span class='ocrx_word' id='word_1_186' title='bbox 2568 550 2703 621; x_wconf 84' lang='grc' dir='ltr'>πρὸς</span> <span class='ocrx_word' id='word_1_187' title='bbox 2736 548 2910 603; x_wconf 83' lang='grc' dir='ltr'>ταῦτα</span> <span class='ocrx_word' id='word_1_188' title='bbox 2937 546 3269 618; x_wconf 77' lang='grc' dir='ltr'><strong>ἐγκράτειαν</strong></span> <span class='ocrx_word' id='word_1_189' title='bbox 3287 562 3301 574; x_wconf 83' lang='lat'><strong><em>°</em></strong></span> <span class='ocrx_word' id='word_1_190' title='bbox 3350 546 3451 597; x_wconf 70' lang='grc' dir='ltr'><strong>ἐὰν</strong></span> <span class='ocrx_word' id='word_1_191' title='bbox 3478 548 3618 609; x_wconf 80' lang='grc' dir='ltr'>πόνος</span> 
     </span>
    </p>
   </div>
   <div class='ocr_carea' id='block_1_33' title="bbox 2059 636 3623 719">
    <p class='ocr_par' dir='ltr' id='par_1_33' title="bbox 2059 636 3623 719">
     <span class='ocr_line' id='line_1_33' title="bbox 2059 636 3623 719; baseline -0.009 -19"><span class='ocrx_word' id='word_1_192' title='bbox 2059 646 2463 719; x_wconf 85' lang='grc' dir='ltr'>προσφέρηται,</span> <span class='ocrx_word' id='word_1_193' title='bbox 2491 644 2750 714; x_wconf 82' lang='grc' dir='ltr'><strong>εὑρήσεις</strong></span> <span class='ocrx_word' id='word_1_194' title='bbox 2776 640 3095 712; x_wconf 80' lang='grc' dir='ltr'><strong>καρτερίαν,</strong></span> <span class='ocrx_word' id='word_1_195' title='bbox 3129 637 3225 692; x_wconf 74' lang='grc' dir='ltr'><strong>ἐὰν</strong></span> <span class='ocrx_word' id='word_1_196' title='bbox 3259 637 3319 691; x_wconf 83' lang='grc' dir='ltr'>δὲ</span> <span class='ocrx_word' id='word_1_197' title='bbox 3347 636 3623 707; x_wconf 72' lang='grc' dir='ltr'><strong>λοιδορίαν,</strong></span> 
     </span>
    </p>
   </div>
   <div class='ocr_carea' id='block_1_34' title="bbox 2058 728 3623 812">
    <p class='ocr_par' dir='ltr' id='par_1_34' title="bbox 2058 728 3623 812">
     <span class='ocr_line' id='line_1_34' title="bbox 2058 728 3623 812; baseline -0.008 -18"><span class='ocrx_word' id='word_1_198' title='bbox 2058 741 2310 812; x_wconf 82' lang='grc' dir='ltr'>εὑρήσεις</span> <span class='ocrx_word' id='word_1_199' title='bbox 2342 736 2717 801; x_wconf 81' lang='grc' dir='ltr'><strong>ἀνεξικακίαν,</strong></span> <span class='ocrx_word' id='word_1_200' title='bbox 2763 733 2861 788; x_wconf 76' lang='grc' dir='ltr'>καὶ</span> <span class='ocrx_word' id='word_1_201' title='bbox 2887 732 3061 797; x_wconf 80' lang='grc' dir='ltr'>οὕτως</span> <span class='ocrx_word' id='word_1_202' title='bbox 3090 728 3415 801; x_wconf 74' lang='grc' dir='ltr'>ὲθιξόμενόν</span> <span class='ocrx_word' id='word_1_203' title='bbox 3455 748 3533 794; x_wconf 87' lang='grc' dir='ltr'><strong>σε,</strong></span> <span class='ocrx_word' id='word_1_204' title='bbox 3570 732 3623 783; x_wconf 80' lang='grc' dir='ltr'>οὐ</span> 
     </span>
    </p>
   </div>
   <div class='ocr_carea' id='block_1_35' title="bbox 2060 825 2987 903">
    <p class='ocr_par' dir='ltr' id='par_1_35' title="bbox 2060 825 2987 903">
     <span class='ocr_line' id='line_1_35' title="bbox 2060 825 2987 903; baseline -0.009 -17"><span class='ocrx_word' id='word_1_205' title='bbox 2060 828 2470 903; x_wconf 80' lang='grc' dir='ltr'>συναρπάσουσι</span> <span class='ocrx_word' id='word_1_206' title='bbox 2500 845 2561 882; x_wconf 91' lang='grc' dir='ltr'><strong>σε</strong></span> <span class='ocrx_word' id='word_1_207' title='bbox 2590 829 2648 881; x_wconf 79' lang='lat' dir='ltr'><strong>at</strong></span> <span class='ocrx_word' id='word_1_208' title='bbox 2677 825 2987 897; x_wconf 76' lang='grc' dir='ltr'><strong>φαντασίαι.</strong></span> 
     </span>
    </p>
   </div>
   <div class='ocr_carea' id='block_1_36' title="bbox 2642 1022 3043 1077">
    <p class='ocr_par' dir='ltr' id='par_1_36' title="bbox 2642 1022 3043 1077">
     <span class='ocr_line' id='line_1_36' title="bbox 2642 1022 3043 1077; baseline 0 0"><span class='ocrx_word' id='word_1_209' title='bbox 2642 1024 2897 1077; x_wconf 75' lang='grc' dir='ltr'><strong>ΚΕΦΔΛ.</strong></span> <span class='ocrx_word' id='word_1_210' title='bbox 2939 1022 3007 1074; x_wconf 86' lang='grc' dir='ltr'><strong>ΙΛ</strong></span> <span class='ocrx_word' id='word_1_211' title='bbox 3028 1062 3043 1077; x_wconf 95' lang='grc'><strong>.</strong></span> 
     </span>
    </p>
   </div>
   <div class='ocr_carea' id='block_1_37' title="bbox 2128 1132 3633 1211">
    <p class='ocr_par' dir='ltr' id='par_1_37' title="bbox 2128 1132 3633 1211">
     <span class='ocr_line' id='line_1_37' title="bbox 2128 1132 3633 1211; baseline -0.008 -15"><span class='ocrx_word' id='word_1_212' title='bbox 2128 1141 2415 1210; x_wconf 89' lang='grc' dir='ltr'>Μηδέποτε</span> <span class='ocrx_word' id='word_1_213' title='bbox 2446 1139 2538 1192; x_wconf 74' lang='grc' dir='ltr'><strong>ἐπὶ</strong></span> <span class='ocrx_word' id='word_1_214' title='bbox 2564 1137 2789 1211; x_wconf 80' lang='grc' dir='ltr'>μηδενὸς</span> <span class='ocrx_word' id='word_1_215' title='bbox 2831 1136 3012 1210; x_wconf 80' lang='grc' dir='ltr'><strong>εἴπῃς,</strong></span> <span class='ocrx_word' id='word_1_216' title='bbox 3043 1136 3127 1189; x_wconf 81' lang='grc' dir='ltr'>ὅτι</span> <span class='ocrx_word' id='word_1_217' title='bbox 3159 1132 3461 1198; x_wconf 81' lang='grc' dir='ltr'>ἀπώλεσας</span> <span class='ocrx_word' id='word_1_218' title='bbox 3490 1132 3633 1194; x_wconf 68' lang='grc' dir='ltr'>αὑτὸ,</span> 
     </span>
    </p>
   </div>
   <div class='ocr_carea' id='block_1_38' title="bbox 2058 1223 3633 1298">
    <p class='ocr_par' dir='ltr' id='par_1_38' title="bbox 2058 1223 3633 1298">
     <span class='ocr_line' id='line_1_38' title="bbox 2058 1223 3633 1298; baseline -0.01 -10"><span class='ocrx_word' id='word_1_219' title='bbox 2058 1233 2174 1288; x_wconf 86' lang='grc' dir='ltr'>ἀλλ’</span> <span class='ocrx_word' id='word_1_220' title='bbox 2202 1234 2286 1286; x_wconf 83' lang='grc' dir='ltr'>ὃτι</span> <span class='ocrx_word' id='word_1_221' title='bbox 2311 1230 2603 1294; x_wconf 82' lang='grc' dir='ltr'><strong>ἀπέδωκας</strong></span> <span class='ocrx_word' id='word_1_222' title='bbox 2625 1245 2639 1261; x_wconf 80' lang='grc'><strong><em>⁸</em></strong></span> <span class='ocrx_word' id='word_1_223' title='bbox 2657 1230 2719 1282; x_wconf 86' lang='grc' dir='ltr'>τὸ</span> <span class='ocrx_word' id='word_1_224' title='bbox 2740 1228 3025 1298; x_wconf 76' lang='grc' dir='ltr'>παιδάριον</span> <span class='ocrx_word' id='word_1_225' title='bbox 3054 1224 3349 1289; x_wconf 84' lang='grc' dir='ltr'>ἀπέθανεν,</span> <span class='ocrx_word' id='word_1_226' title='bbox 3378 1223 3633 1293; x_wconf 72' lang='grc' dir='ltr'>ἀπεδόθη·</span> 
     </span>
    </p>
   </div>
   <div class='ocr_carea' id='block_1_39' title="bbox 2060 1316 3635 1397">
    <p class='ocr_par' dir='ltr' id='par_1_39' title="bbox 2060 1316 3635 1397">
     <span class='ocr_line' id='line_1_39' title="bbox 2060 1316 3635 1397; baseline -0.015 -15"><span class='ocrx_word' id='word_1_227' title='bbox 2060 1328 2093 1397; x_wconf 85' lang='grc' dir='ltr'>ὴ</span> <span class='ocrx_word' id='word_1_228' title='bbox 2122 1326 2259 1397; x_wconf 85' lang='grc' dir='ltr'>γυνὴ</span> <span class='ocrx_word' id='word_1_229' title='bbox 2288 1324 2582 1385; x_wconf 85' lang='grc' dir='ltr'>ἀπέθανεν,</span> <span class='ocrx_word' id='word_1_230' title='bbox 2616 1319 2877 1388; x_wconf 78' lang='grc' dir='ltr'>ἀπεδόθη,</span> <span class='ocrx_word' id='word_1_231' title='bbox 2922 1318 2983 1371; x_wconf 87' lang='grc' dir='ltr'>τὸ</span> <span class='ocrx_word' id='word_1_232' title='bbox 3013 1318 3210 1389; x_wconf 87' lang='grc' dir='ltr'>χωρίον</span> <span class='ocrx_word' id='word_1_233' title='bbox 3245 1316 3529 1389; x_wconf 72' lang='grc' dir='ltr'>ἀφῃρέθη,</span> <span class='ocrx_word' id='word_1_234' title='bbox 3547 1317 3635 1367; x_wconf 67' lang='grc' dir='ltr'><strong>οὺ-</strong></span> 
     </span>
    </p>
   </div>
   <div class='ocr_carea' id='block_1_40' title="bbox 2060 1405 3639 1485">
    <p class='ocr_par' dir='ltr' id='par_1_40' title="bbox 2060 1405 3639 1485">
     <span class='ocr_line' id='line_1_40' title="bbox 2060 1405 3639 1485; baseline -0.01 -13"><span class='ocrx_word' id='word_1_235' title='bbox 2060 1417 2191 1473; x_wconf 79' lang='grc' dir='ltr'>κοῦν</span> <span class='ocrx_word' id='word_1_236' title='bbox 2246 1415 2506 1485; x_wconf 86' lang='grc' dir='ltr'>ἀπεδόθη,</span> <span class='ocrx_word' id='word_1_237' title='bbox 2540 1411 2678 1465; x_wconf 86' lang='grc' dir='ltr'>ἀλλὰ</span> <span class='ocrx_word' id='word_1_238' title='bbox 2722 1410 2891 1472; x_wconf 83' lang='grc' dir='ltr'>κακὸς</span> <span class='ocrx_word' id='word_1_239' title='bbox 2925 1410 2953 1462; x_wconf 85' lang='grc' dir='ltr'>ὁ</span> <span class='ocrx_word' id='word_1_240' title='bbox 2985 1406 3341 1478; x_wconf 72' lang='grc' dir='ltr'>ἀφελόμενος.</span> <span class='ocrx_word' id='word_1_241' title='bbox 3382 1406 3453 1458; x_wconf 90' lang='grc' dir='ltr'>Τί</span> <span class='ocrx_word' id='word_1_242' title='bbox 3478 1405 3538 1457; x_wconf 87' lang='grc' dir='ltr'><strong>δέ</strong></span> <span class='ocrx_word' id='word_1_243' title='bbox 3562 1422 3639 1457; x_wconf 85' lang='grc' dir='ltr'><strong>σοι</strong></span> 
     </span>
    </p>
   </div>
   <div class='ocr_carea' id='block_1_41' title="bbox 2063 1497 3640 1584">
    <p class='ocr_par' dir='ltr' id='par_1_41' title="bbox 2063 1497 3640 1584">
     <span class='ocr_line' id='line_1_41' title="bbox 2063 1497 3640 1584; baseline -0.01 -19"><span class='ocrx_word' id='word_1_244' title='bbox 2063 1512 2234 1584; x_wconf 84' lang='grc' dir='ltr'>μέλει,</span> <span class='ocrx_word' id='word_1_245' title='bbox 2254 1510 2389 1564; x_wconf 80' lang='grc' dir='ltr'>διότι</span> <span class='ocrx_word' id='word_1_246' title='bbox 2415 1507 2694 1577; x_wconf 83' lang='grc' dir='ltr'>ἀπῄτησεν</span> <span class='ocrx_word' id='word_1_247' title='bbox 2719 1506 2747 1556; x_wconf 84' lang='grc' dir='ltr'>ὁ</span> <span class='ocrx_word' id='word_1_248' title='bbox 2767 1502 2890 1565; x_wconf 86' lang='grc' dir='ltr'>δούς</span> <span class='ocrx_word' id='word_1_249' title='bbox 2912 1501 3121 1572; x_wconf 75' lang='grc' dir='ltr'>ςΜέχρι</span> <span class='ocrx_word' id='word_1_250' title='bbox 3145 1500 3190 1553; x_wconf 76' lang='grc' dir='ltr'>δ’</span> <span class='ocrx_word' id='word_1_251' title='bbox 3213 1500 3281 1553; x_wconf 82' lang='grc' dir='ltr'>ἂν</span> <span class='ocrx_word' id='word_1_252' title='bbox 3303 1499 3554 1564; x_wconf 84' lang='grc' dir='ltr'>διδῶται,</span> <span class='ocrx_word' id='word_1_253' title='bbox 3569 1497 3640 1559; x_wconf 84' lang='grc' dir='ltr'><strong>ὡς</strong></span> 
     </span>
    </p>
   </div>
   <div class='ocr_carea' id='block_1_42' title="bbox 2058 1591 3642 1673">
    <p class='ocr_par' dir='ltr' id='par_1_42' title="bbox 2058 1591 3642 1673">
     <span class='ocr_line' id='line_1_42' title="bbox 2058 1591 3642 1673; baseline -0.011 -16"><span class='ocrx_word' id='word_1_254' title='bbox 2058 1600 2356 1673; x_wconf 88' lang='grc' dir='ltr'>ἀλλοτρίων</span> <span class='ocrx_word' id='word_1_255' title='bbox 2386 1597 2566 1653; x_wconf 81' lang='grc' dir='ltr'>αὐτῶν</span> <span class='ocrx_word' id='word_1_256' title='bbox 2593 1592 2966 1665; x_wconf 82' lang='grc' dir='ltr'>ὲπιμελοῦ,ὼς</span> <span class='ocrx_word' id='word_1_257' title='bbox 2996 1591 3089 1646; x_wconf 78' lang='grc' dir='ltr'>τοῦ</span> <span class='ocrx_word' id='word_1_258' title='bbox 3117 1592 3443 1663; x_wconf 75' lang='grc' dir='ltr'>πανδοκείου</span> <span class='ocrx_word' id='word_1_259' title='bbox 3464 1591 3513 1643; x_wconf 88' lang='grc' dir='ltr'><strong>οί</strong></span> <span class='ocrx_word' id='word_1_260' title='bbox 3540 1606 3642 1641; x_wconf 80' lang='grc' dir='ltr'>πα-</span> 
     </span>
    </p>
   </div>
   <div class='ocr_carea' id='block_1_43' title="bbox 2064 1696 2290 1767">
    <p class='ocr_par' dir='ltr' id='par_1_43' title="bbox 2064 1696 2290 1767">
     <span class='ocr_line' id='line_1_43' title="bbox 2064 1696 2290 1767; baseline 0 -19"><span class='ocrx_word' id='word_1_261' title='bbox 2064 1696 2290 1767; x_wconf 87' lang='grc' dir='ltr'>ριόντες.</span> 
     </span>
    </p>
   </div>
   <div class='ocr_carea' id='block_1_44' title="bbox 2644 1890 3053 1957">
    <p class='ocr_par' dir='ltr' id='par_1_44' title="bbox 2644 1890 3053 1957">
     <span class='ocr_line' id='line_1_44' title="bbox 2644 1890 3053 1957; baseline -0.007 -14"><span class='ocrx_word' id='word_1_262' title='bbox 2644 1890 2895 1943; x_wconf 78' lang='grc' dir='ltr'><strong>ΚΕΦΑΛ.</strong></span> <span class='ocrx_word' id='word_1_263' title='bbox 2935 1890 3053 1957; x_wconf 63' lang='grc' dir='ltr'>ις’.</span> 
     </span>
    </p>
   </div>
   <div class='ocr_carea' id='block_1_45' title="bbox 2126 1995 3649 2081">
    <p class='ocr_par' dir='ltr' id='par_1_45' title="bbox 2126 1995 3649 2081">
     <span class='ocr_line' id='line_1_45' title="bbox 2126 1995 3649 2081; baseline -0.013 -16"><span class='ocrx_word' id='word_1_264' title='bbox 2126 2012 2191 2065; x_wconf 77' lang='lat' dir='ltr'><strong>Et</strong></span> <span class='ocrx_word' id='word_1_265' title='bbox 2241 2006 2513 2081; x_wconf 67' lang='grc' dir='ltr'>προκόψαι</span> <span class='ocrx_word' id='word_1_266' title='bbox 2563 2004 2772 2071; x_wconf 85' lang='grc' dir='ltr'>θέλεις,</span> <span class='ocrx_word' id='word_1_267' title='bbox 2828 2002 2965 2070; x_wconf 79' lang='grc' dir='ltr'>ἄφες</span> <span class='ocrx_word' id='word_1_268' title='bbox 3018 2002 3147 2061; x_wconf 72' lang='grc' dir='ltr'>τοὺς</span> <span class='ocrx_word' id='word_1_269' title='bbox 3190 1997 3479 2058; x_wconf 80' lang='grc' dir='ltr'>τοιούτους</span> <span class='ocrx_word' id='word_1_270' title='bbox 3530 1995 3649 2047; x_wconf 74' lang='grc' dir='ltr'>ἑπι-</span> 
     </span>
    </p>
   </div>
   <div class='ocr_carea' id='block_1_46' title="bbox 2055 2088 3649 2173">
    <p class='ocr_par' dir='ltr' id='par_1_46' title="bbox 2055 2088 3649 2173">
     <span class='ocr_line' id='line_1_46' title="bbox 2055 2088 3649 2173; baseline -0.013 -16"><span class='ocrx_word' id='word_1_271' title='bbox 2055 2100 2354 2173; x_wconf 86' lang='grc' dir='ltr'>λογισμούς</span> <span class='ocrx_word' id='word_1_272' title='bbox 2382 2100 2503 2152; x_wconf 77' lang='grc' dir='ltr'><strong>’Ἂν</strong></span> <span class='ocrx_word' id='word_1_273' title='bbox 2537 2096 2798 2167; x_wconf 76' lang='grc' dir='ltr'>ἀμελήσω</span> <span class='ocrx_word' id='word_1_274' title='bbox 2827 2093 2939 2146; x_wconf 82' lang='grc' dir='ltr'><strong>τῶν</strong></span> <span class='ocrx_word' id='word_1_275' title='bbox 2967 2090 3255 2163; x_wconf 82' lang='grc' dir='ltr'>ὲμῶν,ούχ</span> <span class='ocrx_word' id='word_1_276' title='bbox 3280 2089 3392 2153; x_wconf 80' lang='grc' dir='ltr'><strong>’ἐξω</strong></span> <span class='ocrx_word' id='word_1_277' title='bbox 3426 2088 3649 2159; x_wconf 80' lang='grc' dir='ltr'>διατρο-</span> 
     </span>
    </p>
   </div>
   <div class='ocr_carea' id='block_1_47' title="bbox 2054 2179 3647 2266">
    <p class='ocr_par' dir='ltr' id='par_1_47' title="bbox 2054 2179 3647 2266">
     <span class='ocr_line' id='line_1_47' title="bbox 2054 2179 3647 2266; baseline -0.011 -16"><span class='ocrx_word' id='word_1_278' title='bbox 2054 2195 2184 2266; x_wconf 83' lang='grc' dir='ltr'>φὴν,</span> <span class='ocrx_word' id='word_1_279' title='bbox 2239 2194 2305 2248; x_wconf 89' lang='grc' dir='ltr'>ἂν</span> <span class='ocrx_word' id='word_1_280' title='bbox 2359 2191 2434 2264; x_wconf 82' lang='grc' dir='ltr'>μὴ</span> <span class='ocrx_word' id='word_1_281' title='bbox 2491 2190 2707 2245; x_wconf 82' lang='grc' dir='ltr'>κολάσω</span> <span class='ocrx_word' id='word_1_282' title='bbox 2761 2185 2853 2239; x_wconf 81' lang='grc' dir='ltr'>τὸν</span> <span class='ocrx_word' id='word_1_283' title='bbox 2903 2184 3103 2246; x_wconf 85' lang='grc' dir='ltr'>παῖδα,</span> <span class='ocrx_word' id='word_1_284' title='bbox 3157 2182 3403 2252; x_wconf 74' lang='grc' dir='ltr'>πονηρὸς</span> <span class='ocrx_word' id='word_1_285' title='bbox 3466 2179 3647 2232; x_wconf 74' lang='grc' dir='ltr'>ἔσται.</span> 
     </span>
    </p>
   </div>
   <div class='ocr_carea' id='block_1_48' title="bbox 2054 2271 3649 2362">
    <p class='ocr_par' dir='ltr' id='par_1_48' title="bbox 2054 2271 3649 2362">
     <span class='ocr_line' id='line_1_48' title="bbox 2054 2271 3649 2362; baseline -0.014 -17"><span class='ocrx_word' id='word_1_286' title='bbox 2054 2292 2325 2362; x_wconf 78' lang='grc' dir='ltr'>Κρεῖσσον</span> <span class='ocrx_word' id='word_1_287' title='bbox 2371 2288 2480 2357; x_wconf 87' lang='grc' dir='ltr'><strong>γάρ</strong></span> <span class='ocrx_word' id='word_1_288' title='bbox 2527 2288 2645 2338; x_wconf 78' lang='grc' dir='ltr'>ἐστι</span> <span class='ocrx_word' id='word_1_289' title='bbox 2698 2281 2843 2352; x_wconf 86' lang='grc' dir='ltr'><strong>λιμῷ</strong></span> <span class='ocrx_word' id='word_1_290' title='bbox 2895 2276 3185 2333; x_wconf 82' lang='grc' dir='ltr'>ἀποθανεῖν</span> <span class='ocrx_word' id='word_1_291' title='bbox 3231 2273 3489 2342; x_wconf 68' lang='grc' dir='ltr'>ἄφοδον,</span> <span class='ocrx_word' id='word_1_292' title='bbox 3551 2271 3649 2324; x_wconf 82' lang='grc' dir='ltr'>καὶ</span> 
     </span>
    </p>
   </div>
   <div class='ocr_carea' id='block_1_49' title="bbox 2054 2365 3647 2450">
    <p class='ocr_par' dir='ltr' id='par_1_49' title="bbox 2054 2365 3647 2450">
     <span class='ocr_line' id='line_1_49' title="bbox 2054 2365 3647 2450; baseline -0.014 -14"><span class='ocrx_word' id='word_1_293' title='bbox 2054 2382 2260 2437; x_wconf 80' lang='grc' dir='ltr'>ἄλυπον</span> <span class='ocrx_word' id='word_1_294' title='bbox 2286 2380 2598 2450; x_wconf 87' lang='grc' dir='ltr'>γενόμενον,</span> <span class='ocrx_word' id='word_1_295' title='bbox 2635 2376 2670 2448; x_wconf 80' lang='grc' dir='ltr'>ἢ</span> <span class='ocrx_word' id='word_1_296' title='bbox 2700 2375 2797 2445; x_wconf 77' lang='grc' dir='ltr'>ζῇν</span> <span class='ocrx_word' id='word_1_297' title='bbox 2833 2375 2891 2426; x_wconf 82' lang='grc' dir='ltr'><strong>έν</strong></span> <span class='ocrx_word' id='word_1_298' title='bbox 2924 2371 3175 2440; x_wconf 75' lang='grc' dir='ltr'>ἀφθόνοις</span> <span class='ocrx_word' id='word_1_299' title='bbox 3201 2365 3647 2437; x_wconf 82' lang='grc' dir='ltr'>ταρασσόμενον,</span> 
     </span>
    </p>
   </div>
   <div class='ocr_carea' id='block_1_50' title="bbox 2054 2456 3649 2547">
    <p class='ocr_par' dir='ltr' id='par_1_50' title="bbox 2054 2456 3649 2547">
     <span class='ocr_line' id='line_1_50' title="bbox 2054 2456 3649 2547; baseline -0.011 -19"><span class='ocrx_word' id='word_1_300' title='bbox 2054 2477 2308 2547; x_wconf 86' lang='grc' dir='ltr'>κρεῖσσον</span> <span class='ocrx_word' id='word_1_301' title='bbox 2346 2473 2440 2526; x_wconf 77' lang='grc' dir='ltr'>καὶ</span> <span class='ocrx_word' id='word_1_302' title='bbox 2472 2471 2563 2524; x_wconf 69' lang='grc' dir='ltr'><strong>τὸν</strong></span> <span class='ocrx_word' id='word_1_303' title='bbox 2594 2468 2762 2523; x_wconf 83' lang='grc' dir='ltr'>παῖδα</span> <span class='ocrx_word' id='word_1_304' title='bbox 2794 2467 2962 2520; x_wconf 76' lang='grc' dir='ltr'>κακὸν</span> <span class='ocrx_word' id='word_1_305' title='bbox 2996 2459 3158 2529; x_wconf 81' lang='grc' dir='ltr'>εἶναι,</span> <span class='ocrx_word' id='word_1_306' title='bbox 3191 2461 3227 2533; x_wconf 83' lang='grc' dir='ltr'>ἢ</span> <span class='ocrx_word' id='word_1_307' title='bbox 3270 2460 3336 2513; x_wconf 83' lang='grc' dir='ltr'>σὲ</span> <span class='ocrx_word' id='word_1_308' title='bbox 3378 2456 3649 2512; x_wconf 79' lang='grc' dir='ltr'>κακοδαί-</span> 
     </span>
    </p>
   </div>
   <div class='ocr_carea' id='block_1_51' title="bbox 2058 2583 2216 2637">
    <p class='ocr_par' dir='ltr' id='par_1_51' title="bbox 2058 2583 2216 2637">
     <span class='ocr_line' id='line_1_51' title="bbox 2058 2583 2216 2637; baseline 0.006 -18"><span class='ocrx_word' id='word_1_309' title='bbox 2058 2583 2216 2637; x_wconf 88' lang='grc' dir='ltr'>μονα.</span> 
     </span>
    </p>
   </div>
   <div class='ocr_carea' id='block_1_52' title="bbox 2641 2667 3035 2728">
    <p class='ocr_par' dir='ltr' id='par_1_52' title="bbox 2641 2667 3035 2728">
     <span class='ocr_line' id='line_1_52' title="bbox 2641 2667 3035 2728; baseline -0.018 0"><span class='ocrx_word' id='word_1_310' title='bbox 2641 2671 2893 2728; x_wconf 76' lang='grc' dir='ltr'><strong>ΚΕΦΑΛ.</strong></span> <span class='ocrx_word' id='word_1_311' title='bbox 2935 2667 3035 2722; x_wconf 85' lang='lat' dir='ltr'><strong>IZ&#39;.</strong></span> 
     </span>
    </p>
   </div>
   <div class='ocr_carea' id='block_1_53' title="bbox 2128 2780 3651 2866">
    <p class='ocr_par' dir='ltr' id='par_1_53' title="bbox 2128 2780 3651 2866">
     <span class='ocr_line' id='line_1_53' title="bbox 2128 2780 3651 2866; baseline -0.009 -18"><span class='ocrx_word' id='word_1_312' title='bbox 2128 2794 2325 2866; x_wconf 80' lang='grc' dir='ltr'>Ἀρξαι</span> <span class='ocrx_word' id='word_1_313' title='bbox 2356 2789 2685 2861; x_wconf 65' lang='grc' dir='ltr'>τοιγαροῦνε</span> <span class='ocrx_word' id='word_1_314' title='bbox 2716 2787 2823 2840; x_wconf 86' lang='grc' dir='ltr'>ἀπὸ</span> <span class='ocrx_word' id='word_1_315' title='bbox 2863 2784 2973 2837; x_wconf 82' lang='grc' dir='ltr'>τῶν</span> <span class='ocrx_word' id='word_1_316' title='bbox 3024 2781 3238 2854; x_wconf 81' lang='grc' dir='ltr'>μικρῶν</span> <span class='ocrx_word' id='word_1_317' title='bbox 3284 2783 3539 2850; x_wconf 79' lang='grc' dir='ltr'>ἐκχεῖται</span> <span class='ocrx_word' id='word_1_318' title='bbox 3585 2780 3651 2834; x_wconf 75' lang='grc' dir='ltr'>τὸ</span> 
     </span>
    </p>
   </div>
   <div class='ocr_carea' id='block_1_54' title="bbox 2055 2871 3645 2951">
    <p class='ocr_par' dir='ltr' id='par_1_54' title="bbox 2055 2871 3645 2951">
     <span class='ocr_line' id='line_1_54' title="bbox 2055 2871 3645 2951; baseline -0.013 -10"><span class='ocrx_word' id='word_1_319' title='bbox 2055 2887 2285 2951; x_wconf 82' lang='grc' dir='ltr'>ὲλάδιον,</span> <span class='ocrx_word' id='word_1_320' title='bbox 2334 2884 2622 2937; x_wconf 76' lang='grc' dir='ltr'>κλέπτεται</span> <span class='ocrx_word' id='word_1_321' title='bbox 2669 2879 2731 2932; x_wconf 80' lang='grc' dir='ltr'>τὸ</span> <span class='ocrx_word' id='word_1_322' title='bbox 2777 2877 3017 2946; x_wconf 81' lang='grc' dir='ltr'>ὀνάριον,</span> <span class='ocrx_word' id='word_1_323' title='bbox 3071 2875 3327 2940; x_wconf 78' lang='grc' dir='ltr'>ὲπίλεγε·</span> <span class='ocrx_word' id='word_1_324' title='bbox 3366 2871 3645 2923; x_wconf 74' lang='grc' dir='ltr'>Τοσούτου</span> 
     </span>
    </p>
   </div>
   <div class='ocr_carea' id='block_1_55' title="bbox 2055 2964 3648 3037">
    <p class='ocr_par' dir='ltr' id='par_1_55' title="bbox 2055 2964 3648 3037">
     <span class='ocr_line' id='line_1_55' title="bbox 2055 2964 3648 3037; baseline -0.013 -3"><span class='ocrx_word' id='word_1_325' title='bbox 2055 2979 2320 3034; x_wconf 81' lang='grc' dir='ltr'>πωλεῖται</span> <span class='ocrx_word' id='word_1_326' title='bbox 2366 2974 2628 3036; x_wconf 83' lang='grc' dir='ltr'>ἀπάθεια,</span> <span class='ocrx_word' id='word_1_327' title='bbox 2678 2969 2936 3024; x_wconf 84' lang='grc' dir='ltr'>τοσούτου</span> <span class='ocrx_word' id='word_1_328' title='bbox 2988 2965 3277 3037; x_wconf 77' lang='grc' dir='ltr'>ἀταραξία,</span> <span class='ocrx_word' id='word_1_329' title='bbox 3328 2967 3541 3033; x_wconf 79' lang='grc' dir='ltr'>προῖκα</span> <span class='ocrx_word' id='word_1_330' title='bbox 3585 2964 3648 3015; x_wconf 71' lang='grc' dir='ltr'><strong>δι</strong></span> 
     </span>
    </p>
   </div>
   <div class='ocr_carea' id='block_1_56' title="bbox 374 3054 1951 3139">
    <p class='ocr_par' dir='ltr' id='par_1_56' title="bbox 374 3055 1951 3131">
     <span class='ocr_line' id='line_1_56' title="bbox 374 3055 1951 3131; baseline -0.004 -17"><span class='ocrx_word' id='word_1_331' title='bbox 374 3076 481 3131; x_wconf 91' lang='lat' dir='ltr'><strong>que</strong></span> <span class='ocrx_word' id='word_1_332' title='bbox 517 3059 881 3130; x_wconf 89' lang='lat' dir='ltr'><strong>tranquillitas</strong></span> <span class='ocrx_word' id='word_1_333' title='bbox 946 3057 1114 3113; x_wconf 88' lang='lat' dir='ltr'><strong>animi</strong></span> <span class='ocrx_word' id='word_1_334' title='bbox 1173 3056 1584 3127; x_wconf 85' lang='lat' dir='ltr'><strong>imperturbati;</strong></span> <span class='ocrx_word' id='word_1_335' title='bbox 1636 3055 1713 3110; x_wconf 90' lang='lat' dir='ltr'><strong>nil</strong></span> <span class='ocrx_word' id='word_1_336' title='bbox 1753 3055 1951 3110; x_wconf 89' lang='lat' dir='ltr'><strong>etenim</strong></span> 
     </span>
    </p>
   </div>
   <div class='ocr_carea' id='block_1_57' title="bbox 2078 3054 3647 3139">
    <p class='ocr_par' dir='ltr' id='par_1_57' title="bbox 2078 3054 3647 3139">
     <span class='ocr_line' id='line_1_57' title="bbox 2078 3054 3647 3139; baseline -0.01 -18"><span class='ocrx_word' id='word_1_337' title='bbox 2078 3070 2211 3124; x_wconf 78' lang='grc' dir='ltr'>›ύδὲν</span> <span class='ocrx_word' id='word_1_338' title='bbox 2240 3067 2595 3139; x_wconf 84' lang='grc' dir='ltr'>περιγίνεται.</span> <span class='ocrx_word' id='word_1_339' title='bbox 2637 3064 2802 3117; x_wconf 85' lang='grc' dir='ltr'>Ὅταν</span> <span class='ocrx_word' id='word_1_340' title='bbox 2832 3060 3006 3130; x_wconf 81' lang='grc' dir='ltr'>καλῇς</span> <span class='ocrx_word' id='word_1_341' title='bbox 3032 3058 3124 3111; x_wconf 83' lang='grc' dir='ltr'>τὸν</span> <span class='ocrx_word' id='word_1_342' title='bbox 3158 3057 3347 3121; x_wconf 81' lang='grc' dir='ltr'>παῖδα,</span> <span class='ocrx_word' id='word_1_343' title='bbox 3401 3054 3647 3125; x_wconf 75' lang='grc' dir='ltr'>ἐνθυμοῦ</span> 
     </span>
    </p>
   </div>
   <div class='ocr_carea' id='block_1_58' title="bbox 374 3131 1951 3229">
    <p class='ocr_par' dir='ltr' id='par_1_58' title="bbox 374 3149 1948 3224">
     <span class='ocr_line' id='line_1_58' title="bbox 374 3149 1948 3224; baseline -0.005 -17"><span class='ocrx_word' id='word_1_344' title='bbox 374 3153 545 3224; x_wconf 77' lang='lat' dir='ltr'><strong>gratis</strong></span> <span class='ocrx_word' id='word_1_345' title='bbox 599 3160 969 3224; x_wconf 89' lang='lat' dir='ltr'><strong>comparatur.</strong></span> <span class='ocrx_word' id='word_1_346' title='bbox 1025 3150 1257 3219; x_wconf 84' lang='lat' dir='ltr'><strong>Quando</strong></span> <span class='ocrx_word' id='word_1_347' title='bbox 1303 3149 1624 3204; x_wconf 84' lang='lat' dir='ltr'><strong>accersieris</strong></span> <span class='ocrx_word' id='word_1_348' title='bbox 1679 3162 1948 3217; x_wconf 90' lang='lat' dir='ltr'><strong>puerum,</strong></span> 
     </span>
    </p>
   </div>
   <div class='ocr_carea' id='block_1_59' title="bbox 2078 3131 3645 3229">
    <p class='ocr_par' dir='ltr' id='par_1_59' title="bbox 2078 3141 3645 3229">
     <span class='ocr_line' id='line_1_59' title="bbox 2078 3141 3645 3229; baseline -0.008 -18"><span class='ocrx_word' id='word_1_349' title='bbox 2078 3168 2134 3216; x_wconf 54' lang='grc' dir='ltr'><strong>ιτι</strong></span> <span class='ocrx_word' id='word_1_350' title='bbox 2175 3162 2236 3215; x_wconf 83' lang='grc' dir='ltr'>οὐ</span> <span class='ocrx_word' id='word_1_351' title='bbox 2273 3161 2501 3214; x_wconf 79' lang='grc' dir='ltr'>δύναται</span> <span class='ocrx_word' id='word_1_352' title='bbox 2539 3159 2573 3229; x_wconf 85' lang='grc' dir='ltr'>ἢ</span> <span class='ocrx_word' id='word_1_353' title='bbox 2610 3154 2929 3217; x_wconf 82' lang='grc' dir='ltr'>ὑπακούσας</span> <span class='ocrx_word' id='word_1_354' title='bbox 2961 3150 3098 3222; x_wconf 74' lang='grc' dir='ltr'>μηδὲ</span> <span class='ocrx_word' id='word_1_355' title='bbox 3137 3149 3389 3219; x_wconf 77' lang='grc' dir='ltr'>ποιῆσαι,</span> <span class='ocrx_word' id='word_1_356' title='bbox 3432 3141 3512 3200; x_wconf 79' lang='grc' dir='ltr'>ὧν</span> <span class='ocrx_word' id='word_1_357' title='bbox 3552 3146 3645 3199; x_wconf 65' lang='lat'><strong>65&#39;-</strong></span> 
     </span>
    </p>
   </div>
   <div class='ocr_carea' id='block_1_60' title="bbox 375 3241 1953 3317">
    <p class='ocr_par' dir='ltr' id='par_1_60' title="bbox 375 3241 1953 3317">
     <span class='ocr_line' id='line_1_60' title="bbox 375 3241 1953 3317; baseline -0.005 -16"><span class='ocrx_word' id='word_1_358' title='bbox 375 3247 553 3317; x_wconf 87' lang='lat' dir='ltr'><strong>cogita</strong></span> <span class='ocrx_word' id='word_1_359' title='bbox 591 3246 736 3315; x_wconf 90' lang='lat' dir='ltr'><strong>quod</strong></span> <span class='ocrx_word' id='word_1_360' title='bbox 788 3259 896 3298; x_wconf 88' lang='lat' dir='ltr'><strong>non</strong></span> <span class='ocrx_word' id='word_1_361' title='bbox 943 3252 1122 3314; x_wconf 89' lang='lat' dir='ltr'><strong>potest</strong></span> <span class='ocrx_word' id='word_1_362' title='bbox 1162 3243 1293 3316; x_wconf 90' lang='lat' dir='ltr'><strong>quid</strong></span> <span class='ocrx_word' id='word_1_363' title='bbox 1342 3241 1521 3297; x_wconf 82' lang='lat' dir='ltr'><strong>facere</strong></span> <span class='ocrx_word' id='word_1_364' title='bbox 1572 3256 1785 3306; x_wconf 90' lang='lat' dir='ltr'><strong>eorum,</strong></span> <span class='ocrx_word' id='word_1_365' title='bbox 1829 3253 1953 3310; x_wconf 70' lang='lat' dir='ltr'><strong>quae</strong></span> 
     </span>
    </p>
   </div>
   <div class='ocr_carea' id='block_1_61' title="bbox 376 3333 1952 3406">
    <p class='ocr_par' dir='ltr' id='par_1_61' title="bbox 376 3333 1952 3406">
     <span class='ocr_line' id='line_1_61' title="bbox 376 3333 1952 3406; baseline -0.004 -13"><span class='ocrx_word' id='word_1_366' title='bbox 376 3339 481 3405; x_wconf 88' lang='lat' dir='ltr'><strong>vis,</strong></span> <span class='ocrx_word' id='word_1_367' title='bbox 516 3339 622 3394; x_wconf 92' lang='lat' dir='ltr'><strong>nisi</strong></span> <span class='ocrx_word' id='word_1_368' title='bbox 653 3337 942 3402; x_wconf 86' lang='lat' dir='ltr'><strong>obedierit,</strong></span> <span class='ocrx_word' id='word_1_369' title='bbox 981 3336 1077 3391; x_wconf 91' lang='lat' dir='ltr'><strong>sed</strong></span> <span class='ocrx_word' id='word_1_370' title='bbox 1108 3350 1286 3406; x_wconf 90' lang='lat' dir='ltr'><strong>neque</strong></span> <span class='ocrx_word' id='word_1_371' title='bbox 1314 3334 1388 3390; x_wconf 90' lang='lat' dir='ltr'><strong>ita</strong></span> <span class='ocrx_word' id='word_1_372' title='bbox 1420 3335 1524 3405; x_wconf 91' lang='lat' dir='ltr'><strong>ipsi</strong></span> <span class='ocrx_word' id='word_1_373' title='bbox 1565 3334 1701 3389; x_wconf 88' lang='lat' dir='ltr'><strong>bene</strong></span> <span class='ocrx_word' id='word_1_374' title='bbox 1726 3344 1840 3401; x_wconf 88' lang='lat' dir='ltr'><strong>est;</strong></span> <span class='ocrx_word' id='word_1_375' title='bbox 1874 3333 1952 3387; x_wconf 89' lang='lat' dir='ltr'><strong>ita</strong></span> 
     </span>
    </p>
   </div>
   <div class='ocr_carea' id='block_1_62' title="bbox 377 3429 1506 3505">
    <p class='ocr_par' dir='ltr' id='par_1_62' title="bbox 377 3429 1506 3505">
     <span class='ocr_line' id='line_1_62' title="bbox 377 3429 1506 3505; baseline -0.004 -18"><span class='ocrx_word' id='word_1_376' title='bbox 377 3444 437 3489; x_wconf 90' lang='lat' dir='ltr'><strong>ut</strong></span> <span class='ocrx_word' id='word_1_377' title='bbox 464 3432 521 3488; x_wconf 92' lang='lat' dir='ltr'><strong>in</strong></span> <span class='ocrx_word' id='word_1_378' title='bbox 549 3434 667 3505; x_wconf 91' lang='lat' dir='ltr'><strong>ipso</strong></span> <span class='ocrx_word' id='word_1_379' title='bbox 704 3432 796 3497; x_wconf 88' lang='lat' dir='ltr'><strong>sit,</strong></span> <span class='ocrx_word' id='word_1_380' title='bbox 826 3432 972 3504; x_wconf 84' lang='lat' dir='ltr'><strong>quod</strong></span> <span class='ocrx_word' id='word_1_381' title='bbox 1007 3438 1063 3487; x_wconf 93' lang='lat' dir='ltr'><strong>tu</strong></span> <span class='ocrx_word' id='word_1_382' title='bbox 1102 3445 1214 3485; x_wconf 89' lang='lat' dir='ltr'><strong>non</strong></span> <span class='ocrx_word' id='word_1_383' title='bbox 1247 3429 1506 3484; x_wconf 74' lang='lat' dir='ltr'><strong>tur-heris.</strong></span> 
     </span>
    </p>
   </div>
   <div class='ocr_carea' id='block_1_63' title="bbox 829 3541 1492 3619">
    <p class='ocr_par' dir='ltr' id='par_1_63' title="bbox 829 3541 1492 3619">
     <span class='ocr_line' id='line_1_63' title="bbox 829 3541 1492 3619; baseline -0.006 -16"><span class='ocrx_word' id='word_1_384' title='bbox 829 3546 990 3619; x_wconf 92' lang='lat'><strong>333</strong></span> <span class='ocrx_word' id='word_1_385' title='bbox 1020 3544 1252 3603; x_wconf 81' lang='lat' dir='ltr'><strong>CAPUT</strong></span> <span class='ocrx_word' id='word_1_386' title='bbox 1303 3541 1492 3602; x_wconf 81' lang='lat' dir='ltr'><strong>xvnt.</strong></span> 
     </span>
    </p>
   </div>
   <div class='ocr_carea' id='block_1_64' title="bbox 447 3657 1955 3734">
    <p class='ocr_par' dir='ltr' id='par_1_64' title="bbox 447 3657 1955 3734">
     <span class='ocr_line' id='line_1_64' title="bbox 447 3657 1955 3734; baseline -0.005 -15"><span class='ocrx_word' id='word_1_387' title='bbox 447 3664 508 3719; x_wconf 87' lang='lat' dir='ltr'><strong>Si</strong></span> <span class='ocrx_word' id='word_1_388' title='bbox 548 3664 704 3734; x_wconf 91' lang='lat' dir='ltr'><strong>cupis</strong></span> <span class='ocrx_word' id='word_1_389' title='bbox 728 3661 1033 3733; x_wconf 80' lang='lat' dir='ltr'><strong>profectum</strong></span> <span class='ocrx_word' id='word_1_390' title='bbox 1079 3660 1278 3729; x_wconf 79' lang='lat' dir='ltr'><strong>facere,</strong></span> <span class='ocrx_word' id='word_1_391' title='bbox 1317 3660 1549 3725; x_wconf 88' lang='lat' dir='ltr'><strong>sustine,</strong></span> <span class='ocrx_word' id='word_1_392' title='bbox 1591 3657 1739 3730; x_wconf 85' lang='lat' dir='ltr'><strong>quod</strong></span> <span class='ocrx_word' id='word_1_393' title='bbox 1785 3657 1955 3714; x_wconf 89' lang='lat' dir='ltr'><strong>homi-</strong></span> 
     </span>
    </p>
   </div>
   <div class='ocr_carea' id='block_1_65' title="bbox 376 3750 1951 3824">
    <p class='ocr_par' dir='ltr' id='par_1_65' title="bbox 376 3750 1951 3824">
     <span class='ocr_line' id='line_1_65' title="bbox 376 3750 1951 3824; baseline -0.003 -16"><span class='ocrx_word' id='word_1_394' title='bbox 376 3769 496 3819; x_wconf 89' lang='lat' dir='ltr'><strong>nes,</strong></span> <span class='ocrx_word' id='word_1_395' title='bbox 543 3763 761 3824; x_wconf 86' lang='lat' dir='ltr'><strong>propter</strong></span> <span class='ocrx_word' id='word_1_396' title='bbox 794 3768 878 3820; x_wconf 87' lang='lat' dir='ltr'><strong>ea,</strong></span> <span class='ocrx_word' id='word_1_397' title='bbox 909 3767 1033 3822; x_wconf 65' lang='lat' dir='ltr'><strong>quae</strong></span> <span class='ocrx_word' id='word_1_398' title='bbox 1076 3751 1318 3807; x_wconf 83' lang='lat' dir='ltr'><strong>exterius</strong></span> <span class='ocrx_word' id='word_1_399' title='bbox 1358 3750 1633 3817; x_wconf 88' lang='lat' dir='ltr'><strong>videntur,</strong></span> <span class='ocrx_word' id='word_1_400' title='bbox 1668 3751 1725 3805; x_wconf 91' lang='lat' dir='ltr'><strong>in</strong></span> <span class='ocrx_word' id='word_1_401' title='bbox 1770 3750 1951 3820; x_wconf 86' lang='lat' dir='ltr'><strong>aliqua</strong></span> 
     </span>
    </p>
   </div>
   <div class='ocr_carea' id='block_1_66' title="bbox 374 3841 1950 3909">
    <p class='ocr_par' dir='ltr' id='par_1_66' title="bbox 374 3841 1950 3909">
     <span class='ocr_line' id='line_1_66' title="bbox 374 3841 1950 3909; baseline -0.004 -8"><span class='ocrx_word' id='word_1_402' title='bbox 374 3847 487 3901; x_wconf 89' lang='lat' dir='ltr'><strong>sint</strong></span> <span class='ocrx_word' id='word_1_403' title='bbox 526 3846 973 3900; x_wconf 77' lang='lat' dir='ltr'><strong>existimatione:</strong></span> <span class='ocrx_word' id='word_1_404' title='bbox 1005 3853 1119 3907; x_wconf 90' lang='lat' dir='ltr'><strong>aut,</strong></span> <span class='ocrx_word' id='word_1_405' title='bbox 1168 3845 1215 3899; x_wconf 90' lang='lat' dir='ltr'><strong>si</strong></span> <span class='ocrx_word' id='word_1_406' title='bbox 1267 3852 1324 3899; x_wconf 92' lang='lat' dir='ltr'><strong>tu</strong></span> <span class='ocrx_word' id='word_1_407' title='bbox 1361 3858 1554 3899; x_wconf 80' lang='lat' dir='ltr'><strong>vecors</strong></span> <span class='ocrx_word' id='word_1_408' title='bbox 1599 3841 1790 3909; x_wconf 82' lang='lat' dir='ltr'><strong>fueris,</strong></span> <span class='ocrx_word' id='word_1_409' title='bbox 1842 3858 1950 3897; x_wconf 89' lang='lat' dir='ltr'><strong>non</strong></span> 
     </span>
    </p>
   </div>
   <div class='ocr_carea' id='block_1_67' title="bbox 375 3934 1951 4007">
    <p class='ocr_par' dir='ltr' id='par_1_67' title="bbox 375 3934 1951 4007">
     <span class='ocr_line' id='line_1_67' title="bbox 375 3934 1951 4007; baseline -0.002 -15"><span class='ocrx_word' id='word_1_410' title='bbox 375 3953 535 3993; x_wconf 78' lang='lat' dir='ltr'><strong>cures</strong></span> <span class='ocrx_word' id='word_1_411' title='bbox 585 3937 790 4007; x_wconf 90' lang='lat' dir='ltr'><strong>aliquid</strong></span> <span class='ocrx_word' id='word_1_412' title='bbox 842 3938 982 3991; x_wconf 88' lang='lat' dir='ltr'><strong>scire</strong></span> <span class='ocrx_word' id='word_1_413' title='bbox 1017 3954 1030 3991; x_wconf 93' lang='lat'>:</span> <span class='ocrx_word' id='word_1_414' title='bbox 1065 3935 1149 3991; x_wconf 91' lang='lat' dir='ltr'><strong>sin</strong></span> <span class='ocrx_word' id='word_1_415' title='bbox 1198 3950 1328 3990; x_wconf 89' lang='lat' dir='ltr'><strong>vero</strong></span> <span class='ocrx_word' id='word_1_416' title='bbox 1377 3934 1707 4005; x_wconf 82' lang='lat' dir='ltr'><strong>quibusdam</strong></span> <span class='ocrx_word' id='word_1_417' title='bbox 1753 3934 1951 4004; x_wconf 92' lang='lat' dir='ltr'><strong>aliquis</strong></span> 
     </span>
    </p>
   </div>
   <div class='ocr_carea' id='block_1_68' title="bbox 375 4026 1951 4098">
    <p class='ocr_par' dir='ltr' id='par_1_68' title="bbox 375 4026 1951 4098">
     <span class='ocr_line' id='line_1_68' title="bbox 375 4026 1951 4098; baseline -0.003 -14"><span class='ocrx_word' id='word_1_418' title='bbox 375 4045 498 4087; x_wconf 88' lang='lat' dir='ltr'><strong>esse</strong></span> <span class='ocrx_word' id='word_1_419' title='bbox 543 4029 799 4095; x_wconf 85' lang='lat' dir='ltr'><strong>videaris,</strong></span> <span class='ocrx_word' id='word_1_420' title='bbox 856 4045 925 4083; x_wconf 87' lang='lat' dir='ltr'><strong>ne</strong></span> <span class='ocrx_word' id='word_1_421' title='bbox 970 4028 1069 4083; x_wconf 88' lang='lat' dir='ltr'><strong>tibi</strong></span> <span class='ocrx_word' id='word_1_422' title='bbox 1125 4028 1229 4098; x_wconf 91' lang='lat' dir='ltr'><strong>ipsi</strong></span> <span class='ocrx_word' id='word_1_423' title='bbox 1279 4028 1439 4083; x_wconf 77' lang='lat' dir='ltr'><strong>[idem</strong></span> <span class='ocrx_word' id='word_1_424' title='bbox 1501 4035 1747 4097; x_wconf 64' lang='lat' dir='ltr'><strong>praestes.</strong></span> <span class='ocrx_word' id='word_1_425' title='bbox 1801 4026 1951 4081; x_wconf 90' lang='lat' dir='ltr'><strong>Scito</strong></span> 
     </span>
    </p>
   </div>
   <div class='ocr_carea' id='block_1_69' title="bbox 374 4118 1949 4191">
    <p class='ocr_par' dir='ltr' id='par_1_69' title="bbox 374 4118 1949 4191">
     <span class='ocr_line' id='line_1_69' title="bbox 374 4118 1949 4191; baseline -0.004 -15"><span class='ocrx_word' id='word_1_426' title='bbox 374 4122 543 4186; x_wconf 88' lang='lat' dir='ltr'><strong>enim,</strong></span> <span class='ocrx_word' id='word_1_427' title='bbox 573 4123 717 4191; x_wconf 87' lang='lat' dir='ltr'><strong>quod</strong></span> <span class='ocrx_word' id='word_1_428' title='bbox 760 4137 866 4176; x_wconf 87' lang='lat' dir='ltr'><strong>non</strong></span> <span class='ocrx_word' id='word_1_429' title='bbox 902 4120 1061 4176; x_wconf 82' lang='lat' dir='ltr'><strong>facile</strong></span> <span class='ocrx_word' id='word_1_430' title='bbox 1097 4129 1206 4187; x_wconf 84' lang='lat' dir='ltr'><strong>est,</strong></span> <span class='ocrx_word' id='word_1_431' title='bbox 1255 4120 1329 4174; x_wconf 93' lang='lat' dir='ltr'><strong>tui</strong></span> <span class='ocrx_word' id='word_1_432' title='bbox 1378 4119 1553 4190; x_wconf 81' lang='lat' dir='ltr'><strong>ipsius</strong></span> <span class='ocrx_word' id='word_1_433' title='bbox 1608 4118 1949 4189; x_wconf 87' lang='lat' dir='ltr'><strong>propositum</strong></span> 
     </span>
    </p>
   </div>
   <div class='ocr_carea' id='block_1_70' title="bbox 375 4211 1950 4285">
    <p class='ocr_par' dir='ltr' id='par_1_70' title="bbox 375 4211 1950 4285">
     <span class='ocr_line' id='line_1_70' title="bbox 375 4211 1950 4285; baseline -0.001 -18"><span class='ocrx_word' id='word_1_434' title='bbox 375 4224 585 4269; x_wconf 73' lang='lat' dir='ltr'><strong>natura:</strong></span> <span class='ocrx_word' id='word_1_435' title='bbox 623 4229 953 4285; x_wconf 71' lang='lat' dir='ltr'><strong>congruens,</strong></span> <span class='ocrx_word' id='word_1_436' title='bbox 983 4213 1257 4284; x_wconf 88' lang='lat' dir='ltr'><strong>simulque</strong></span> <span class='ocrx_word' id='word_1_437' title='bbox 1299 4228 1386 4269; x_wconf 90' lang='lat' dir='ltr'><strong>res</strong></span> <span class='ocrx_word' id='word_1_438' title='bbox 1429 4213 1733 4268; x_wconf 80' lang='lat' dir='ltr'><strong>exteriores</strong></span> <span class='ocrx_word' id='word_1_439' title='bbox 1760 4211 1950 4267; x_wconf 90' lang='lat' dir='ltr'><strong>obser-</strong></span> 
     </span>
    </p>
   </div>
   <div class='ocr_carea' id='block_1_71' title="bbox 374 4304 1946 4376">
    <p class='ocr_par' dir='ltr' id='par_1_71' title="bbox 374 4304 1946 4376">
     <span class='ocr_line' id='line_1_71' title="bbox 374 4304 1946 4376; baseline 0 -16"><span class='ocrx_word' id='word_1_440' title='bbox 374 4322 522 4361; x_wconf 90' lang='lat' dir='ltr'><strong>vare.</strong></span> <span class='ocrx_word' id='word_1_441' title='bbox 548 4306 651 4362; x_wconf 90' lang='lat' dir='ltr'><strong>Sed</strong></span> <span class='ocrx_word' id='word_1_442' title='bbox 676 4323 959 4363; x_wconf 89' lang='lat' dir='ltr'><strong>necessum</strong></span> <span class='ocrx_word' id='word_1_443' title='bbox 984 4307 1229 4374; x_wconf 90' lang='lat' dir='ltr'><strong>omnino,</strong></span> <span class='ocrx_word' id='word_1_444' title='bbox 1257 4314 1337 4373; x_wconf 90' lang='lat' dir='ltr'><strong>ut,</strong></span> <span class='ocrx_word' id='word_1_445' title='bbox 1363 4304 1497 4361; x_wconf 91' lang='lat' dir='ltr'><strong>dum</strong></span> <span class='ocrx_word' id='word_1_446' title='bbox 1528 4306 1693 4361; x_wconf 91' lang='lat' dir='ltr'><strong>unius</strong></span> <span class='ocrx_word' id='word_1_447' title='bbox 1723 4304 1946 4376; x_wconf 88' lang='lat' dir='ltr'><strong>satagis,</strong></span> 
     </span>
    </p>
   </div>
   <div class='ocr_carea' id='block_1_72' title="bbox 374 4400 899 4471">
    <p class='ocr_par' dir='ltr' id='par_1_72' title="bbox 374 4400 899 4471">
     <span class='ocr_line' id='line_1_72' title="bbox 374 4400 899 4471; baseline 0 -17"><span class='ocrx_word' id='word_1_448' title='bbox 374 4400 604 4455; x_wconf 84' lang='lat' dir='ltr'><strong>alterum</strong></span> <span class='ocrx_word' id='word_1_449' title='bbox 639 4400 899 4471; x_wconf 77' lang='lat' dir='ltr'><strong>negligas.</strong></span> 
     </span>
    </p>
   </div>
   <div class='ocr_carea' id='block_1_73' title="bbox 954 4526 1361 4584">
    <p class='ocr_par' dir='ltr' id='par_1_73' title="bbox 954 4526 1361 4584">
     <span class='ocr_line' id='line_1_73' title="bbox 954 4526 1361 4584; baseline 0 -1"><span class='ocrx_word' id='word_1_450' title='bbox 954 4526 1182 4584; x_wconf 85' lang='lat' dir='ltr'><strong>CAPUT</strong></span> <span class='ocrx_word' id='word_1_451' title='bbox 1224 4526 1361 4583; x_wconf 87' lang='lat' dir='ltr'><strong>XIX.</strong></span> 
     </span>
    </p>
   </div>
   <div class='ocr_carea' id='block_1_74' title="bbox 447 4636 1951 4710">
    <p class='ocr_par' dir='ltr' id='par_1_74' title="bbox 447 4636 1951 4710">
     <span class='ocr_line' id='line_1_74' title="bbox 447 4636 1951 4710; baseline 0.005 -18"><span class='ocrx_word' id='word_1_452' title='bbox 447 4636 505 4692; x_wconf 91' lang='lat' dir='ltr'><strong>Si</strong></span> <span class='ocrx_word' id='word_1_453' title='bbox 548 4636 703 4702; x_wconf 90' lang='lat' dir='ltr'><strong>velis,</strong></span> <span class='ocrx_word' id='word_1_454' title='bbox 746 4646 806 4691; x_wconf 94' lang='lat' dir='ltr'><strong>ut</strong></span> <span class='ocrx_word' id='word_1_455' title='bbox 847 4640 1102 4695; x_wconf 87' lang='lat' dir='ltr'><strong>omnibus</strong></span> <span class='ocrx_word' id='word_1_456' title='bbox 1132 4641 1312 4696; x_wconf 90' lang='lat' dir='ltr'><strong>modis</strong></span> <span class='ocrx_word' id='word_1_457' title='bbox 1351 4644 1430 4696; x_wconf 93' lang='lat' dir='ltr'><strong>tui</strong></span> <span class='ocrx_word' id='word_1_458' title='bbox 1463 4641 1581 4707; x_wconf 84' lang='lat' dir='ltr'><strong>ﬁlii,</strong></span> <span class='ocrx_word' id='word_1_459' title='bbox 1615 4652 1670 4699; x_wconf 88' lang='lat' dir='ltr'><strong>et</strong></span> <span class='ocrx_word' id='word_1_460' title='bbox 1702 4659 1862 4710; x_wconf 84' lang='lat' dir='ltr'><strong>uxor,</strong></span> <span class='ocrx_word' id='word_1_461' title='bbox 1896 4653 1951 4700; x_wconf 90' lang='lat' dir='ltr'><strong>et</strong></span> 
     </span>
    </p>
   </div>
   <div class='ocr_carea' id='block_1_75' title="bbox 373 4729 1948 4804">
    <p class='ocr_par' dir='ltr' id='par_1_75' title="bbox 373 4729 1948 4804">
     <span class='ocr_line' id='line_1_75' title="bbox 373 4729 1948 4804; baseline 0.003 -19"><span class='ocrx_word' id='word_1_462' title='bbox 373 4729 539 4785; x_wconf 86' lang='lat' dir='ltr'><strong>amici</strong></span> <span class='ocrx_word' id='word_1_463' title='bbox 572 4730 779 4795; x_wconf 82' lang='lat' dir='ltr'><strong>vivant,</strong></span> <span class='ocrx_word' id='word_1_464' title='bbox 809 4730 1010 4786; x_wconf 88' lang='lat' dir='ltr'><strong>stultus</strong></span> <span class='ocrx_word' id='word_1_465' title='bbox 1037 4745 1130 4798; x_wconf 91' lang='lat' dir='ltr'><strong>es;</strong></span> <span class='ocrx_word' id='word_1_466' title='bbox 1164 4747 1228 4786; x_wconf 90' lang='lat' dir='ltr'><strong>ea</strong></span> <span class='ocrx_word' id='word_1_467' title='bbox 1254 4733 1480 4798; x_wconf 88' lang='lat' dir='ltr'><strong>etenim,</strong></span> <span class='ocrx_word' id='word_1_468' title='bbox 1513 4749 1637 4804; x_wconf 65' lang='lat' dir='ltr'><strong>quae</strong></span> <span class='ocrx_word' id='word_1_469' title='bbox 1675 4735 1729 4789; x_wconf 90' lang='lat' dir='ltr'><strong>in</strong></span> <span class='ocrx_word' id='word_1_470' title='bbox 1763 4744 1814 4791; x_wconf 91' lang='lat' dir='ltr'><strong>te</strong></span> <span class='ocrx_word' id='word_1_471' title='bbox 1841 4751 1948 4789; x_wconf 89' lang='lat' dir='ltr'><strong>non</strong></span> 
     </span>
    </p>
   </div>
   <div class='ocr_carea' id='block_1_76' title="bbox 374 4823 1952 4894">
    <p class='ocr_par' dir='ltr' id='par_1_76' title="bbox 374 4823 1952 4894">
     <span class='ocr_line' id='line_1_76' title="bbox 374 4823 1952 4894; baseline 0.003 -17"><span class='ocrx_word' id='word_1_472' title='bbox 374 4828 523 4885; x_wconf 89' lang='lat' dir='ltr'><strong>sunt,</strong></span> <span class='ocrx_word' id='word_1_473' title='bbox 570 4823 650 4877; x_wconf 85' lang='lat' dir='ltr'><strong>vis</strong></span> <span class='ocrx_word' id='word_1_474' title='bbox 690 4831 746 4876; x_wconf 88' lang='lat' dir='ltr'><strong>ut</strong></span> <span class='ocrx_word' id='word_1_475' title='bbox 787 4824 917 4889; x_wconf 92' lang='lat' dir='ltr'><strong>sint,</strong></span> <span class='ocrx_word' id='word_1_476' title='bbox 969 4831 1024 4878; x_wconf 91' lang='lat' dir='ltr'><strong>et</strong></span> <span class='ocrx_word' id='word_1_477' title='bbox 1068 4838 1193 4894; x_wconf 63' lang='lat' dir='ltr'><strong>qua:</strong></span> <span class='ocrx_word' id='word_1_478' title='bbox 1244 4834 1373 4879; x_wconf 93' lang='lat' dir='ltr'><strong>sunt</strong></span> <span class='ocrx_word' id='word_1_479' title='bbox 1423 4826 1623 4890; x_wconf 89' lang='lat' dir='ltr'><strong>aliena,</strong></span> <span class='ocrx_word' id='word_1_480' title='bbox 1667 4836 1757 4881; x_wconf 90' lang='lat' dir='ltr'><strong>tua</strong></span> <span class='ocrx_word' id='word_1_481' title='bbox 1804 4828 1952 4883; x_wconf 82' lang='lat' dir='ltr'><strong>exsi-</strong></span> 
     </span>
    </p>
   </div>
   <div class='ocr_carea' id='block_1_77' title="bbox 373 4915 1949 4991">
    <p class='ocr_par' dir='ltr' id='par_1_77' title="bbox 373 4915 1949 4991">
     <span class='ocr_line' id='line_1_77' title="bbox 373 4915 1949 4991; baseline 0.004 -21"><span class='ocrx_word' id='word_1_482' title='bbox 373 4924 521 4970; x_wconf 78' lang='lat' dir='ltr'><strong>stant</strong></span> <span class='ocrx_word' id='word_1_483' title='bbox 551 4932 565 4968; x_wconf 87' lang='lat'><strong>:</strong></span> <span class='ocrx_word' id='word_1_484' title='bbox 593 4916 709 4984; x_wconf 91' lang='lat' dir='ltr'><strong>pari</strong></span> <span class='ocrx_word' id='word_1_485' title='bbox 736 4915 919 4983; x_wconf 90' lang='lat' dir='ltr'><strong>modo,</strong></span> <span class='ocrx_word' id='word_1_486' title='bbox 948 4916 995 4971; x_wconf 89' lang='lat' dir='ltr'><strong>si</strong></span> <span class='ocrx_word' id='word_1_487' title='bbox 1035 4918 1190 4983; x_wconf 90' lang='lat' dir='ltr'><strong>velis,</strong></span> <span class='ocrx_word' id='word_1_488' title='bbox 1222 4920 1367 4989; x_wconf 90' lang='lat' dir='ltr'><strong>quod</strong></span> <span class='ocrx_word' id='word_1_489' title='bbox 1403 4934 1540 4989; x_wconf 89' lang='lat' dir='ltr'><strong>puer</strong></span> <span class='ocrx_word' id='word_1_490' title='bbox 1567 4921 1791 4975; x_wconf 90' lang='lat' dir='ltr'><strong>minime</strong></span> <span class='ocrx_word' id='word_1_491' title='bbox 1817 4936 1949 4991; x_wconf 85' lang='lat' dir='ltr'><strong>pec-</strong></span> 
     </span>
    </p>
   </div>
   <div class='ocr_carea' id='block_1_78' title="bbox 374 5003 1945 5079">
    <p class='ocr_par' dir='ltr' id='par_1_78' title="bbox 374 5003 1945 5079">
     <span class='ocr_line' id='line_1_78' title="bbox 374 5003 1945 5079; baseline 0.004 -18"><span class='ocrx_word' id='word_1_492' title='bbox 374 5015 479 5071; x_wconf 74' lang='lat' dir='ltr'><strong>cet,</strong></span> <span class='ocrx_word' id='word_1_493' title='bbox 512 5003 699 5060; x_wconf 79' lang='lat' dir='ltr'><strong>fatuus</strong></span> <span class='ocrx_word' id='word_1_494' title='bbox 725 5020 819 5073; x_wconf 89' lang='lat' dir='ltr'><strong>es;</strong></span> <span class='ocrx_word' id='word_1_495' title='bbox 847 5008 929 5063; x_wconf 85' lang='lat' dir='ltr'><strong>vis</strong></span> <span class='ocrx_word' id='word_1_496' title='bbox 963 5022 1182 5079; x_wconf 89' lang='lat' dir='ltr'><strong>nempe,</strong></span> <span class='ocrx_word' id='word_1_497' title='bbox 1212 5010 1405 5064; x_wconf 91' lang='lat' dir='ltr'><strong>vitium</strong></span> <span class='ocrx_word' id='word_1_498' title='bbox 1436 5026 1545 5067; x_wconf 94' lang='lat' dir='ltr'><strong>non</strong></span> <span class='ocrx_word' id='word_1_499' title='bbox 1578 5026 1701 5068; x_wconf 87' lang='lat' dir='ltr'><strong>esse</strong></span> <span class='ocrx_word' id='word_1_500' title='bbox 1732 5014 1945 5079; x_wconf 87' lang='lat' dir='ltr'><strong>vitium,</strong></span> 
     </span>
    </p>
   </div>
   <div class='ocr_carea' id='block_1_79' title="bbox 373 5096 1950 5177">
    <p class='ocr_par' dir='ltr' id='par_1_79' title="bbox 373 5096 1950 5177">
     <span class='ocr_line' id='line_1_79' title="bbox 373 5096 1950 5177; baseline 0.006 -25"><span class='ocrx_word' id='word_1_501' title='bbox 373 5099 467 5152; x_wconf 87' lang='lat' dir='ltr'><strong>sed</strong></span> <span class='ocrx_word' id='word_1_502' title='bbox 510 5096 717 5167; x_wconf 85' lang='lat' dir='ltr'><strong>aliquid</strong></span> <span class='ocrx_word' id='word_1_503' title='bbox 754 5098 937 5165; x_wconf 88' lang='lat' dir='ltr'><strong>aliud;</strong></span> <span class='ocrx_word' id='word_1_504' title='bbox 985 5099 1070 5155; x_wconf 91' lang='lat' dir='ltr'><strong>sin</strong></span> <span class='ocrx_word' id='word_1_505' title='bbox 1119 5115 1248 5156; x_wconf 91' lang='lat' dir='ltr'><strong>vero</strong></span> <span class='ocrx_word' id='word_1_506' title='bbox 1283 5102 1416 5158; x_wconf 87' lang='lat' dir='ltr'><strong>velis</strong></span> <span class='ocrx_word' id='word_1_507' title='bbox 1466 5120 1533 5160; x_wconf 90' lang='lat' dir='ltr'><strong>eo</strong></span> <span class='ocrx_word' id='word_1_508' title='bbox 1558 5105 1702 5174; x_wconf 85' lang='lat' dir='ltr'><strong>quod</strong></span> <span class='ocrx_word' id='word_1_509' title='bbox 1743 5108 1950 5177; x_wconf 88' lang='lat' dir='ltr'><strong>appetis</strong></span> 
     </span>
    </p>
   </div>
   <div class='ocr_carea' id='block_1_80' title="bbox 373 5187 1951 5269">
    <p class='ocr_par' dir='ltr' id='par_1_80' title="bbox 373 5187 1951 5269">
     <span class='ocr_line' id='line_1_80' title="bbox 373 5187 1951 5269; baseline 0.006 -27"><span class='ocrx_word' id='word_1_510' title='bbox 373 5205 480 5243; x_wconf 89' lang='lat' dir='ltr'><strong>non</strong></span> <span class='ocrx_word' id='word_1_511' title='bbox 529 5187 805 5263; x_wconf 69' lang='lat' dir='ltr'><strong>frustrari,</strong></span> <span class='ocrx_word' id='word_1_512' title='bbox 853 5189 960 5246; x_wconf 91' lang='lat' dir='ltr'><strong>hoc</strong></span> <span class='ocrx_word' id='word_1_513' title='bbox 988 5193 1207 5263; x_wconf 87' lang='lat' dir='ltr'><strong>quidem</strong></span> <span class='ocrx_word' id='word_1_514' title='bbox 1248 5205 1422 5263; x_wconf 89' lang='lat' dir='ltr'><strong>potes,</strong></span> <span class='ocrx_word' id='word_1_515' title='bbox 1464 5210 1657 5251; x_wconf 80' lang='lat' dir='ltr'><strong>exerce</strong></span> <span class='ocrx_word' id='word_1_516' title='bbox 1688 5206 1740 5252; x_wconf 87' lang='lat' dir='ltr'><strong>te</strong></span> <span class='ocrx_word' id='word_1_517' title='bbox 1786 5199 1951 5269; x_wconf 85' lang='lat' dir='ltr'><strong>igitur</strong></span> 
     </span>
    </p>
   </div>
   <div class='ocr_carea' id='block_1_81' title="bbox 374 5281 900 5352">
    <p class='ocr_par' dir='ltr' id='par_1_81' title="bbox 374 5281 900 5352">
     <span class='ocr_line' id='line_1_81' title="bbox 374 5281 900 5352; baseline 0.002 -16"><span class='ocrx_word' id='word_1_518' title='bbox 374 5283 427 5335; x_wconf 88' lang='lat' dir='ltr'><strong>iu</strong></span> <span class='ocrx_word' id='word_1_519' title='bbox 455 5296 521 5337; x_wconf 91' lang='lat' dir='ltr'><strong>eo</strong></span> <span class='ocrx_word' id='word_1_520' title='bbox 544 5281 691 5352; x_wconf 86' lang='lat' dir='ltr'><strong>quod</strong></span> <span class='ocrx_word' id='word_1_521' title='bbox 726 5290 900 5351; x_wconf 82' lang='lat' dir='ltr'><strong>potes.</strong></span> 
     </span>
    </p>
   </div>
   <div class='ocr_carea' id='block_1_82' title="bbox 965 5422 1362 5481">
    <p class='ocr_par' dir='ltr' id='par_1_82' title="bbox 965 5422 1362 5481">
     <span class='ocr_line' id='line_1_82' title="bbox 965 5422 1362 5481; baseline 0.008 -3"><span class='ocrx_word' id='word_1_522' title='bbox 965 5422 1194 5481; x_wconf 78' lang='lat' dir='ltr'><strong>CAPUT</strong></span> <span class='ocrx_word' id='word_1_523' title='bbox 1248 5423 1362 5481; x_wconf 79' lang='lat' dir='ltr'><strong>XX.</strong></span> 
     </span>
    </p>
   </div>
   <div class='ocr_carea' id='block_1_83' title="bbox 442 5537 1949 5616">
    <p class='ocr_par' dir='ltr' id='par_1_83' title="bbox 442 5537 1949 5616">
     <span class='ocr_line' id='line_1_83' title="bbox 442 5537 1949 5616; baseline 0.007 -26"><span class='ocrx_word' id='word_1_524' title='bbox 442 5537 854 5609; x_wconf 87' lang='lat' dir='ltr'><strong>Unusquisque,</strong></span> <span class='ocrx_word' id='word_1_525' title='bbox 884 5541 978 5611; x_wconf 91' lang='lat' dir='ltr'><strong>qui</strong></span> <span class='ocrx_word' id='word_1_526' title='bbox 1010 5556 1041 5594; x_wconf 92' lang='lat' dir='ltr'><strong>a</strong></span> <span class='ocrx_word' id='word_1_527' title='bbox 1071 5541 1249 5611; x_wconf 87' lang='lat' dir='ltr'><strong>seipso</strong></span> <span class='ocrx_word' id='word_1_528' title='bbox 1282 5550 1593 5611; x_wconf 86' lang='lat' dir='ltr'><strong>optatorum</strong></span> <span class='ocrx_word' id='word_1_529' title='bbox 1628 5555 1949 5616; x_wconf 88' lang='lat' dir='ltr'><strong>potestatem</strong></span> 
     </span>
    </p>
   </div>
   <div class='ocr_carea' id='block_1_84' title="bbox 372 5627 1949 5709">
    <p class='ocr_par' dir='ltr' id='par_1_84' title="bbox 372 5627 1949 5709">
     <span class='ocr_line' id='line_1_84' title="bbox 372 5627 1949 5709; baseline 0.008 -28"><span class='ocrx_word' id='word_1_530' title='bbox 372 5627 555 5694; x_wconf 86' lang='lat' dir='ltr'><strong>habet,</strong></span> <span class='ocrx_word' id='word_1_531' title='bbox 588 5631 845 5687; x_wconf 89' lang='lat' dir='ltr'><strong>dominus</strong></span> <span class='ocrx_word' id='word_1_532' title='bbox 875 5642 982 5700; x_wconf 87' lang='lat' dir='ltr'><strong>est,</strong></span> <span class='ocrx_word' id='word_1_533' title='bbox 1032 5643 1094 5687; x_wconf 87' lang='lat' dir='ltr'><strong>ut</strong></span> <span class='ocrx_word' id='word_1_534' title='bbox 1141 5634 1399 5689; x_wconf 91' lang='lat' dir='ltr'><strong>nimirum</strong></span> <span class='ocrx_word' id='word_1_535' title='bbox 1447 5637 1635 5691; x_wconf 88' lang='lat' dir='ltr'><strong>eadem</strong></span> <span class='ocrx_word' id='word_1_536' title='bbox 1684 5653 1949 5709; x_wconf 82' lang='lat' dir='ltr'><strong>assequa-</strong></span> 
     </span>
    </p>
   </div>
   <div class='ocr_carea' id='block_1_85' title="bbox 374 5719 1951 5798">
    <p class='ocr_par' dir='ltr' id='par_1_85' title="bbox 374 5719 1951 5798">
     <span class='ocr_line' id='line_1_85' title="bbox 374 5719 1951 5798; baseline 0.008 -25"><span class='ocrx_word' id='word_1_537' title='bbox 374 5726 482 5783; x_wconf 77' lang='lat' dir='ltr'><strong>tur,</strong></span> <span class='ocrx_word' id='word_1_538' title='bbox 512 5719 597 5774; x_wconf 88' lang='lat' dir='ltr'><strong>vel</strong></span> <span class='ocrx_word' id='word_1_539' title='bbox 636 5719 841 5776; x_wconf 84' lang='lat' dir='ltr'><strong>adimat</strong></span> <span class='ocrx_word' id='word_1_540' title='bbox 875 5737 940 5778; x_wconf 82' lang='lat' dir='ltr'><strong>ex</strong></span> <span class='ocrx_word' id='word_1_541' title='bbox 985 5722 1168 5778; x_wconf 87' lang='lat' dir='ltr'><strong>animo</strong></span> <span class='ocrx_word' id='word_1_542' title='bbox 1196 5724 1439 5794; x_wconf 84' lang='lat' dir='ltr'><strong>proprio.</strong></span> <span class='ocrx_word' id='word_1_543' title='bbox 1483 5725 1747 5797; x_wconf 86' lang='lat' dir='ltr'><strong>Quisquis</strong></span> <span class='ocrx_word' id='word_1_544' title='bbox 1788 5729 1951 5798; x_wconf 85' lang='lat' dir='ltr'><strong>igitur</strong></span> 
     </span>
    </p>
   </div>
   <div class='ocr_carea' id='block_1_86' title="bbox 1978 4459 2025 4518">
    <p class='ocr_par' dir='ltr' id='par_1_86' title="bbox 1978 4459 2025 4518">
     <span class='ocr_line' id='line_1_86' title="bbox 1978 4459 2025 4518; baseline 0 0"><span class='ocrx_word' id='word_1_545' title='bbox 1978 4459 2025 4518; x_wconf 86' lang='grc'><strong>1)</strong></span> 
     </span>
    </p>
   </div>
   <div class='ocr_carea' id='block_1_87' title="bbox 2054 3239 3646 3320">
    <p class='ocr_par' dir='ltr' id='par_1_87' title="bbox 2054 3239 3646 3320">
     <span class='ocr_line' id='line_1_87' title="bbox 2054 3239 3646 3320; baseline -0.013 -11"><span class='ocrx_word' id='word_1_546' title='bbox 2054 3256 2187 3320; x_wconf 91' lang='grc' dir='ltr'>λεις,</span> <span class='ocrx_word' id='word_1_547' title='bbox 2217 3254 2332 3309; x_wconf 86' lang='grc' dir='ltr'>ἀλλ’</span> <span class='ocrx_word' id='word_1_548' title='bbox 2360 3252 2460 3320; x_wconf 82' lang='grc' dir='ltr'>οὑχ</span> <span class='ocrx_word' id='word_1_549' title='bbox 2488 3249 2632 3303; x_wconf 80' lang='grc' dir='ltr'>οὑτω</span> <span class='ocrx_word' id='word_1_550' title='bbox 2652 3248 2798 3301; x_wconf 69' lang='grc' dir='ltr'>ἐστὶν</span> <span class='ocrx_word' id='word_1_551' title='bbox 2824 3244 2974 3315; x_wconf 84' lang='grc' dir='ltr'>αὑτῷ</span> <span class='ocrx_word' id='word_1_552' title='bbox 2999 3242 3203 3306; x_wconf 76' lang='grc' dir='ltr'>καλῶς,</span> <span class='ocrx_word' id='word_1_553' title='bbox 3234 3240 3323 3293; x_wconf 86' lang='grc' dir='ltr'><strong>ἴνα</strong></span> <span class='ocrx_word' id='word_1_554' title='bbox 3356 3240 3415 3293; x_wconf 74' lang='grc' dir='ltr'>ὲν</span> <span class='ocrx_word' id='word_1_555' title='bbox 3445 3239 3646 3308; x_wconf 72' lang='grc' dir='ltr'>ἐκείνῳ</span> 
     </span>
    </p>
   </div>
   <div class='ocr_carea' id='block_1_88' title="bbox 2050 3341 2769 3419">
    <p class='ocr_par' dir='ltr' id='par_1_88' title="bbox 2050 3341 2769 3419">
     <span class='ocr_line' id='line_1_88' title="bbox 2050 3341 2769 3419; baseline -0.01 -19"><span class='ocrx_word' id='word_1_556' title='bbox 2050 3342 2088 3419; x_wconf 79' lang='grc' dir='ltr'><strong>ᾖ</strong></span> <span class='ocrx_word' id='word_1_557' title='bbox 2116 3347 2178 3399; x_wconf 85' lang='grc' dir='ltr'>τὸ</span> <span class='ocrx_word' id='word_1_558' title='bbox 2207 3346 2269 3399; x_wconf 81' lang='grc' dir='ltr'>σὲ</span> <span class='ocrx_word' id='word_1_559' title='bbox 2302 3345 2378 3415; x_wconf 83' lang='grc' dir='ltr'>μὴ</span> <span class='ocrx_word' id='word_1_560' title='bbox 2406 3341 2769 3413; x_wconf 80' lang='grc' dir='ltr'>ταραχθῆναι.</span> 
     </span>
    </p>
   </div>
   <div class='ocr_carea' id='block_1_89' title="bbox 2647 3538 3047 3596">
    <p class='ocr_par' dir='ltr' id='par_1_89' title="bbox 2647 3538 3047 3596">
     <span class='ocr_line' id='line_1_89' title="bbox 2647 3538 3047 3596; baseline -0.008 0"><span class='ocrx_word' id='word_1_561' title='bbox 2647 3540 2897 3596; x_wconf 80' lang='grc' dir='ltr'><strong>ΚΕΦΑΛ.</strong></span> <span class='ocrx_word' id='word_1_562' title='bbox 2940 3538 3012 3593; x_wconf 86' lang='grc' dir='ltr'><strong>ΙΗ</strong></span> <span class='ocrx_word' id='word_1_563' title='bbox 3031 3575 3047 3593; x_wconf 90' lang='grc'><strong>.</strong></span> 
     </span>
    </p>
   </div>
   <div class='ocr_carea' id='block_1_90' title="bbox 2122 3647 3637 3734">
    <p class='ocr_par' dir='ltr' id='par_1_90' title="bbox 2122 3647 3637 3734">
     <span class='ocr_line' id='line_1_90' title="bbox 2122 3647 3637 3734; baseline -0.011 -18"><span class='ocrx_word' id='word_1_564' title='bbox 2122 3662 2187 3717; x_wconf 77' lang='lat' dir='ltr'><strong>El</strong></span> <span class='ocrx_word' id='word_1_565' title='bbox 2219 3658 2492 3734; x_wconf 76' lang='grc' dir='ltr'>προκόψαι</span> <span class='ocrx_word' id='word_1_566' title='bbox 2539 3655 2737 3721; x_wconf 86' lang='grc' dir='ltr'>θέλεις,</span> <span class='ocrx_word' id='word_1_567' title='bbox 2768 3653 3060 3723; x_wconf 88' lang='grc' dir='ltr'>ὑπόμεινον</span> <span class='ocrx_word' id='word_1_568' title='bbox 3106 3650 3274 3703; x_wconf 82' lang='grc' dir='ltr'>ἓνεκα</span> <span class='ocrx_word' id='word_1_569' title='bbox 3315 3647 3427 3701; x_wconf 84' lang='grc' dir='ltr'><strong>τῶν</strong></span> <span class='ocrx_word' id='word_1_570' title='bbox 3475 3650 3637 3713; x_wconf 76' lang='grc' dir='ltr'>ἐκτὸς</span> 
     </span>
    </p>
   </div>
   <div class='ocr_carea' id='block_1_91' title="bbox 2053 3740 3637 3826">
    <p class='ocr_par' dir='ltr' id='par_1_91' title="bbox 2053 3740 3637 3826">
     <span class='ocr_line' id='line_1_91' title="bbox 2053 3740 3637 3826; baseline -0.011 -16"><span class='ocrx_word' id='word_1_571' title='bbox 2053 3752 2374 3826; x_wconf 79' lang='grc' dir='ltr'>ἀνθρώπους</span> <span class='ocrx_word' id='word_1_572' title='bbox 2406 3750 2592 3815; x_wconf 79' lang='grc' dir='ltr'>δόξαι·</span> <span class='ocrx_word' id='word_1_573' title='bbox 2640 3749 2674 3820; x_wconf 76' lang='grc' dir='ltr'>ἢ</span> <span class='ocrx_word' id='word_1_574' title='bbox 2708 3746 2917 3817; x_wconf 72' lang='grc' dir='ltr'>ἠλίθιος</span> <span class='ocrx_word' id='word_1_575' title='bbox 2946 3741 3016 3810; x_wconf 83' lang='grc' dir='ltr'><strong>εί,</strong></span> <span class='ocrx_word' id='word_1_576' title='bbox 3061 3742 3231 3814; x_wconf 83' lang='grc' dir='ltr'>μηδὲν</span> <span class='ocrx_word' id='word_1_577' title='bbox 3276 3740 3470 3812; x_wconf 83' lang='grc' dir='ltr'>βούλου</span> <span class='ocrx_word' id='word_1_578' title='bbox 3513 3742 3637 3793; x_wconf 74' lang='grc' dir='ltr'>ἐπί-</span> 
     </span>
    </p>
   </div>
   <div class='ocr_carea' id='block_1_92' title="bbox 2055 3835 3631 3914">
    <p class='ocr_par' dir='ltr' id='par_1_92' title="bbox 2055 3835 3631 3914">
     <span class='ocr_line' id='line_1_92' title="bbox 2055 3835 3631 3914; baseline -0.013 -10"><span class='ocrx_word' id='word_1_579' title='bbox 2055 3846 2307 3914; x_wconf 87' lang='grc' dir='ltr'>στασθαι,</span> <span class='ocrx_word' id='word_1_580' title='bbox 2343 3843 2448 3899; x_wconf 81' lang='grc' dir='ltr'>κᾶν</span> <span class='ocrx_word' id='word_1_581' title='bbox 2475 3841 2631 3912; x_wconf 81' lang='grc' dir='ltr'>δόξῃς</span> <span class='ocrx_word' id='word_1_582' title='bbox 2659 3842 2745 3904; x_wconf 75' lang='grc' dir='ltr'><strong>τις</strong></span> <span class='ocrx_word' id='word_1_583' title='bbox 2776 3835 2915 3892; x_wconf 75' lang='grc' dir='ltr'>εἷναί</span> <span class='ocrx_word' id='word_1_584' title='bbox 2940 3853 3104 3901; x_wconf 79' lang='grc' dir='ltr'>τισιν,</span> <span class='ocrx_word' id='word_1_585' title='bbox 3124 3835 3345 3891; x_wconf 82' lang='grc' dir='ltr'>ἀπίστει</span> <span class='ocrx_word' id='word_1_586' title='bbox 3378 3835 3590 3903; x_wconf 75' lang='grc' dir='ltr'>σεαυτῷ</span> <span class='ocrx_word' id='word_1_587' title='bbox 3615 3849 3631 3861; x_wconf 77' lang='grc'><em>’</em></span> 
     </span>
    </p>
   </div>
   <div class='ocr_carea' id='block_1_93' title="bbox 2053 3925 3637 4008">
    <p class='ocr_par' dir='ltr' id='par_1_93' title="bbox 2053 3925 3637 4008">
     <span class='ocr_line' id='line_1_93' title="bbox 2053 3925 3637 4008; baseline -0.01 -15"><span class='ocrx_word' id='word_1_588' title='bbox 2053 3939 2160 3993; x_wconf 84' lang='grc' dir='ltr'>ίσθι</span> <span class='ocrx_word' id='word_1_589' title='bbox 2191 3937 2301 4008; x_wconf 83' lang='grc' dir='ltr'><strong>γάρ</strong></span> <span class='ocrx_word' id='word_1_590' title='bbox 2329 3936 2410 3989; x_wconf 83' lang='grc' dir='ltr'>ὅτι</span> <span class='ocrx_word' id='word_1_591' title='bbox 2439 3934 2501 3987; x_wconf 89' lang='grc' dir='ltr'><strong>οὑ</strong></span> <span class='ocrx_word' id='word_1_592' title='bbox 2532 3931 2732 4004; x_wconf 77' lang='grc' dir='ltr'>ῥᾴδιον,</span> <span class='ocrx_word' id='word_1_593' title='bbox 2777 3929 2872 3983; x_wconf 76' lang='grc' dir='ltr'>καὶ</span> <span class='ocrx_word' id='word_1_594' title='bbox 2906 3928 3005 3998; x_wconf 79' lang='grc' dir='ltr'>τὴν</span> <span class='ocrx_word' id='word_1_595' title='bbox 3054 3925 3280 3980; x_wconf 79' lang='grc' dir='ltr'>σεαυτοῦ</span> <span class='ocrx_word' id='word_1_596' title='bbox 3309 3927 3637 3997; x_wconf 81' lang='grc' dir='ltr'>προαίρεσιν</span> 
     </span>
    </p>
   </div>
   <div class='ocr_carea' id='block_1_94' title="bbox 2052 4019 3635 4100">
    <p class='ocr_par' dir='ltr' id='par_1_94' title="bbox 2052 4019 3635 4100">
     <span class='ocr_line' id='line_1_94' title="bbox 2052 4019 3635 4100; baseline -0.009 -15"><span class='ocrx_word' id='word_1_597' title='bbox 2052 4031 2194 4085; x_wconf 83' lang='grc' dir='ltr'>κατὰ</span> <span class='ocrx_word' id='word_1_598' title='bbox 2240 4030 2403 4100; x_wconf 86' lang='grc' dir='ltr'>φύσιν</span> <span class='ocrx_word' id='word_1_599' title='bbox 2447 4028 2677 4098; x_wconf 75' lang='grc' dir='ltr'>ἔχουσαν</span> <span class='ocrx_word' id='word_1_600' title='bbox 2724 4022 2958 4092; x_wconf 77' lang='grc' dir='ltr'>φυλάξαι</span> <span class='ocrx_word' id='word_1_601' title='bbox 3003 4020 3097 4074; x_wconf 81' lang='grc' dir='ltr'><strong>καὶ</strong></span> <span class='ocrx_word' id='word_1_602' title='bbox 3143 4020 3213 4073; x_wconf 86' lang='grc' dir='ltr'><strong>τά</strong></span> <span class='ocrx_word' id='word_1_603' title='bbox 3261 4020 3440 4085; x_wconf 72' lang='grc' dir='ltr'>ἐκτὸς,</span> <span class='ocrx_word' id='word_1_604' title='bbox 3492 4019 3635 4072; x_wconf 75' lang='grc' dir='ltr'>ἀλλὰ</span> 
     </span>
    </p>
   </div>
   <div class='ocr_carea' id='block_1_95' title="bbox 2050 4112 3636 4194">
    <p class='ocr_par' dir='ltr' id='par_1_95' title="bbox 2050 4112 3636 4194">
     <span class='ocr_line' id='line_1_95' title="bbox 2050 4112 3636 4194; baseline -0.008 -16"><span class='ocrx_word' id='word_1_605' title='bbox 2050 4123 2147 4178; x_wconf 82' lang='grc' dir='ltr'>τοῦ</span> <span class='ocrx_word' id='word_1_606' title='bbox 2170 4124 2356 4194; x_wconf 76' lang='grc' dir='ltr'>ἐτέρου</span> <span class='ocrx_word' id='word_1_607' title='bbox 2390 4117 2817 4191; x_wconf 80' lang='grc' dir='ltr'>ἐπιμελούμενον</span> <span class='ocrx_word' id='word_1_608' title='bbox 2844 4115 2940 4170; x_wconf 83' lang='grc' dir='ltr'>τοῦ</span> <span class='ocrx_word' id='word_1_609' title='bbox 2971 4112 3157 4187; x_wconf 80' lang='grc' dir='ltr'>ἑτέρου</span> <span class='ocrx_word' id='word_1_610' title='bbox 3186 4112 3459 4185; x_wconf 76' lang='grc' dir='ltr'>ἀμελῆσαι</span> <span class='ocrx_word' id='word_1_611' title='bbox 3483 4117 3636 4167; x_wconf 73' lang='grc' dir='ltr'>πᾶσα</span> 
     </span>
    </p>
   </div>
   <div class='ocr_carea' id='block_1_96' title="bbox 2050 4218 2289 4287">
    <p class='ocr_par' dir='ltr' id='par_1_96' title="bbox 2050 4218 2289 4287">
     <span class='ocr_line' id='line_1_96' title="bbox 2050 4218 2289 4287; baseline -0.008 -16"><span class='ocrx_word' id='word_1_612' title='bbox 2050 4218 2289 4287; x_wconf 83' lang='grc' dir='ltr'>ἀνάγκη.</span> 
     </span>
    </p>
   </div>
   <div class='ocr_carea' id='block_1_97' title="bbox 2642 4534 3027 4592">
    <p class='ocr_par' dir='ltr' id='par_1_97' title="bbox 2642 4534 3027 4592">
     <span class='ocr_line' id='line_1_97' title="bbox 2642 4534 3027 4592; baseline 0.008 -3"><span class='ocrx_word' id='word_1_613' title='bbox 2642 4534 2891 4592; x_wconf 79' lang='grc' dir='ltr'><strong>ΚΕΦΔΛ.</strong></span> <span class='ocrx_word' id='word_1_614' title='bbox 2925 4536 3027 4592; x_wconf 77' lang='grc' dir='ltr'>ιον.</span> 
     </span>
    </p>
   </div>
   <div class='ocr_carea' id='block_1_98' title="bbox 2123 4652 3635 4729">
    <p class='ocr_par' dir='ltr' id='par_1_98' title="bbox 2123 4652 3635 4729">
     <span class='ocr_line' id='line_1_98' title="bbox 2123 4652 3635 4729; baseline -0.001 -18"><span class='ocrx_word' id='word_1_615' title='bbox 2123 4658 2223 4711; x_wconf 73' lang='grc' dir='ltr'>Ἂν</span> <span class='ocrx_word' id='word_1_616' title='bbox 2271 4655 2432 4729; x_wconf 82' lang='grc' dir='ltr'>θέλῃς</span> <span class='ocrx_word' id='word_1_617' title='bbox 2476 4655 2549 4708; x_wconf 83' lang='grc' dir='ltr'>τὰ</span> <span class='ocrx_word' id='word_1_618' title='bbox 2590 4654 2757 4708; x_wconf 83' lang='grc' dir='ltr'>τέκνα</span> <span class='ocrx_word' id='word_1_619' title='bbox 2799 4671 2915 4721; x_wconf 84' lang='grc' dir='ltr'>σου,</span> <span class='ocrx_word' id='word_1_620' title='bbox 2965 4655 3060 4707; x_wconf 68' lang='grc' dir='ltr'>καὶ</span> <span class='ocrx_word' id='word_1_621' title='bbox 3102 4652 3202 4725; x_wconf 78' lang='grc' dir='ltr'>τὴν</span> <span class='ocrx_word' id='word_1_622' title='bbox 3241 4655 3504 4722; x_wconf 75' lang='grc' dir='ltr'>γυναῖκα.</span> <span class='ocrx_word' id='word_1_623' title='bbox 3538 4657 3635 4709; x_wconf 77' lang='grc' dir='ltr'>καὶ</span> 
     </span>
    </p>
   </div>
   <div class='ocr_carea' id='block_1_99' title="bbox 2050 4743 3632 4819">
    <p class='ocr_par' dir='ltr' id='par_1_99' title="bbox 2050 4743 3632 4819">
     <span class='ocr_line' id='line_1_99' title="bbox 2050 4743 3632 4819; baseline -0.001 -15"><span class='ocrx_word' id='word_1_624' title='bbox 2050 4750 2177 4814; x_wconf 75' lang='grc' dir='ltr'>τοὺς</span> <span class='ocrx_word' id='word_1_625' title='bbox 2205 4748 2393 4819; x_wconf 81' lang='grc' dir='ltr'>φίλους</span> <span class='ocrx_word' id='word_1_626' title='bbox 2419 4747 2637 4811; x_wconf 85' lang='grc' dir='ltr'>πάντως</span> <span class='ocrx_word' id='word_1_627' title='bbox 2670 4746 2789 4817; x_wconf 83' lang='grc' dir='ltr'>ζῇν,</span> <span class='ocrx_word' id='word_1_628' title='bbox 2819 4746 3026 4817; x_wconf 71' lang='grc' dir='ltr'>ἠλίθιος</span> <span class='ocrx_word' id='word_1_629' title='bbox 3053 4743 3104 4800; x_wconf 83' lang='grc' dir='ltr'>εῐ</span> <span class='ocrx_word' id='word_1_630' title='bbox 3130 4764 3143 4777; x_wconf 84' lang='grc'><em>’</em></span> <span class='ocrx_word' id='word_1_631' title='bbox 3184 4746 3253 4801; x_wconf 79' lang='grc' dir='ltr'>τὰ</span> <span class='ocrx_word' id='word_1_632' title='bbox 3286 4748 3398 4819; x_wconf 78' lang='grc' dir='ltr'>γὰρ</span> <span class='ocrx_word' id='word_1_633' title='bbox 3432 4750 3508 4818; x_wconf 80' lang='grc' dir='ltr'>μὴ</span> <span class='ocrx_word' id='word_1_634' title='bbox 3541 4750 3632 4803; x_wconf 74' lang='grc' dir='ltr'><strong>ἐπὶ</strong></span> 
     </span>
    </p>
   </div>
   <div class='ocr_carea' id='block_1_100' title="bbox 2054 4833 3630 4910">
    <p class='ocr_par' dir='ltr' id='par_1_100' title="bbox 2054 4833 3630 4910">
     <span class='ocr_line' id='line_1_100' title="bbox 2054 4833 3630 4910; baseline -0.001 -13"><span class='ocrx_word' id='word_1_635' title='bbox 2054 4845 2159 4908; x_wconf 79' lang='grc' dir='ltr'>σοὶ,</span> <span class='ocrx_word' id='word_1_636' title='bbox 2191 4841 2366 4904; x_wconf 86' lang='grc' dir='ltr'>θέλεις</span> <span class='ocrx_word' id='word_1_637' title='bbox 2395 4841 2489 4894; x_wconf 76' lang='grc' dir='ltr'><strong>ἐπὶ</strong></span> <span class='ocrx_word' id='word_1_638' title='bbox 2537 4838 2621 4892; x_wconf 80' lang='grc' dir='ltr'>σοὶ</span> <span class='ocrx_word' id='word_1_639' title='bbox 2651 4833 2813 4903; x_wconf 83' lang='grc' dir='ltr'>εἶναι,</span> <span class='ocrx_word' id='word_1_640' title='bbox 2846 4839 2942 4892; x_wconf 70' lang='grc' dir='ltr'>καὶ</span> <span class='ocrx_word' id='word_1_641' title='bbox 2968 4838 3037 4893; x_wconf 81' lang='grc' dir='ltr'><strong>τά</strong></span> <span class='ocrx_word' id='word_1_642' title='bbox 3079 4838 3337 4910; x_wconf 84' lang='grc' dir='ltr'>ἀλλότρια</span> <span class='ocrx_word' id='word_1_643' title='bbox 3368 4841 3441 4894; x_wconf 75' lang='grc' dir='ltr'><strong>σά</strong></span> <span class='ocrx_word' id='word_1_644' title='bbox 3465 4835 3630 4905; x_wconf 80' lang='grc' dir='ltr'>εἶναι,</span> 
     </span>
    </p>
   </div>
   <div class='ocr_carea' id='block_1_101' title="bbox 2051 4930 3632 5005">
    <p class='ocr_par' dir='ltr' id='par_1_101' title="bbox 2051 4930 3632 5005">
     <span class='ocr_line' id='line_1_101' title="bbox 2051 4930 3632 5005; baseline -0.001 -17"><span class='ocrx_word' id='word_1_645' title='bbox 2051 4935 2195 4988; x_wconf 83' lang='grc' dir='ltr'>οὑτω</span> <span class='ocrx_word' id='word_1_646' title='bbox 2232 4935 2327 4987; x_wconf 78' lang='grc' dir='ltr'>καὶ</span> <span class='ocrx_word' id='word_1_647' title='bbox 2356 4932 2445 4988; x_wconf 80' lang='grc' dir='ltr'>τὸν</span> <span class='ocrx_word' id='word_1_648' title='bbox 2476 4932 2663 4995; x_wconf 87' lang='grc' dir='ltr'>παῖδα,</span> <span class='ocrx_word' id='word_1_649' title='bbox 2708 4930 2804 4985; x_wconf 82' lang='grc' dir='ltr'><strong>ὲάν</strong></span> <span class='ocrx_word' id='word_1_650' title='bbox 2831 4931 2992 5002; x_wconf 84' lang='grc' dir='ltr'>θέλῃς</span> <span class='ocrx_word' id='word_1_651' title='bbox 3024 4930 3098 5003; x_wconf 81' lang='grc' dir='ltr'>μὴ</span> <span class='ocrx_word' id='word_1_652' title='bbox 3133 4931 3477 5002; x_wconf 84' lang='grc' dir='ltr'>ἁμαρτάνειν</span> <span class='ocrx_word' id='word_1_653' title='bbox 3518 4952 3632 5005; x_wconf 85' lang='grc' dir='ltr'>μω-</span> 
     </span>
    </p>
   </div>
   <div class='ocr_carea' id='block_1_102' title="bbox 2055 5019 3631 5098">
    <p class='ocr_par' dir='ltr' id='par_1_102' title="bbox 2055 5019 3631 5098">
     <span class='ocr_line' id='line_1_102' title="bbox 2055 5019 3631 5098; baseline 0.001 -19"><span class='ocrx_word' id='word_1_654' title='bbox 2055 5028 2145 5098; x_wconf 77' lang='grc' dir='ltr'>ρὸς</span> <span class='ocrx_word' id='word_1_655' title='bbox 2175 5022 2244 5079; x_wconf 82' lang='grc' dir='ltr'><strong>εἷ·</strong></span> <span class='ocrx_word' id='word_1_656' title='bbox 2271 5025 2446 5087; x_wconf 88' lang='grc' dir='ltr'>θέλεις</span> <span class='ocrx_word' id='word_1_657' title='bbox 2473 5024 2580 5096; x_wconf 83' lang='grc' dir='ltr'>γὰρ</span> <span class='ocrx_word' id='word_1_658' title='bbox 2608 5023 2707 5095; x_wconf 81' lang='grc' dir='ltr'>τὴν</span> <span class='ocrx_word' id='word_1_659' title='bbox 2734 5023 2958 5090; x_wconf 88' lang='grc' dir='ltr'>κακίαν,</span> <span class='ocrx_word' id='word_1_660' title='bbox 2994 5022 3069 5095; x_wconf 82' lang='grc' dir='ltr'>μὴ</span> <span class='ocrx_word' id='word_1_661' title='bbox 3096 5019 3238 5077; x_wconf 80' lang='grc' dir='ltr'>εἶναι</span> <span class='ocrx_word' id='word_1_662' title='bbox 3266 5026 3493 5090; x_wconf 86' lang='grc' dir='ltr'>κακίαν,</span> <span class='ocrx_word' id='word_1_663' title='bbox 3515 5026 3631 5081; x_wconf 76' lang='grc' dir='ltr'>ἀλλ’</span> 
     </span>
    </p>
   </div>
   <div class='ocr_carea' id='block_1_103' title="bbox 2053 5115 3627 5189">
    <p class='ocr_par' dir='ltr' id='par_1_103' title="bbox 2053 5115 3627 5189">
     <span class='ocr_line' id='line_1_103' title="bbox 2053 5115 3627 5189; baseline -0.001 -17"><span class='ocrx_word' id='word_1_664' title='bbox 2053 5119 2183 5172; x_wconf 80' lang='grc' dir='ltr'>ἄλλο</span> <span class='ocrx_word' id='word_1_665' title='bbox 2215 5116 2414 5171; x_wconf 83' lang='grc' dir='ltr'>τι·ὲάν</span> <span class='ocrx_word' id='word_1_666' title='bbox 2444 5116 2501 5170; x_wconf 79' lang='grc' dir='ltr'>δὲ</span> <span class='ocrx_word' id='word_1_667' title='bbox 2532 5115 2693 5187; x_wconf 81' lang='grc' dir='ltr'>θέλῃς</span> <span class='ocrx_word' id='word_1_668' title='bbox 2727 5115 3052 5187; x_wconf 86' lang='grc' dir='ltr'>ὀρεγόμενος</span> <span class='ocrx_word' id='word_1_669' title='bbox 3084 5118 3159 5187; x_wconf 82' lang='grc' dir='ltr'>μὴ</span> <span class='ocrx_word' id='word_1_670' title='bbox 3204 5118 3627 5189; x_wconf 77' lang='grc' dir='ltr'>ἀποτυγχάνειν,</span> 
     </span>
    </p>
   </div>
   <div class='ocr_carea' id='block_1_104' title="bbox 2052 5204 3345 5277">
    <p class='ocr_par' dir='ltr' id='par_1_104' title="bbox 2052 5204 3345 5277">
     <span class='ocr_line' id='line_1_104' title="bbox 2052 5204 3345 5277; baseline 0 -12"><span class='ocrx_word' id='word_1_671' title='bbox 2052 5212 2209 5265; x_wconf 82' lang='grc' dir='ltr'>τοῦτο</span> <span class='ocrx_word' id='word_1_672' title='bbox 2235 5210 2483 5277; x_wconf 83' lang='grc' dir='ltr'>δύνασαι,</span> <span class='ocrx_word' id='word_1_673' title='bbox 2516 5209 2674 5263; x_wconf 78' lang='grc' dir='ltr'>τοῦτο</span> <span class='ocrx_word' id='word_1_674' title='bbox 2700 5204 2794 5263; x_wconf 81' lang='grc' dir='ltr'>οὖν</span> <span class='ocrx_word' id='word_1_675' title='bbox 2826 5209 3008 5271; x_wconf 80' lang='grc' dir='ltr'>ἄσκει,</span> <span class='ocrx_word' id='word_1_676' title='bbox 3040 5210 3070 5263; x_wconf 83' lang='grc' dir='ltr'><strong>δ</strong></span> <span class='ocrx_word' id='word_1_677' title='bbox 3099 5211 3345 5266; x_wconf 87' lang='grc' dir='ltr'>δύνασαι.</span> 
     </span>
    </p>
   </div>
   <div class='ocr_carea' id='block_1_105' title="bbox 2650 5435 3027 5490">
    <p class='ocr_par' dir='ltr' id='par_1_105' title="bbox 2650 5435 3027 5490">
     <span class='ocr_line' id='line_1_105' title="bbox 2650 5435 3027 5490; baseline 0.005 -1"><span class='ocrx_word' id='word_1_678' title='bbox 2650 5435 2903 5490; x_wconf 79' lang='grc' dir='ltr'><strong>ΚΕΦΑΛ.</strong></span> <span class='ocrx_word' id='word_1_679' title='bbox 2943 5438 3027 5490; x_wconf 79' lang='lat' dir='ltr'><strong>K&#39;.</strong></span> 
     </span>
    </p>
   </div>
   <div class='ocr_carea' id='block_1_106' title="bbox 2123 5546 3633 5618">
    <p class='ocr_par' dir='ltr' id='par_1_106' title="bbox 2123 5546 3633 5618">
     <span class='ocr_line' id='line_1_106' title="bbox 2123 5546 3633 5618; baseline 0.001 -16"><span class='ocrx_word' id='word_1_680' title='bbox 2123 5546 2326 5618; x_wconf 85' lang='grc' dir='ltr'>Κύριος</span> <span class='ocrx_word' id='word_1_681' title='bbox 2356 5546 2586 5613; x_wconf 71' lang='grc' dir='ltr'>ἕκαστός</span> <span class='ocrx_word' id='word_1_682' title='bbox 2612 5547 2699 5613; x_wconf 92' lang='grc' dir='ltr'><strong>τίς</strong></span> <span class='ocrx_word' id='word_1_683' title='bbox 2727 5550 2898 5613; x_wconf 72' lang='grc' dir='ltr'>ἐστιν,</span> <span class='ocrx_word' id='word_1_684' title='bbox 2929 5549 2958 5601; x_wconf 74' lang='grc' dir='ltr'><strong>ὁ</strong></span> <span class='ocrx_word' id='word_1_685' title='bbox 2988 5548 3098 5603; x_wconf 80' lang='grc' dir='ltr'><strong>τῶν</strong></span> <span class='ocrx_word' id='word_1_686' title='bbox 3124 5551 3216 5604; x_wconf 83' lang='grc' dir='ltr'><strong>ὑπ’</strong></span> <span class='ocrx_word' id='word_1_687' title='bbox 3243 5549 3456 5605; x_wconf 74' lang='grc' dir='ltr'>ἐκείνου</span> <span class='ocrx_word' id='word_1_688' title='bbox 3487 5551 3633 5604; x_wconf 78' lang='grc' dir='ltr'>θελο-</span> 
     </span>
    </p>
   </div>
   <div class='ocr_carea' id='block_1_107' title="bbox 2057 5639 3632 5713">
    <p class='ocr_par' dir='ltr' id='par_1_107' title="bbox 2057 5639 3632 5713">
     <span class='ocr_line' id='line_1_107' title="bbox 2057 5639 3632 5713; baseline 0.001 -19"><span class='ocrx_word' id='word_1_689' title='bbox 2057 5640 2233 5710; x_wconf 85' lang='grc' dir='ltr'>μένων</span> <span class='ocrx_word' id='word_1_690' title='bbox 2272 5640 2411 5711; x_wconf 82' lang='grc' dir='ltr'>ἔχων</span> <span class='ocrx_word' id='word_1_691' title='bbox 2456 5639 2724 5706; x_wconf 80' lang='grc' dir='ltr'>ἐξουσίαν,</span> <span class='ocrx_word' id='word_1_692' title='bbox 2774 5641 2855 5703; x_wconf 88' lang='grc' dir='ltr'><strong>είς</strong></span> <span class='ocrx_word' id='word_1_693' title='bbox 2900 5640 2961 5695; x_wconf 81' lang='grc' dir='ltr'>τὸ</span> <span class='ocrx_word' id='word_1_694' title='bbox 3004 5641 3387 5712; x_wconf 82' lang='grc' dir='ltr'>περιποιῆσαι,</span> <span class='ocrx_word' id='word_1_695' title='bbox 3438 5642 3471 5713; x_wconf 78' lang='grc' dir='ltr'>ἢ</span> <span class='ocrx_word' id='word_1_696' title='bbox 3528 5644 3632 5711; x_wconf 73' lang='grc' dir='ltr'><strong>ἀφ·</strong></span> 
     </span>
    </p>
   </div>
   <div class='ocr_carea' id='block_1_108' title="bbox 2055 5728 3632 5810">
    <p class='ocr_par' dir='ltr' id='par_1_108' title="bbox 2055 5728 3632 5810">
     <span class='ocr_line' id='line_1_108' title="bbox 2055 5728 3632 5810; baseline 0.004 -25"><span class='ocrx_word' id='word_1_697' title='bbox 2055 5731 2290 5788; x_wconf 85' lang='grc' dir='ltr'>ελέσθαι.</span> <span class='ocrx_word' id='word_1_698' title='bbox 2330 5733 2521 5799; x_wconf 82' lang='grc' dir='ltr'>Ὅστις</span> <span class='ocrx_word' id='word_1_699' title='bbox 2566 5728 2660 5789; x_wconf 75' lang='grc' dir='ltr'>οὖν</span> <span class='ocrx_word' id='word_1_700' title='bbox 2709 5733 2992 5805; x_wconf 77' lang='grc' dir='ltr'>ἐλεύθερος</span> <span class='ocrx_word' id='word_1_701' title='bbox 3022 5730 3159 5791; x_wconf 78' lang='grc' dir='ltr'>εἶναι</span> <span class='ocrx_word' id='word_1_702' title='bbox 3207 5734 3468 5807; x_wconf 83' lang='grc' dir='ltr'>βούλεται</span> <span class='ocrx_word' id='word_1_703' title='bbox 3498 5739 3632 5810; x_wconf 66' lang='grc' dir='ltr'>μήτε</span> 
     </span>
    </p>
   </div>
  </div>
