3808 6226
274 302 428 365 1293

1522 293 1869 355 EPICTETI
1910 291 2069 354 MAN
2082 289 2296 352 UALE.

3391 281 3527 346 1294

270 412 511 475 θελέτω,
551 410 688 482 μήτε
719 408 967 480 φευγέτω
994 425 1047 462 τι
1078 407 1186 462 τῶν
1214 408 1303 461 ἐπ’
1344 404 1544 471 ἄλλοις,
1579 407 1630 459 εί
1657 404 1714 458 δὲ
1751 403 1851 475 μὴ,

2003 404 2095 458 ber
2121 416 2245 457 esse
2272 398 2409 465 vult,
2461 413 2638 470 neque
2666 399 2868 470 cupiat,
2918 413 3018 457 nec
3068 408 3347 458 aversetur
3368 404 3528 473 quid-

269 502 559 556 δουλεύειν
588 501 827 571 ἀνάγκη.

854 692 1105 748 ΚΕΦΑΛ.
1143 688 1277 746 KA'.

356 807 642 878 Μέμνησο,
675 806 759 860 ὃτι
789 805 865 869 ὼς
909 806 967 858 ὲν
1022 802 1307 874 συμποσίῳ
1362 818 1421 854 σε
1469 800 1556 854 δεῖ
1596 797 1862 869 ἀναστρέ-

282 903 484 972 φεσθαι
514 901 941 973 περιφερόμενον
965 914 980 932 ⁶
1011 899 1064 952 τί
1092 898 1280 967 γέγονε
1313 895 1456 951 κατὰ
1484 895 1580 962 σέ;
1612 892 1863 954 ἐκτείνας

277 998 389 1067 τὴν
414 998 571 1065 χεῖρα
599 993 845 1063 κοσμίως
876 990 1149 1062 μετάλαϐε
1176 1006 1191 1021 ο
1235 988 1587 1060 παρέρχεται,
1626 984 1702 1057 μὴ
1731 985 1862 1038 κάτ-

280 1106 379 1159 εχε
404 1105 417 1118 ·
451 1087 603 1141 οὔπω
627 1086 774 1157 ἥκει,
812 1085 887 1156 μὴ
916 1083 1143 1137 ἐπίϐαλε
1169 1082 1356 1154 πόρρω
1380 1080 1480 1152 τὴν
1503 1078 1703 1151 ὄρεξιν,
1727 1076 1864 1131 ἀλλὰ

285 1182 553 1254 περίμενε
602 1184 796 1253 μέχρις
837 1179 904 1234 ἂν
934 1178 1160 1248 γένηται
1208 1175 1352 1230 κατὰ
1400 1174 1462 1227 σέ
1492 1190 1507 1205 ο
1553 1172 1696 1226 οῦτω
1728 1170 1863 1245 πρὸς

283 1277 479 1339 τέκνα,
507 1273 649 1328 οῦτω
681 1272 819 1344 πρὸς
843 1272 1101 1339 γυναῖκα,
1131 1267 1267 1340 πρὸς
1305 1266 1499 1337 ἀρχὰς,
1533 1263 1671 1335 πρὸς
1696 1260 1863 1315 πλοῦ-

283 1384 403 1432 τον,
436 1366 530 1419 καὶ
558 1364 659 1438 ἔσῃ
698 1364 845 1437 ἄξιός
876 1378 1007 1416 ποτε
1053 1359 1148 1414 τοῦ
1182 1357 1317 1413 Θεοῦ
1351 1356 1657 1428 ἄνθρωπος.
1697 1348 1865 1407 Ὅταν

287 1459 348 1511 δὲ
381 1458 475 1511 καὶ
506 1455 976 1527 προσενεχθέντων
1031 1470 1135 1518 σοι,
1172 1450 1246 1523 μὴ
1290 1449 1481 1522 λάϐῃς,
1530 1445 1669 1501 ἀλλὰ
1709 1462 1866 1516 περι-

291 1551 429 1623 ίδῃς,
475 1549 597 1601 τότε
628 1547 690 1600 οῦ
741 1546 900 1618 μόνον
934 1545 1218 1617 ἄνθρωπος
1248 1543 1347 1614 ἔσῃ
1393 1539 1549 1607 Θεοῦ,
1596 1537 1732 1594 ἀλλὰ
1772 1538 1866 1591 καὶ

285 1628 365 1705 ὡς
394 1639 642 1709 ἄγγελος.

866 1745 1121 1801 ΚΕΦΑΛ.
1160 1742 1289 1799 ΚΒ’.

360 1862 529 1916 Ὅταν
554 1860 809 1915 κλαίοντα
837 1859 952 1933 ῐδῃς
982 1858 1103 1913 τινὰ
1126 1858 1185 1911 ὲν
1213 1855 1419 1924 πένθει,
1454 1855 1489 1927 ἢ
1517 1853 1865 1927 ἀποδημοῦν-

1959 508 2121 565 quam
2165 506 2358 549 eorum
2402 505 2525 563 quae
2561 490 2618 546 in
2665 491 2791 548 aliis
2832 499 2979 555 sunt.
3027 491 3273 562 alioquin
3323 494 3530 551 servire

1960 599 2245 641 necessum
2274 591 2376 641 εει.

2537 699 2766 757 CAPUT
2802 698 2948 756 XXI.

2030 815 2333 882 Memento,
2381 815 2529 887 quod
2580 823 2829 887 oportet,
2884 823 2947 870 ut
3001 823 3053 871 te
3107 814 3534 880 circumferens.

1962 907 2105 964 sicut
2153 907 2210 963 in
2250 908 2502 963 convivio
2576 908 2920 964 converseris
2960 908 3165 982 2334
3221 909 3539 979 pervenith

1963 999 2166 1067 aliquid
2206 1000 2275 1055 ad
2306 1000 2396 1055 te?
2422 1000 2718 1056 extendens
2750 1015 2972 1055 manum
3022 1001 3270 1058 modeste
3307 1003 3534 1073 accipe:

1963 1096 2224 1163 praeterit,
2253 1109 2321 1149 ne
2348 1094 2588 1150 detineas
2616 1114 2629 1150 :
2659 1096 2899 1150 nondum
2932 1096 3100 1161 venit,
3130 1111 3198 1152 ne
3222 1097 3381 1169 longe
3408 1113 3535 1168 pro-

1966 1185 2157 1240 tendas
2193 1185 2512 1255 appetitum,
2567 1187 2659 1242 sed
2699 1194 2977 1256 exspecta,
3028 1186 3203 1243 donec
3247 1190 3540 1244 accesserit

1966 1276 2035 1331 ad
2069 1287 2120 1332 te
2149 1295 2162 1331 :
2197 1278 2279 1333 sic
2320 1287 2371 1333 te
2397 1294 2556 1347 geras
2584 1294 2713 1351 erga
2750 1281 2912 1346 tilios,
2948 1282 3028 1336 sic
3054 1295 3183 1351 erga
3226 1282 3536 1353 coniugem,

1965 1386 2093 1441 erga
2126 1371 2498 1440 magistratus,
2523 1387 2653 1443 erga
2678 1373 2931 1441 divitias;
2965 1374 3186 1443 erisque
3211 1375 3426 1430 tandem
3458 1376 3541 1430 di-

1966 1478 2106 1533 gnus
2131 1461 2225 1516 Dei
2253 1462 2414 1517 homo
2444 1482 2457 1517 :
2482 1464 2702 1533 quando
2732 1480 2859 1521 vero
2899 1465 3080 1521 oblata
3112 1466 3208 1521 tibi
3239 1482 3347 1523 non
3380 1482 3539 1523 acce-

1965 1547 2133 1617 peris,
2168 1557 2298 1602 tunc
2337 1563 2445 1603 non
2491 1549 2669 1605 solum
2713 1549 2823 1605 eris
2863 1548 3030 1605 homo
3072 1549 3188 1618 Dei,
3238 1552 3335 1609 sed
3375 1539 3538 1610 etiam

1967 1639 2114 1695 velut
2146 1640 2389 1709 angelus.

2536 1755 2766 1812 CAPUT
2810 1753 2969 1810 XXII.

2041 1867 2178 1923 Cum
2227 1868 2463 1939 aliquem
2519 1868 2573 1924 in
2620 1870 2769 1926 luctu
2819 1871 3114 1941 ejulantem
3164 1872 3539 1942 conspexeris,

283 1973 385 2018 τος
410 1955 628 2021 τέκνου,
649 1953 683 2025 ἢ
704 1952 1087 2009 ἀπολελωκότα
1110 1951 1179 2007 τὰ
1205 1950 1420 2015 ἑαυτοῦ,
1443 1950 1680 2021 πρόσεχε
1704 1948 1780 2019 μή
1805 1963 1865 2000 σε

1995 1967 2072 2014 tut
2102 1961 2249 2030 quod
2281 1961 2426 2017 filius
2468 1978 2692 2032 peregre
2725 1962 3000 2033 profectus
3039 1964 3222 2031 fuerit,
3257 1976 3354 2019 aut
3396 1966 3544 2035 quod

283 2050 321 2119 ἡ
356 2049 628 2118 φαντασία
669 2047 1016 2121 συναρπάσῃ,
1059 2044 1136 2109 ὡς
1171 2045 1231 2099 ἐν
1279 2044 1470 2107 κακοῖς
1512 2043 1665 2106 ὄντος
1699 2040 1866 2095 αὑτοῦ

1995 2067 2066 2106 'es
2108 2066 2239 2107 suas
2297 2052 2561 2119 amiserit,
2611 2056 2849 2121 attende,
2896 2071 2965 2111 ne
3016 2065 3069 2111 te
3106 2058 3364 2127 corripiat
3407 2058 3547 2111 visio

287 2147 405 2208 τοῖς
450 2144 627 2209 ἐκτὸς,
673 2142 788 2197 ἀλλ’
815 2141 976 2205 εὐθὺς
1007 2138 1147 2195 ἔστω
1194 2137 1503 2209 πρόχειρον,
1548 2135 1629 2189 ὅτι
1681 2132 1873 2189 τοῦτον

1995 2144 2164 2199 mimo
2204 2153 2612 2214 repraesentata,
2660 2146 2885 2217 perinde
2928 2163 2991 2202 ac
3021 2148 3067 2204 si
3108 2148 3198 2204 ille
3241 2158 3549 2204 versaretur

288 2237 485 2300 θλίϐει,
518 2237 579 2290 οὐ
610 2240 670 2290 τδ
700 2233 1047 2307 συμϐεϐηκὸς
1082 2231 1262 2304 (ἄλλον
1280 2231 1387 2303 γὰρ
1412 2229 1471 2282 οὺ
1496 2227 1711 2299 θλίϐει),
1736 2227 1872 2281 ἀλλὰ

286 2329 353 2383 τὺ
382 2329 557 2400 δόγμα
605 2329 667 2382 τὸ
696 2325 1087 2401 περὶτούτων,
1140 2323 1303 2395 μέχρι
1348 2321 1533 2392 μέντοι
1585 2319 1746 2389 λόγου
1799 2318 1874 2390 μὴ

287 2420 443 2474 ὄκνει
485 2418 876 2491 περιφέρεσθαι
926 2416 1094 2486 αὐτῷ,
1125 2415 1228 2470 κᾶν
1273 2412 1418 2468 οὕτω
1459 2412 1619 2484 τύχῃ,
1657 2428 1877 2466 συνεπι-

292 2513 568 2578 στενάξαι,
604 2510 885 2584 προσέχων
917 2508 1100 2581 μέντοι
1128 2507 1203 2579 μὴ
1232 2509 1329 2561 καὶ
1353 2505 1558 2560 ἔσωθεν
1586 2503 1871 2577 στενάξῃς.

1978 2236 2035 2291 in
2071 2237 2228 2292 malis
2262 2238 2647 2304 exterioribus,
2694 2238 2791 2295 sed
2836 2241 3019 2295 statim
3068 2241 3165 2296 tibi
3214 2250 3412 2311 praesto
3455 2242 3548 2308 sit,

1981 2327 2127 2396 quod
2183 2327 2476 2395 nimirum,
2538 2344 2646 2385 non
2692 2331 2838 2400 quod
2882 2332 3081 2387 accidit
3125 2332 3277 2387 illum
3332 2332 3554 2388 amictat

1986 2416 2173 2487 (alium
2228 2419 2372 2472 enim
2427 2419 2653 2475 minime
2678 2422 2908 2494 alﬂigit),
2960 2422 3056 2479 sed
3111 2424 3326 2495 Opinio,
3384 2440 3551 2495 quam

1979 2505 2143 2562 habet
2198 2506 2267 2561 de
2314 2507 2423 2563 illis
2454 2525 2467 2561 :
2498 2524 2685 2565 verum
2734 2511 2916 2580 quoad
2971 2513 3063 2580 id,
3106 2516 3251 2583 quod
3324 2515 3552 2585 exigunt

290 2605 480 2670 verba,
514 2619 583 2659 ne
611 2612 666 2661 te
698 2603 876 2674 pigeat
907 2603 1053 2661 circa
1134 2603 1313 2672 ipsum
1392 2614 1635 2666 manere,
1678 2597 1835 2669 sique
1872 2596 1945 2653 ita
1984 2598 2284 2671 contingat,
2309 2603 2713 2670 congemiscere
2753 2608 2952 2675 stmul;
3009 2621 3204 2664 caveas
3250 2617 3453 2675 tamen,
3484 2623 3554 2665 ne

292 2701 529 2758 interius
557 2700 720 2756 etiam
753 2697 1148 2768 congemiscas.

874 2810 1126 2864 ΚΕΦΑΛ.
1168 2808 1293 2863 Kl".

369 2880 630 2999 Μέμνησο
652 2926 733 2981 ὅτι
757 2923 1058 2995 ὑποκριτὴς
1078 2918 1130 2977 εί
1144 2923 1422 2995 δράματος
1447 2919 1561 2973 οἴου
1583 2919 1629 2974 δ’
1652 2919 1717 2974 ἂν
1745 2919 1875 2994 θέλῃ

2538 2811 2769 2870 CAPUT
2808 2813 2994 2869 XXIII.

2052 2921 2359 2979 Recordare
2385 2925 2531 2993 quod
2555 2935 2708 2982 actor
2739 2939 3060 2999 personatus
3082 2945 3140 2985 es
3170 2930 3384 2998 fabula},
3416 2949 3555 3004 qua-

294 3019 326 3071 δ
346 3018 686 3081 διδάσκαλος,
718 3015 783 3070 ἂν
810 3014 984 3087 βραχὺ
1016 3012 1266 3085 βραχέος,
1296 3012 1363 3066 ἂν
1397 3010 1609 3083 μακρὸν
1633 3011 1875 3082 μακροῦο

1995 3029 2088 3068 ιοιιι
2134 3016 2369 3073 voluerit
2417 3020 2717 3085 magister;
2749 3021 2949 3084 brevis,
2990 3023 3035 3077 si
3071 3023 3325 3093 brevem;
3360 3027 3554 3099 longae,

296 3111 395 3165 ὲάν
430 3126 491 3164 σε
534 3108 751 3180 πτωχὸν
786 3108 1083 3179 ὑποκρίναι
1113 3104 1270 3176 θέλῃ,
1315 3103 1403 3157 ἵνα
1435 3104 1529 3158 καὶ
1569 3102 1754 3156 τοῦτον
1785 3102 1877 3155 εῦ-

298 3203 450 3272 φυῶς
488 3200 775 3272 ὑποκρίνῃ,
808 3199 874 3255 ἂν
903 3198 1100 3270 χωλὸν,
1125 3197 1191 3252 ἂν
1234 3197 1493 3267 ἄρχοντα,
1526 3194 1595 3249 ἂν
1622 3194 1837 3263 ἰδιώτην
1863 3209 1879 3226 ο

301 3296 396 3349 σὺν
422 3296 531 3367 γὰρ
556 3294 716 3348 τοῦτό
744 3294 863 3346 ἐστι
889 3290 950 3345 τδ
975 3291 1125 3345 δοθὲν
1153 3289 1448 3362 πρόσωπον
1480 3286 1880 3360 ὑποκρίνασθαι

300 3387 484 3451 καλῶς
512 3384 833 3451 ἐκλέξασθαι
865 3383 924 3438 δὲ
952 3382 1084 3438 αὐτὸ
1114 3380 1301 3437 ἄλλου.

885 3608 1138 3662 ΚΕΦΑΛ.
1178 3608 1305 3661 KA'.

376 3714 563 3789 Κόραξ
603 3717 730 3772 ὅταν
762 3716 836 3789 μὴ
866 3716 1042 3771 αἴσιον
1082 3717 1352 3790 κεκράγῃ,
1387 3716 1464 3789 μὴ
1493 3715 1888 3787 συναρπαζέτω

307 3827 371 3865 σε
400 3811 433 3882 ἡ
461 3810 730 3880 φαντασία
753 3809 846 3864 τοῦ
871 3810 1142 3882 δαίμονος,
1169 3811 1284 3865 ἀλλ’
1314 3811 1475 3874 εὐθὺς
1505 3810 1705 3880 διαίρει
1737 3808 1888 3880 παρὰ

308 3902 542 3973 σεαυτῷ,
575 3902 670 3955 καὶ
697 3901 844 3971 λέγεο
866 3901 1082 3956 Τούτων
1111 3902 1236 3972 ἐμοὶ
1259 3900 1413 3955 οὐδὲν
1436 3902 1599 3972 ἐπιση
1609 3900 1881 3972 μαίνεται,

305 3992 425 4048 ἀλλ’
464 3992 500 4063 ἢ
542 3990 619 4063 τῷ
661 3990 873 4063 σώματί
903 4009 1026 4064 μου,
1052 3993 1087 4062 ἢ
1127 3991 1207 4063 τῷ
1235 3990 1496 4063 κτησιδίῳ
1528 4008 1653 4063 μου,
1684 3990 1778 4045 καὶ
1809 3989 1888 4060 τῷ

306 4082 540 4153 δοξαρίῳ
571 4100 696 4153 μου,
726 4083 760 4154 ἢ
795 4084 909 4147 τοῖς
940 4082 1175 4149 τέκνοις,
1206 4083 1241 4154 ἢ
1284 4084 1351 4154 τῇ
1392 4081 1635 4151 γυναικὶ,
1677 4082 1802 4152 ἐμοὶ
1831 4082 1889 4136 δὲ

307 4178 489 4229 πάντα
539 4177 692 4231 αίσια
740 4175 1087 4247 σημαίνεται,
1138 4176 1234 4230 ἐὰν
1283 4175 1394 4246 ἐγὼ
1426 4175 1567 4230 θέλω
1597 4188 1611 4203 ⁸
1636 4175 1665 4228 ὅ
1688 4192 1741 4227 τι
1778 4176 1889 4245 γὰρ

310 4268 380 4322 ἂν
429 4267 634 4322 τούτων
665 4267 958 4340 ἀποϐαίνῃ,
1007 4266 1095 4320 ἐπ’
1149 4267 1273 4340 ἐμοί
1331 4270 1481 4323 ἐστιν
1529 4265 1661 4322 αὐτὸ
1707 4265 1889 4330 καλῶς

312 4359 524 4415 θέσθαι.

891 4495 1139 4551 ΚΕΦΑΛ.
1178 4492 1310 4550 KE'.

398 4608 675 4680 Ἀνίκητος
724 4606 862 4662 εἶναι
908 4608 1179 4674 δύνασαι,
1202 4608 1298 4663 ἐὰν
1324 4610 1403 4673 είς
1458 4608 1663 4680 μηδένα
1707 4607 1895 4678 ἀγῶνα

314 4700 672 4772 καταϐαίνῃς,
699 4700 759 4754 ὃν
788 4702 889 4754 οὐκ
916 4700 1065 4754 ἐστιν
1097 4701 1190 4755 ἐπὶ
1224 4702 1308 4754 σοι
1339 4700 1584 4772 νικῆσαι.

890 4836 1144 4890 ΚΕΦΑΛ.
1183 4814 1329 4903 Kq'.

388 4954 531 5020 Ὅρα
579 4952 790 5022 μήποτε
848 4950 972 5004 ίδών
1008 4968 1132 5005 τινα
1175 4951 1611 5025 προτιμώμενον,
1643 4952 1676 5020 ἢ
1730 4967 1899 5023 μεγα-

316 5044 628 5115 λυνόμενον,
671 5044 705 5114 ἢ
754 5043 930 5106 ἄλλως
979 5043 1393 5113 εὐδοκιμοῦντα,
1422 5044 1757 5116 μακαρίσῃς,
1795 5042 1901 5096 ὑπὸ

318 5138 420 5209 τῆς
449 5140 747 5209 φαντασίας
777 5139 1204 5210 συναρπασθείς.
1240 5140 1338 5192 ’Ἂν
1384 5139 1493 5209 γὰρ
1541 5141 1600 5193 ὲν
1644 5142 1757 5203 τοῖς
1802 5139 1902 5191 οὐκ

319 5232 406 5300 ἐφ’
446 5233 575 5301 ἡμῖν
615 5233 649 5301 ή
701 5214 859 5283 οὐσία
890 5229 985 5282 τοῦ
1013 5230 1219 5299 ἀγαθοῦ
1271 5230 1327 5303 ᾗ,
1362 5230 1487 5285 οὔτε
1522 5232 1736 5301 φθόνος,
1781 5231 1904 5285 οὔτε

320 5320 623 5391 ζηλοτυπία
655 5319 836 5394 χώραν
877 5319 991 5391 ἔχει
1026 5336 1039 5349 ·
1064 5320 1184 5374 οὐδὲ
1215 5322 1324 5393 γὰρ
1368 5322 1670 5394 στρατηγὸς
1697 5322 1731 5394 ἢ
1765 5321 1905 5393 πρύ-

321 5429 496 5475 τανις,
543 5412 577 5484 ἢ
628 5411 832 5479 ὕπατος
883 5410 1020 5468 εἶναι
1068 5412 1261 5477 θέλεις,
1307 5413 1422 5466 ἀλλ’
1457 5413 1757 5485 ἐλεύθερος.
1792 5415 1906 5469 Μία

322 5504 380 5557 δὲ
429 5503 547 5569 ὁδὸς
600 5504 737 5576 πρὸς
782 5503 971 5573 τοῦτο,
1036 5505 1442 5577 καταφρόνησις
1497 5503 1605 5559 τῶν
1670 5507 1769 5561 οὐκ
1819 5507 1908 5577 ἐφ’

325 5597 481 5667 ἡμῖν.

1916 4366 1963 4424 ῐ)

1981 3108 2026 3163 si
2062 3109 2382 3180 longamzsi
2419 3112 2550 3166 velit
2590 3113 2821 3170 mendici
2849 3123 2908 3170 ut
2937 3131 3067 3186 agas
3092 3132 3402 3186 personam,
3433 3135 3556 3175 eam

1980 3200 2144 3255 etiam
2179 3202 2413 3272 ingenue
2440 3214 2832 3274 repraesentes;
2867 3206 2913 3261 si
2946 3207 3148 3273 claudi,
3180 3209 3227 3263 si
3267 3209 3556 3280 principis,

1982 3292 2029 3347 si
2071 3294 2301 3361 privati;
2340 3302 2493 3349 tuum
2538 3297 2683 3352 enim
2718 3298 2823 3355 hoc
2864 3308 2948 3355 est
2994 3301 3328 3372 assignatam
3369 3319 3559 3374 perso-

1982 3401 2110 3440 nam
2154 3386 2291 3442 bene
2336 3386 2561 3454 rel‘erre,
2616 3389 2789 3459 ipsam
2837 3406 2963 3445 vero
2999 3392 3236 3464 deligere
3284 3394 3352 3451 ad
3390 3394 3558 3451 alium

1982 3479 2235 3549 pertinet.

2453 3595 2613 3667 335
2637 3595 2866 3653 CAPUT
2907 3598 3093 3654 XXIV.

2056 3707 2289 3776 Quando
2334 3725 2534 3766 corvus
2563 3712 2963 3782 inauspicatum
3005 3716 3365 3782 crocitaverit,
3402 3733 3470 3774 ne
3510 3728 3565 3775 te

1989 3799 2305 3871 imaginatio
2355 3803 2615 3873 corripiat
2641 3804 2939 3871 daemonis;
2986 3823 3174 3863 verum
3226 3814 3407 3865 statim
3448 3812 3565 3867 dis-

1988 3894 2177 3964 tingue
2206 3894 2349 3963 apud
2391 3896 2647 3965 teipsum,
2700 3906 2755 3953 et
2780 3898 2946 3955 dicito
2975 3918 2989 3955 :
3020 3898 3165 3956 Nihil
3196 3902 3327 3956 mihi
3353 3912 3569 3973 porten-

1989 3985 2156 4053 ditur,
2208 3986 2315 4042 nisi
2346 3985 2488 4043 Iorte
2532 4004 2655 4045 meo
2703 3992 2944 4061 corpori,
2989 4002 3086 4048 aut
3130 4008 3254 4049 meo
3287 3995 3565 4063 przediolo,

1990 4087 2045 4133 et
2076 4078 2319 4150 gloriolae
2366 4095 2520 4147 meae,
2569 4089 2667 4137 aut
2696 4082 2843 4150 tiliis,
2892 4092 2989 4139 aut
3034 4084 3214 4151 uxori,
3258 4086 3395 4141 mihi
3441 4102 3571 4143 vero

1994 4165 2170 4224 fausta
2195 4169 2380 4223 omnia
2409 4170 2807 4239 signiﬁcantur,
2831 4173 2875 4229 si
2896 4188 2996 4244 ego
3016 4174 3241 4231 voluero
3257 4216 3272 4241 ,
3300 4176 3569 4247 quidquid

1991 4259 2136 4316 enim
2172 4261 2400 4317 istorum
2437 4264 2697 4329 evenerit,
2745 4265 2800 4319 in
2831 4279 2918 4322 me
2941 4274 3028 4323 est
3056 4266 3161 4323 hoc
3184 4266 3322 4324 bene
3346 4269 3569 4325 ducere.

2558 4489 2788 4547 CAPUT
2838 4490 3007 4549 XXV.

2065 4603 2311 4662 Invictus
2343 4620 2466 4662 esse
2496 4615 2672 4677 potes,
2700 4608 2747 4664 si
2791 4608 3002 4665 nullum
3027 4609 3329 4667 descendas
3355 4610 3410 4665 in
3448 4624 3572 4666 cer-

1996 4707 2202 4767 tamen,
2231 4699 2286 4754 in
2314 4715 2425 4770 quo
2458 4700 2677 4757 vincere
2707 4717 2817 4757 non
2840 4702 2897 4758 in
2931 4714 2984 4759 te
3008 4712 3115 4761 est.

2555 4838 2785 4896 CAPUT
2825 4839 3019 4896 XXVI.

2067 4951 2299 5016 Caveas,
2335 4966 2404 5007 ne
2437 4954 2658 5024 quando
2687 4954 2890 5010 videris
2931 4954 3170 5025 aliquem
3204 4953 3410 5008 honore
3436 4967 3579 5024 pra!-

1999 5042 2192 5107 Iatum,
2220 5053 2314 5099 aut
2348 5045 2778 5115 magnilicatum,
2810 5052 2903 5099 aut
2934 5045 3072 5100 alias
3097 5046 3432 5101 celebratum
3461 5060 3581 5100 ser-

2002 5150 2166 5189 mone
2194 5135 2504 5202 hominum,
2530 5136 2792 5205 praedices
2826 5137 3068 5202 beatum,
3104 5152 3170 5191 ex
3198 5135 3586 5205 imaginatione

2004 5238 2321 5296 correptus;
2351 5243 2475 5282 nam
2507 5228 2552 5283 si
2597 5228 2722 5282 boui
2767 5229 3003 5283 essentia
3048 5228 3375 5283 consisteret
3417 5228 3471 5282 in
3498 5228 3586 5283 his

2006 5335 2127 5390 qua:
2154 5320 2207 5374 in
2234 5320 2395 5374 nobis
2424 5334 2530 5376 non
2562 5325 2713 5383 sunt,
2756 5332 2857 5373 nec
2886 5317 3090 5373 invidia
3128 5317 3308 5372 locum
3339 5318 3583 5380 haberet,

2008 5428 2106 5467 nec
2135 5412 2398 5483 aegritudo
2421 5428 2486 5466 ex
2518 5427 2582 5467 eo
2611 5411 2757 5480 quod
2787 5411 2925 5466 alter
2954 5410 3146 5466 iisdem
3184 5410 3444 5481 potiatur.
3476 5407 3588 5464 Nec

2008 5505 2154 5559 enim
2185 5505 2295 5559 dux
2344 5504 2549 5559 militia?
2590 5514 2682 5558 aut
2724 5512 2924 5567 rector,
2970 5512 3063 5558 aut
3093 5502 3286 5559 consul
3319 5518 3441 5558 esse
3478 5503 3586 5561 vis.

2011 5595 2106 5649 sed
2133 5594 2301 5660 liber;
2335 5595 2400 5648 ad
2437 5610 2558 5649 eam
2585 5603 2767 5649 autem
2796 5609 2908 5649 rem
2944 5594 3103 5648 unica
3130 5592 3215 5647 via
3245 5601 3350 5659 est,
3391 5605 3589 5660 nempe

2025 5693 2372 5756 contemptus
2402 5701 2592 5743 earum
2644 5700 2849 5753 rerum,
2884 5699 3007 5757 quae
3039 5685 3092 5741 iu
3126 5682 3285 5740 nobis
3318 5697 3428 5739 non
3456 5690 3583 5737 sunt
