3808 6226
254 315 415 383 1297

1560 329 1905 390 EPICTETI
1940 331 2323 392 MANUALE.

3406 329 3536 394 1298

251 439 576 510 ἀϐοήθητος
605 438 779 493 ἔσται.
812 438 981 494 Πάλιν
1013 441 1172 496 ποίαν
1202 444 1298 497 καὶ
1335 443 1535 514 ταύτην
1566 444 1851 517 βοήθειαν;

1962 454 2097 509 tum,
2132 457 2227 501 aut
2283 447 2519 499 amicum
2553 444 2787 507 fidelem,
2819 452 2872 497 et
2901 443 3310 500 verecundum?
3337 446 3402 498 ad
3434 445 3537 503 hoc

254 529 435 593 στοὰς
468 529 566 600 οὐχ
597 529 709 595 ἕξει
741 530 830 584 διὰ
860 531 940 597 σὲ,
971 532 1092 585 οὐδὲ
1121 533 1414 603 βαλανεῖα;
1449 536 1557 589 Καὶ
1584 537 1638 589 τί
1660 539 1846 605 τοῦτο;

252 617 407 671 Οὐδὲ
444 617 555 690 γὰρ
576 619 903 691 ὑποδήματα
933 619 1046 691 ἔχει
1066 621 1154 675 διὰ
1181 623 1272 675 τὸν
1306 623 1530 690 σκυτέα,
1559 625 1679 679 οὐδὲ
1710 628 1850 681 ὅπλα

251 709 359 763 διὰ
385 709 478 763 τὸν
506 710 735 781 χαλκέα.
779 712 983 765 Ἱκανὸν
1013 712 1070 765 δὲ
1111 714 1178 766 ἂν
1223 714 1453 780 ἕκαστος
1501 717 1847 789 ἐκπληρώσει

254 799 329 853 τὸ
358 798 555 855 ἑαυτοῦ
584 800 766 873 ἔργον.
789 801 854 855 Ei
875 800 931 854 δὲ
954 800 1110 855 ἄλλον
1132 802 1253 857 τινὰ
1280 802 1417 874 αὑτὴ
1444 804 1843 869 κατεσκεύαζες

256 893 499 961 πολίτην
527 894 737 955 πιστὸν,
767 895 861 947 καὶ
886 894 1174 964 αίδὴμονα,
1207 894 1360 948 οὐδὲν
1392 896 1562 967 αὐτὴν
1590 896 1839 967 ὠφέλεις·

254 984 383 1049 ναὶ,
417 984 613 1038 οὐκοῦν
646 984 821 1047 οὐδεὶς
848 984 1011 1038 αὐτὸν
1043 985 1110 1038 ἄν
1138 985 1438 1055 ὠφέλησεν,
1465 986 1498 1055 ἢ
1526 988 1684 1057 αὐτή.
1709 988 1842 1043 Τίνα

254 1066 391 1137 οὖν,
425 1072 613 1143 φησὶν,
631 1072 739 1139 ἔξω
767 1071 951 1144 χώραν
983 1075 1040 1126 ἐν
1064 1077 1128 1146 τῇ
1163 1075 1353 1143 πόλει;
1384 1078 1449 1146 ἢν
1472 1079 1565 1130 ἐὰν
1579 1076 1708 1149 δύνῃ
1745 1095 1847 1147 φυ-

254 1160 482 1217 λάττων
521 1164 635 1232 ἄμα
682 1163 745 1216 σὲ
800 1164 962 1219 αὐτὸν
1012 1165 1203 1218 πιστὸν
1244 1169 1338 1220 καὶ⁵
1382 1166 1668 1237 αίδήμονα.
1694 1169 1757 1221 Et
1789 1168 1846 1222 δὲ

259 1254 493 1325 ἐκείνην
520 1255 747 1324 ὠφελεῖν
777 1254 1097 1328 βουλόμενος
1120 1256 1447 1320 ἀποϐάλλεις
1481 1258 1675 1322 ταῦτα,
1700 1258 1752 1313 τί
1785 1259 1846 1312 τί»

258 1345 467 1416 διρελος
486 1345 552 1400 ἂν
584 1345 722 1420 αὐτῇ
751 1347 983 1415 γένοισο,
1008 1348 1252 1419 ἀναιδὴς,
1278 1350 1373 1403 καὶ
1405 1350 1631 1414 ἄπιστος
1657 1352 1845 1406 ἀποτε-

261 1436 507 1502 λεσθείς.

1952 538 2133 607 itaque
2177 539 2311 592 mihi
2346 538 2520 608 magis
2551 537 2914 607 opituletnini,
2968 547 3022 591 et
3052 553 3115 592 ea
3172 538 3445 608 postulate
3478 548 3537 593 ut

1951 628 2168 693 faciam,
2191 644 2297 683 non
2326 644 2453 683 vero
2482 628 2592 693 illa,
2613 644 2708 698 per
2739 643 2860 697 quae
2891 629 3003 683 haec
3028 629 3213 684 eadem
3259 628 3533 698 abjiciam.

1950 716 2053 773 Sed
2082 720 2255 789 patria
2306 719 2529 789 (inquit)
2563 730 2829 789 quantum
2884 720 2938 773 in
2995 733 3082 773 me
3133 728 3217 773 est
3244 719 3408 789 338
3433 720 3540 773 erit

1950 811 2155 879 absque
2228 809 2562 878 adjutnento.
2620 807 2858 863 Rursum
2917 809 3079 878 quale
3125 816 3180 863 et
3227 808 3332 862 hoc
3377 807 3535 877 adju—

1950 900 2234 955 mentum?
2266 900 2516 955 Porticus
2534 916 2627 971 per
2654 910 2704 954 te
2734 916 2842 954 non
2862 900 3093 965 habebit,
3111 915 3283 969 neque
3314 898 3535 954 balnea?

1948 991 2015 1048 Et
2062 994 2191 1063 quid
2241 993 2380 1048 hoc?
2431 994 2559 1063 quia
2602 982 2796 1063 nempe
2856 993 3224 1048 calceamenta
3275 1007 3383 1045 non
3438 1006 3535 1062 per

1950 1095 2212 1151 sutorem,
2267 1100 2441 1155 neque
2474 1100 2626 1139 arma
2659 1099 2755 1155 per
2805 1082 3020 1140 fabrum
3054 1084 3307 1139 aerarium
3345 1082 3528 1137 habet.

1946 1175 2193 1232 Sufﬁciet
2217 1185 2397 1232 autem
2430 1176 2477 1232 si
2518 1176 2894 1248 unusquisque
2944 1191 3105 1231 suum
3130 1173 3530 1245 'adimpleverit

1948 1281 2089 1336 Opus
2121 1283 2136 1320 :
2168 1267 2215 1323 si
2257 1281 2386 1321 vero
2413 1266 2649 1338 aliquem
2702 1266 2869 1321 alium
2915 1267 3089 1322 civem
3129 1265 3231 1336 ipsi
3285 1264 3533 1320 efﬁceres

1947 1356 2181 1422 ﬁdelem,
2234 1372 2300 1411 ac
2340 1357 2683 1427 prudentem,
2717 1356 2855 1411 nihil
2908 1365 2965 1411 tu
3012 1356 3159 1411 illam
3218 1355 3531 1427 adjuvares.

1950 1448 2195 1517 profecto
2232 1448 2390 1514 nihil,
2422 1449 2691 1518 siquidem
2722 1449 2906 1503 nullus
2941 1449 3119 1517 ipsum
3148 1447 3313 1517 juvit,
3360 1461 3530 1516 quam

264 1535 371 1590 illa
417 1534 628 1589 eadem.
661 1534 963 1600 Quemnam
995 1536 1178 1606 itaque
1207 1536 1327 1606 (ait)
1379 1535 1635 1592 obtinebo
1696 1537 1874 1593 locum
1914 1541 1969 1595 in
2040 1540 2290 1596 civitate?
2329 1542 2719 1612 Quemcunque
2772 1543 3034 1613 potueris,
3090 1540 3402 1597 custodiens
3455 1549 3533 1594 te-

261 1620 457 1699 ipsum
485 1621 719 1693 ﬁdelem,
750 1637 805 1683 et
831 1628 1220 1683 verecundum.
1267 1626 1324 1682 Si
1357 1644 1487 1685 vero
1518 1630 1706 1685 volens
1739 1632 1887 1689 utilis
1920 1646 2043 1687 esse
2084 1632 2183 1697 illi,
2233 1633 2450 1702 rejicias
2495 1634 2619 1696 ista,
2672 1633 2949 1703 quodnam
3004 1630 3107 1702 ipsi
3152 1632 3531 1702 juvamentum

266 1723 591 1791 prestabis,
621 1732 746 1777 eum
783 1723 901 1793 ipse
928 1723 1171 1779 evaseris
1208 1724 1520 1794 impudens,
1561 1741 1626 1781 ac
1679 1727 1955 1781 inﬁdelis?
3047 1736 3050 1739 ‘

866 1855 1117 1909 ΚΕΦΑΛ.
1158 1855 1281 1910 AB'.

345 1965 700 2040 Προετιμήθη
724 1966 805 2029 τίς
843 1983 937 2021 σου
974 1969 1033 2021 έν
1062 1968 1302 2022 ἑστιάσει
1327 1967 1363 2040 ἢ
1391 1969 1449 2022 ιν
1480 1970 1853 2042 προσαγορεύ-

264 2077 384 2123 σει,
413 2060 447 2132 ἦ
475 2062 533 2114 ἐν
554 2060 633 2131 τῷ
660 2058 1082 2132 παραληφθῆναι
1127 2063 1209 2125 είς
1248 2061 1613 2133 συμϐούλιον;
1656 2064 1720 2116 Εί
1752 2062 1850 2133 μὲν

262 2157 458 2225 ἄγαθὰ
482 2156 655 2211 ταῦτά
675 2158 843 2224 ἐστιν,
874 2157 1087 2228 χαίρειν
1110 2174 1171 2210 σε
1201 2157 1300 2222 δεῖ,
1332 2158 1415 2212 ὅτι
1449 2156 1637 2229 ἔτυχεν
1669 2159 1849 2217 αὐτῶν

262 2249 504 2311 ἐκεῖνος,
525 2248 575 2300 εί
595 2246 653 2299 δὲ
679 2245 826 2300 κακὰ
864 2246 940 2317 μὴ
961 2245 1149 2317 ἄχθου,
1178 2247 1259 2301 ὅτι
1293 2247 1358 2301 σὺ
1386 2246 1463 2319 μὴ
1495 2246 1713 2317 έτυχες’
1754 2249 1850 2317 μέ-

264 2355 452 2411 μνησο
483 2338 562 2402 δὲ,
599 2337 734 2391 διότι
768 2338 834 2392 σὺ
879 2337 943 2391 οὑ
988 2338 1214 2394 δύνασαι
1261 2339 1339 2411 μὴ
1377 2340 1448 2394 τὰ
1492 2340 1631 2393 αὐτὰ
1677 2341 1849 2394 ποιῶν

261 2432 413 2505 πρὸς
446 2431 509 2485 τὸ
537 2431 828 2502 τυγχάνειν
850 2429 961 2484 τῶν
988 2431 1089 2485 οὐκ
1111 2433 1195 2500 ἐφ’
1221 2432 1353 2503 ἡμῖν
1382 2433 1491 2487 τῶν
1523 2432 1650 2486 ἴσων
1677 2431 1852 2499 ἀξιοῦ-

262 2524 425 2578 σθαι.
459 2522 586 2585 Πῶς
623 2523 732 2593 γὰρ
767 2522 883 2577 τσον
921 2522 1148 2577 δύναται
1185 2522 1330 2594 ἔχειν
1360 2526 1390 2578 ό
1418 2525 1494 2597 μὴ
1525 2524 1727 2593 φοιτῶν
1758 2525 1851 2578 ἐπὶ

259 2614 448 2685 θύρας
499 2613 645 2676 τινὸς
683 2611 763 2683 τῷ
799 2614 1094 2681 φοιτῶντις
1140 2614 1198 2667 '0
1230 2614 1304 2685 μὴ
1346 2615 1735 2686 παραπέμπων
1773 2614 1850 2685 τῷ

256 2703 733 2774 παραπέμποντες
772 2702 832 2756 '0
868 2703 942 2774 μὴ
969 2703 1205 2757 ἐπαινῶν
1230 2703 1311 2776 τῷ
1334 2704 1644 2760 ἐπαινοῦντι
1667 2723 1682 2769 ς
1703 2705 1851 2759 Ἀδι-

264 2810 370 2856 κος
409 2788 503 2846 οὖν
548 2791 646 2864 ἔσῃ
689 2792 784 2846 καὶ
819 2792 1114 2864 ἄπληστος,
1147 2794 1197 2847 εί
1222 2795 1298 2867 μὴ
1342 2795 1643 2866 προέμενος
1677 2796 1849 2849 ταῦτα

264 2885 394 2939 ἀνθ’
420 2878 496 2940 ὧν
524 2886 711 2939 ἐκεῖνα
764 2886 1136 2954 πιπράσκεται
1187 2890 1389 2958 προῖκα
1437 2889 1578 2943 αὐτὰ
1614 2889 1850 2963 βουλήσῃ

262 2975 596 3044 λαμϐάνειν.
668 2976 829 3030 Ἀλλὰ
877 2978 1047 3031 πόσου
1100 2980 1505 3051 πιπράσκονται
1555 2979 1846 3051 θρίδακες;

258 3066 465 3121 ὀϐολοῦ
493 3067 561 3121 ἂν
587 3067 730 3122 οὕτω
757 3067 916 3144 τύχῃ,
938 3071 1004 3124 ἂν
1026 3067 1120 3125 οὖν
1147 3089 1230 3137 τις
1261 3073 1563 3144 προέμενος
1596 3073 1687 3127 τὸν
1724 3074 1846 3127 ὀϐο-

2499 1860 2728 1916 CAPUT
2760 1858 2979 1915 XXXII.

2023 1971 2286 2030 Praelatus
2333 1974 2505 2029 fuitne
2534 1973 2633 2029 tibi
2657 1973 2782 2043 quis
2811 1972 2868 2027 in
2894 1970 3165 2036 convivio,
3193 1979 3289 2026 aut
3312 1969 3368 2024 in
3398 1984 3527 2026 conv

1952 2067 2133 2133 cione,
2167 2077 2263 2122 aut
2297 2067 2350 2122 in
2378 2082 2466 2129 eo,
2504 2069 2651 2137 quod
2680 2074 2997 2136 assumptus
3046 2064 3213 2121 fuerit
3251 2066 3317 2121 ad
3350 2065 3531 2121 consi-

1952 2157 2124 2211 lium?
2148 2157 2206 2212 Si
2236 2158 2379 2213 bona
2408 2158 2627 2227 quidem
2656 2157 2772 2212 haec
2799 2165 2949 2221 sunt,
2971 2158 3205 2227 gaudere
3227 2164 3281 2213 te
3298 2165 3529 2227 oportet,

1951 2250 2099 2319 quod
2130 2250 2246 2306 haec
2278 2250 2369 2305 ille
2403 2249 2571 2306 fuerit
2599 2257 2921 2315 assecutus;
2954 2249 3041 2304 sin
3066 2258 3244 2304 autem
3268 2248 3434 2312 mala,
3462 2263 3533 2302 ne

1950 2340 2189 2412 graviter
2236 2339 2380 2396 feras
2426 2340 2571 2411 quod
2605 2341 2783 2411 impos
2839 2341 3014 2396 fueris
3045 2340 3156 2396 voti
3200 2358 3213 2393 :
3260 2348 3532 2395 memento

1950 2444 2119 2496 vero,
2169 2430 2313 2501 quod
2361 2445 2469 2485 non
2520 2438 2677 2501 potes
2737 2430 3040 2502 aequalibus
3085 2430 3315 2501 (scilicet
3360 2430 3533 2484 hono-

1952 2521 2124 2593 ribus)
2147 2522 2345 2593 dignus
2379 2522 2531 2590 ﬁeri,
2557 2524 2605 2579 si
2632 2523 2822 2579 eadem
2853 2539 2965 2579 non
2994 2523 3222 2588 feceris,
3252 2537 3375 2593 quae
3403 2521 3533 2577 fecit

1950 2613 2043 2668 ille
2068 2614 2137 2668 ad
2167 2614 2507 2684 assequenda
2535 2614 2736 2670 similia
2762 2616 2818 2672 in
2847 2615 3009 2671 nobis
3036 2630 3146 2671 non
3174 2614 3529 2679 exsistentia;

1950 2714 2058 2769 qua
2080 2701 2226 2755 enim
2254 2700 2566 2769 aequalitate
2592 2703 2902 2769 conveniet,
2927 2701 3021 2771 qui
3053 2701 3122 2757 ad
3143 2698 3289 2755 fores
3307 2700 3534 2771 ventitat

1950 2793 2183 2862 alicujus
2215 2808 2340 2846 cum
2368 2808 2477 2847 non
2509 2793 2781 2849 adeunte?
2828 2793 2934 2859 Qui
2968 2808 3080 2849 non
3136 2792 3376 2849 associat
3405 2806 3531 2846 cum

1949 2886 2292 2941 associante?
2320 2885 2423 2950 Qui
2466 2900 2574 2940 non
2606 2886 2847 2941 diiaudat
2905 2901 3030 2942 cum
3065 2886 3356 2940 laudante?
3386 2883 3534 2953 Inju-

1950 2985 2068 3031 stus
2098 2976 2263 3047 igitur
2290 2978 2401 3032 eris
2456 2993 2521 3033 ac
2555 2979 2918 3043 inexplebilis,
2949 2981 2996 3034 si
3027 2994 3136 3033 non
3182 2992 3414 3047 erogans
3444 2990 3530 3041 ea,

1948 3083 2048 3139 pro
2091 3069 2293 3139 quibus
2327 3070 2417 3124 illa
2456 3070 2859 3135 divenduntur,
2906 3069 3075 3140 gratis
3124 3069 3241 3137 ipsa
3273 3067 3532 3137 consequi

266 3157 367 3211 λδν
412 3157 555 3229 λάϐῃ
593 3157 873 3227 θρίδακας,
909 3160 974 3213 σὺ
1005 3159 1062 3213 δὲ
1107 3160 1182 3230 μὴ
1208 3162 1509 3233 προέμενος
1547 3164 1622 3235 μὴ
1656 3164 1846 3238 λάϐῃς,

1962 3159 2211 3214 volueris.
2261 3162 2331 3215 At
2396 3160 2589 3230 quanti
2640 3170 2893 3216 vaeneunt
2944 3160 3197 3216 lactucze?
3246 3158 3431 3222 obolo,
3480 3160 3527 3213 si

270 3248 359 3323 μῂ
386 3250 522 3313 οίου,
550 3248 771 3304 ἔλαττον
801 3250 946 3321 ἔχειν
984 3251 1078 3305 τοῦ
1104 3252 1378 3316 λαϐόντος·
1406 3254 1483 3318 ὡς
1503 3255 1611 3325 γὰρ
1646 3257 1853 3320 ἐκεῖνος

265 3339 391 3411 ἔχει
428 3338 707 3411 θρίδακας,
745 3341 887 3396 οὕτω
917 3343 981 3395 σὺ
1011 3343 1102 3398 τὸν
1151 3344 1368 3409 ὀϐολὸν,
1408 3346 1467 3399 ὃν
1492 3347 1594 3400 οὐκ
1624 3346 1850 3412 ἔδωκας.

262 3432 435 3487 Οὕτω
475 3435 571 3488 καὶ
607 3434 859 3502 ἐνταῦθα,
891 3435 952 3488 οὐ
987 3434 1342 3509 παρεκλήθης
1368 3438 1453 3506 ἐφ’
1486 3437 1729 3493 ἑστίασίν
1768 3456 1854 3493 τι·

268 3543 368 3590 νος
390 3542 407 3560 °
445 3527 506 3581 οὐ
535 3527 645 3599 γὰρ
674 3528 880 3591 ἔδωκας
912 3527 991 3599 τῷ
1024 3528 1277 3585 καλοῦντι
1322 3531 1447 3585 ὃσου
1492 3529 1753 3585 πωλεῖται
1793 3531 1855 3586 τὸ

258 3619 510 3683 δεῖπνον,
540 3619 767 3673 ἐπαίνου
800 3618 859 3672 δὲ
894 3620 1060 3674 αὐτοῦ
1104 3620 1292 3685 πωλεῖ,
1325 3620 1623 3692 θεραπείας
1662 3623 1854 3687 πωλεῖ,

259 3711 365 3774 δὸς
398 3711 457 3764 τὸ
485 3710 741 3782 διάφορον
766 3711 841 3782 (εἴ
874 3728 955 3765 σοι
989 3711 1286 3782 λυσιτελὲς)
1318 3714 1443 3767 ὅσου
1485 3714 1771 3779 πωλεῖται,
1806 3716 1855 3768 εί

265 3802 340 3856 δὲ
371 3804 599 3857 κάκεῖνα
650 3802 825 3866 θέλεις
865 3803 941 3874 μὴ
978 3803 1289 3875 προίεσθαι,
1323 3805 1416 3858 καὶ
1444 3806 1618 3859 ταῦτα
1645 3805 1854 3876 λαμϐά-

265 3908 389 3945 νειν
414 3933 429 3956 ,
464 3893 741 3965 ἄπληστος
794 3889 847 3948 εἶ
899 3895 995 3948 καὶ
1042 3894 1354 3966 ἀϐέλτερος.
1391 3896 1559 3949 Οὐδὲν
1587 3892 1681 3951 οὖν
1706 3896 1852 3967 ἔχεις

266 3984 396 4038 ἀντὶ
426 3983 520 4037 τοῦ
550 3984 766 4039 δείπνου
792 4003 807 4051 ;
843 3986 1028 4055 Ἔχεις
1051 3986 1114 4039 τὸ
1144 3986 1219 4057 μὴ
1245 3987 1530 4040 ἐπαινέσαι
1555 3987 1765 4051 τοῦτον,
1789 3988 1848 4041 ὃν

264 4074 374 4128 οὐκ
402 4073 626 4144 ἧθελες⁸
682 4073 744 4127 τὸ
775 4073 850 4146 μὴ
878 4075 1211 4146 ἀνασχέσθαι
1253 4077 1420 4130 αὑτοῦ
1467 4078 1577 4132 τῶν
1623 4079 1715 4132 ἐπὶ
1748 4079 1849 4148 τῆς

269 4182 302 4219 ε
313 4164 506 4219 ίσόδου.

264 4264 440 4325 atque
493 4270 685 4312 vecors

1948 3252 2030 3305 sic
2058 3251 2329 3321 conligat;
2359 3253 2403 3307 si
2434 3253 2559 3323 quis
2584 3267 2712 3323 ergo
2739 3253 2959 3308 obolum
3002 3266 3233 3322 erogans
3266 3249 3537 3320 acceperit

1950 3342 2214 3406 lactucas,
2249 3350 2307 3397 tu
2348 3358 2478 3398 vero
2525 3359 2633 3398 non
2682 3358 2935 3413 erogans,
2973 3358 3084 3397 non
3139 3341 3437 3412 acceperis,
3467 3355 3536 3395 ne

1951 3435 2189 3503 opineris
2214 3443 2265 3489 te
2287 3435 2468 3490 minus
2496 3436 2696 3490 habere
2716 3436 2809 3489 illo
2826 3435 2920 3505 qui
2951 3435 3178 3504 accepit.
3206 3432 3362 3487 Sicut
3387 3433 3533 3487 enim

1953 3525 2117 3581 habet
2156 3526 2248 3580 ille
2296 3526 2558 3591 lactucas,
2618 3525 2689 3580 ita
2746 3534 2805 3580 tu
2842 3525 3045 3580 retines
3093 3523 3256 3595 339
3286 3524 3531 3589 obolum,

1952 3633 2115 3687 quem
2146 3634 2255 3673 non
2284 3618 2482 3673 dedisti
2520 3637 2536 3673 :
2575 3632 2665 3673 res
2697 3617 2859 3673 etiam
2885 3616 2968 3673 sic
2986 3631 3047 3672 se
3073 3615 3236 3671 habet
3262 3616 3318 3671 in
3344 3626 3535 3672 nostro

1951 3710 2264 3779 pr0posito;
2313 3719 2540 3767 vocatus
2566 3726 2677 3765 non
2723 3725 2783 3765 es
2837 3708 2906 3765 ad
2941 3707 3172 3778 alicujus
3220 3708 3533 3763 convivium

1949 3802 2078 3871 quia
2109 3816 2216 3855 non
2247 3800 2445 3856 dedisti
2471 3800 2685 3856 vocanti
2711 3799 2901 3870 quanti
2924 3800 3180 3855 venditur
3205 3798 3531 3870 prandium;

1949 3892 2132 3949 vendit
2158 3902 2338 3949 autem
2375 3908 2474 3963 pro
2506 3893 2593 3949 sui
2626 3893 2801 3962 ipsius
2833 3890 3165 3958 laudatione,
3220 3874 3322 3961 pro
3355 3888 3535 3945 famu-

1947 3983 2084 4045 latu,
2112 3998 2177 4039 ac
2213 3982 2481 4052 obsequio
2519 3983 2733 4049 vendit;
2776 3989 2982 4036 tantam
3034 3980 3213 4051 praebe
3240 3993 3534 4049 expensam

1953 4072 2019 4143 (si
2053 4072 2149 4128 tibi
2208 4074 2446 4145 expedit)
2483 4073 2674 4143 quanti
2717 4070 3064 4137 divenditur;
3123 4070 3169 4124 si
3192 4085 3321 4124 vero
3360 4077 3415 4122 et
3444 4069 3537 4124 illa

1953 4183 2181 4238 erogare
2231 4167 2410 4231 nolis,
2471 4174 2525 4220 et
2554 4166 2801 4234 accipere
2864 4164 3005 4229 ista,
3070 4160 3410 4231 inexplebilis
3451 4174 3533 4233 es,

743 4273 760 4314 :
810 4257 949 4313 nihil
988 4257 1155 4329 igitur
1208 4258 1379 4316 habes
1444 4261 1563 4317 vice
1612 4263 1859 4332 prandii?
1898 4260 2076 4316 Habes
2110 4261 2233 4325 hoc,
2294 4260 2440 4329 quod
2472 4272 2664 4327 nempe
2716 4272 2823 4311 non
2876 4254 3167 4312 dilaudasti
3191 4268 3336 4318 eum,
3373 4266 3536 4322 quem

266 4349 533 4413 noluisti;
587 4349 952 4421 eumdemque
1005 4364 1116 4406 non
1164 4351 1412 4409 tolerasti
1461 4355 1531 4409 ob
1582 4370 1667 4421 ea,
1731 4371 1852 4425 quae
1889 4353 2045 4423 quasi
2078 4367 2175 4422 pro
2205 4351 2406 4405 tributo
2438 4350 2763 4419 requirebat.

856 4490 1109 4546 ΚΕΦΔΛ.
1147 4491 1248 4545 AP

343 4624 418 4677 Τὸ
445 4622 695 4695 βούλημα
737 4624 837 4696 τῆς
860 4623 1078 4695 φύσεως
1102 4626 1445 4699 καταμαθεῖν
1478 4628 1645 4692 ἐστιν,
1686 4628 1745 4693 ἐξ
1776 4623 1853 4683 ὧν

266 4715 337 4768 οὐ
363 4715 734 4788 διαφερόμεθα
769 4718 907 4789 πρὸς
928 4718 1212 4790 ἀλλήλους,
1236 4714 1363 4774 υἷον
1393 4720 1521 4773 ὅταν
1550 4720 1679 4774 ἄλλο
1721 4740 1851 4775 παι-

270 4806 461 4878 δάριον
479 4807 722 4881 κατεάξῃ
740 4808 800 4860 τὸ
823 4810 1085 4880 ποτήριον
1115 4811 1405 4881 πρόχειρον
1426 4811 1608 4877 εὐθὺς,
1637 4813 1718 4865 ὅτι
1743 4812 1852 4865 τῶν

270 4900 596 4970 γινομένων.
630 4899 768 4955 Ἵσθι
790 4895 928 4955 εἶναι
957 4903 1044 4956 ὅτι
1072 4902 1175 4957 κᾶν
1218 4905 1277 4957 τὸ
1302 4904 1392 4956 σὺν
1414 4908 1653 4976 κατεαγῇ
1676 4905 1854 4959 τοιοῦ-

270 5005 367 5042 τον
400 4986 540 5045 εἷναί
566 5008 625 5044 σε
656 4992 756 5059 δεῖ,
780 4995 963 5046 ὁποῖον
993 4994 1082 5048 ὅτε
1120 4994 1215 5048 καὶ
1245 4996 1339 5049 τοῦ
1380 4996 1541 5049 ἄλλου
1582 4996 1849 5067 κατεάγη.

272 5079 432 5134 Οὕτω
467 5083 767 5151 μετατίθει,
800 5085 894 5137 καὶ
926 5084 1019 5137 ἐπὶ
1059 5085 1129 5138 τὰ
1163 5086 1405 5155 μείζονα.
1453 5088 1656 5143 Τέκνον
1691 5088 1853 5142 ἄλλου

272 5170 557 5243 τέθνηκεν,
606 5172 638 5242 ἢ
679 5173 838 5244 γυνὴ,
874 5172 1050 5237 οὐδείς
1069 5174 1217 5226 ἐστιν
1246 5175 1393 5238 ὅστις
1434 5176 1535 5228 οὐκ
1585 5175 1653 5230 ἂν
1684 5176 1847 5240 εἴποι,

272 5258 411 5313 διότι
459 5259 820 5331 ἀνθρώπινον,
869 5261 983 5316 ἀλλ’
1037 5264 1166 5317 ὅταν
1215 5264 1276 5317 τὸ
1316 5263 1481 5317 αὐτοῦ
1533 5281 1677 5329 τινος
1721 5267 1855 5318 ἁπο-

274 5350 437 5423 θᾶνῃ.
466 5352 649 5418 εὐθὺς,
673 5356 831 5425 Οἴμοι
857 5356 871 5410 l
906 5357 1021 5421 καὶ,
1050 5356 1231 5419 Τάλας
1256 5354 1385 5425 ἐγώ.
1439 5355 1641 5426 Ἐχρῆν
1670 5355 1727 5408 δὲ
1757 5374 1854 5426 με-

281 5443 518 5514 μνῆσθαι
546 5446 600 5500 τί
640 5446 923 5518 πάσχομεν
955 5448 1084 5519 περί
1116 5447 1291 5503 ἄλλων
1320 5446 1397 5510 ὡς
1423 5446 1555 5501 αὐτὸ
1584 5446 1853 5503 ἀκούσαν-

275 5551 389 5600 τες.

2482 4489 2713 4545 CAPUT
2755 4488 2993 4541 XXXIII.

2028 4629 2244 4685 Natura:
2296 4629 2548 4682 voluntas
2581 4633 2667 4682 est
2698 4622 3067 4696 pernoscenda
3099 4637 3164 4677 ex
3210 4621 3297 4677 bis
3326 4622 3379 4675 in
3411 4622 3535 4691 qui-

1954 4722 2057 4777 bus
2087 4723 2230 4776 inter
2276 4735 2376 4775 nos
2420 4719 2649 4773 minime
2679 4716 3005 4771 differimus.
3040 4713 3282 4782 Exempli
3311 4714 3485 4783 gratia
3519 4732 3532 4766 :

1955 4814 2174 4884 quando
2205 4813 2366 4867 alius.
2393 4812 2651 4881 puerulus
2704 4808 2975 4879 eﬂregerit
3029 4805 3286 4874 poculum
3308 4847 3323 4871 ,
3354 4804 3535 4860 statim

1954 4913 2039 4961 est
2069 4906 2120 4960 in
2160 4913 2443 4975 promptu;
2498 4902 2643 4973 quod
2674 4908 2760 4956 est
2788 4916 2855 4955 ex
2888 4900 2993 4966 his,
3023 4912 3146 4968 quae
3190 4896 3367 4952 solent
3397 4898 3538 4952 acci-

1956 4998 2103 5064 dere,
2119 4998 2263 5053 scias
2292 5010 2422 5065 ergo
2468 4994 2612 5064 quod
2648 4993 2693 5048 si
2725 5002 2876 5047 tuutn
2908 4991 3074 5046 etiam
3117 4990 3423 5061 frangatur,
3457 4998 3534 5043 ta-

1957 5088 2062 5142 lem
2091 5102 2211 5142 esse
2250 5096 2301 5141 te
2341 5096 2573 5156 oportet,
2607 5085 2805 5154 qualis,
2836 5084 2965 5137 dum
2998 5083 3224 5137 alterius
3263 5083 3394 5137 illud
3426 5081 3536 5136 fra-

1953 5188 2104 5234 ctum
2136 5178 2330 5241 fuerat,
2370 5176 2695 5231 exsistebas.
2748 5174 3009 5230 Similiter
3046 5172 3285 5229 transfer
3315 5173 3422 5228 hoc
3470 5174 3538 5227 ad

1960 5269 2188 5340 majora.
2224 5268 2397 5324 Filius
2422 5268 2647 5322 alterius
2695 5266 2852 5331 obiit,
2889 5272 2984 5319 aut
3026 5279 3199 5330 uxor;
3250 5278 3416 5318 nemo
3456 5272 3542 5318 est

1959 5359 2051 5431 qui
2100 5374 2211 5415 non
2271 5360 2437 5425 dicat,
2489 5359 2634 5429 quod
2685 5372 2879 5426 nempe
2919 5357 3220 5410 humanum
3275 5363 3391 5421 est;
3443 5355 3540 5409 sed

1960 5450 2180 5520 quando
2231 5449 2465 5519 alicujus
2516 5448 2769 5518 proprius
2823 5446 3122 5502 decesserit
3183 5446 3351 5511 ﬁlius,
3403 5460 3539 5500 con-

1961 5535 2141 5591 festim
2173 5552 2185 5589 :
2222 5534 2321 5590 Bei
2377 5535 2533 5600 mihi,
2580 5544 2633 5589 et
2681 5536 2846 5590 miser
2913 5548 3048 5604 ego;
3108 5542 3165 5587 at
3226 5532 3541 5589 meminisse

1962 5627 2264 5697 oportebat,
2292 5642 2400 5697 qua
2422 5628 2679 5699 passione
2701 5626 2970 5684 afﬁcimur
2992 5625 3058 5682 de
3083 5625 3229 5693 aliis,
3244 5625 3464 5697 quando
3485 5624 3538 5679 id

1963 5716 2142 5785 ipsum
2173 5715 2527 5775 audierimus.
