3808 6226
335 320 472 389 1299
946 396 949 401 ,

864 434 1096 492 CAPUT
1125 437 1364 495 XXXIV.

402 548 557 605 Sicut
578 559 719 606 meta
751 565 857 606 non
881 554 1103 623 ponitur
1132 556 1198 611 ad
1223 555 1611 627 aberrandum,
1638 558 1711 615 ita
1732 576 1908 631 neque

327 642 457 695 mali
510 651 705 697 natura
769 642 825 698 in
857 646 1061 701 mundo
1096 648 1331 704 exsistit.
1385 648 1445 702 Si
1491 665 1693 721 corpus
1751 659 1907 708 tuum

328 734 455 815 quis
486 733 1080 792 committeretobviam
1099 739 1566 812 venienti,utique
1596 743 1910 815 indignare-

327 814 426 891 ris,
457 825 601 896 quod
633 836 813 881 autem
842 828 919 882 tui
949 828 1122 898 ipsius
1155 831 1397 886 animum
1425 831 1588 904 340
1615 814 1911 908 unicuique

329 926 386 973 tu
411 922 740 985 committas,
766 919 839 975 ita
860 929 919 975 ut
941 922 985 977 si
1016 922 1262 978 convicia
1286 924 1385 979 tibi
1414 925 1630 994 dixerit,
1661 929 1911 984 turbetur

328 1008 453 1075 ille,
515 1025 623 1064 non
652 1010 1074 1065 verecundaris?
1139 1011 1271 1068 Eam
1335 1013 1406 1069 ob
1462 1030 1577 1071 rem
1644 1018 1911 1089 cujusque

334 1102 515 1173 cperis
543 1102 828 1158 considera
878 1103 1285 1169 antecedentia,
1333 1107 1688 1177 ejusdemque
1717 1125 1911 1167 conse-

335 1185 578 1253 quentia,
612 1184 798 1254 sicque
847 1187 915 1240 ad
970 1185 1099 1241 illud
1132 1190 1352 1254 accede,
1377 1191 1618 1261 alioquin
1670 1194 1909 1263 primum

336 1276 590 1330 alacriter
615 1276 883 1346 suscipies
911 1277 1035 1345 iter,
1062 1280 1261 1350 quippe
1288 1282 1385 1353 qui
1413 1282 1547 1338 nihil
1572 1284 1911 1355 subsequen-

328 1367 463 1422 lium
498 1367 553 1421 in
593 1377 831 1424 mentem
859 1375 1152 1438 revocasti,
1191 1372 1286 1428 sed
1327 1383 1533 1444 postea,
1572 1391 1695 1431 cum
1744 1378 1911 1434 dede-

330 1472 453 1514 cora
487 1458 735 1529 quatdam
763 1475 1025 1531 apparere
1063 1464 1349 1533 coeperint,
1381 1464 1633 1522 absistes.

878 1575 1109 1633 CAPUT
1141 1577 1357 1634 XXXV.

402 1695 495 1754 Vis
527 1692 796 1764 Olympico
827 1694 880 1749 in
916 1695 1215 1751 certamine
1234 1695 1495 1752 vincere?
1515 1696 1590 1752 lta
1621 1712 1715 1768 per
1741 1697 1910 1752 Deum

1817 333 2115 397 SPURIA.

1932 448 1984 507 Δ

3445 333 3576 400 1300

2588 445 2840 500 ΚΕΦΑΛ.
2871 442 2990 500 AA'.

2084 557 2296 628 Ὠσπερ
2320 556 2519 619 σκοπὸς
2546 557 2683 629 πρὸς
2724 558 2786 612 τὸ
2826 556 3223 627 ἀποτυγχάνειν
3258 556 3321 610 ού
3353 557 3577 611 τίθεται·

2009 649 2184 713 οὕτως
2212 649 2332 703 οὐδὲ
2362 648 2536 704 κακοῦ
2572 649 2734 720 φύσις
2763 651 2820 703 ὲν
2842 650 3031 720 κόσμῳ
3049 649 3281 717 γίνεται,
3315 650 3365 702 εί
3398 649 3499 718 μὲν
3526 650 3583 703 τὸ

2012 740 2174 811 σῶμά
2200 739 2292 793 σού
2319 757 2403 803 τις
2436 740 2703 811 ἐπέτρεπε
2727 739 2805 808 τῷ
2830 740 3223 809 ἀπαντήσαντι,
3254 739 3584 807 ἠγανάκτεις

2010 828 2259 895 ἄν;”οτι
2287 828 2341 881 δὲ
2376 830 2440 882 σὺ
2473 829 2570 883 τὴν
2613 828 2837 897 γνώμην
2877 827 2977 897 τὴν
3018 825 3216 879 σαυτοῦ
3267 828 3587 896 ἐπιτρέπεις

2010 916 2090 987 τῷ
2113 918 2347 986 τυχόντι,
2381 918 2466 970 ἵνα
2508 918 2602 971 ἐὰν
2626 916 2928 988 λοιδορῆται
2971 934 3051 969 σοι
3088 917 3338 987 ταραχθῇ
3381 916 3585 987 ἐκείνη,

2011 1009 2106 1063 καὶ
2132 1008 2372 1080 συγχυθῇ
2395 1009 2496 1062 οὐκ
2516 1009 2746 1082 αἰσχύνῃ
2766 1027 2780 1072 ;
2805 1007 3006 1061 Τούτου
3041 1008 3203 1061 ἕνεκα
3224 1009 3467 1061 ἑκάστου
3499 1006 3587 1079 ἕρ-

2012 1117 2109 1168 γου
2140 1102 2331 1154 σκόπει
2358 1101 2426 1154 τὰ
2461 1100 2865 1172 καθηγούμενα.
2891 1101 2984 1153 καὶ
3012 1100 3079 1153 τὰ
3103 1099 3377 1153 ἀκόλουθα
3399 1101 3585 1166 αὐτοῦ,

2012 1195 2106 1247 καὶ
2136 1194 2308 1259 οὕτως
2325 1194 2486 1265 ἔρχου
2517 1194 2604 1247 ἐπ’
2626 1192 2758 1246 αὐτό
2777 1210 2790 1224 ο
2815 1194 2864 1245 εί
2892 1193 2949 1246 δὲ
2982 1193 3077 1264 μὴ,
3103 1191 3203 1262 τὴν
3229 1192 3334 1263 μὲν
3364 1192 3587 1264 πρώτην

2012 1286 2309 1359 προθύμως
2367 1284 2536 1356 ἥξεις,
2600 1284 2695 1339 ἆτε
2754 1285 2889 1355 μηδὲ
2940 1283 3049 1338 τῶν
3105 1283 3234 1354 ἑξῆς
3293 1285 3589 1356 ἐντεθυμηο

2016 1378 2197 1450 μένος,
2224 1377 2450 1449 ὕστερον
2477 1378 2533 1431 δὲ
2570 1378 2950 1447 ἀναφανέντων
2973 1376 3135 1431 τινῶν
3172 1377 3426 1449 αἰσχρῶν
3458 1378 3587 1431 ἁπο-

2017 1472 2212 1542 στήσῃ.

2591 1581 2843 1637 ΚΕΦΔΛ.
2879 1581 3002 1637 ΛΕ’.

2082 1694 2271 1760 Θέλεις
2319 1692 2612 1765 Ὀλύμπιον
2660 1693 2919 1765 νικῆσαι;
2971 1695 3141 1762 Κάγὼ
3185 1698 3252 1769 νὴ
3297 1697 3393 1752 τὸν
3438 1698 3589 1761 Θεὸν.

331 1802 433 1855 ego
498 1786 645 1850 volo,
700 1786 1017 1856 praeclarum
1078 1789 1276 1843 etenim
1342 1801 1460 1856 est;
1523 1798 1579 1844 at
1631 1791 1914 1847 considera

2026 1786 2227 1858 κομψὸν
2270 1786 2378 1859 γάρ
2411 1787 2592 1839 ἐστιν’
2639 1784 2775 1840 ἀλλὰ
2821 1789 3011 1840 σκόπει
3065 1787 3136 1841 τὰ
3173 1787 3591 1860 καθηγούμενα,

333 1877 704 1932 antecedentia
752 1886 806 1933 et
834 1882 1225 1950 consequentia
1257 1889 1311 1935 et
1364 1881 1560 1937 deinde
1609 1882 1830 1952 accinge
1860 1892 1913 1940 te

335 1969 506 2037 operi.
534 1967 758 2038 Oportet
779 1970 1026 2025 ordinem
1064 1986 1308 2035 servare;
1365 1975 1694 2030 necessariis
1728 1974 1908 2039 vesci;

314 2061 609 2117 abstinere
637 2076 664 2114 a
692 2076 1020 2131 quocunque
1041 2061 1185 2125 cibo,
1219 2063 1314 2132 qui
1349 2063 1630 2133 coquitur;
1669 2066 1911 2120 exerceri

335 2155 634 2211 secundum
688 2155 1064 2211 necessitatem
1118 2156 1253 2211 hora
1308 2158 1633 2227 praestituta,
1688 2159 1801 2214 sive
1856 2159 1911 2213 in

335 2256 469 2301 aestu
508 2248 598 2311 sit,
643 2245 775 2325 sive
809 2246 863 2301 in
919 2245 1159 2317 frigore;
1229 2261 1338 2301 non
1401 2246 1650 2318 frigidam
1704 2249 1910 2312 bibere,

336 2340 546 2401 vinum,
589 2353 693 2392 non
723 2339 1087 2409 quodcunque
1121 2339 1475 2409 simpliciter;
1513 2351 1744 2410 teipsum
1802 2350 1914 2396 tra-

335 2427 463 2484 dere
505 2429 805 2499 superiori,
835 2430 998 2484 veluti
1034 2430 1279 2496 medico;
1318 2431 1515 2485 deinde
1543 2432 1609 2486 ad
1641 2440 1913 2487 certamen

334 2521 572 2591 prodire.
616 2521 825 2575 Accidit
847 2521 1175 2591 quandoque
1202 2530 1261 2575 ut
1282 2535 1479 2576 manus
1495 2522 1751 2591 jaciatur,
1773 2522 1916 2576 talus

334 2622 596 2677 vertatur,
623 2613 968 2682 multumque
983 2612 1221 2679 pulveris
1246 2613 1561 2679 sorbeatur;
1590 2615 1917 2684 quandoque

332 2714 467 2755 vero
525 2700 784 2769 vapulare
847 2714 1168 2760 necessum;
1230 2714 1464 2770 cumque
1521 2700 1607 2756 his
1662 2700 1916 2757 omnibus

334 2792 601 2862 superari.
643 2790 764 2847 Haec
791 2792 880 2847 ubi
912 2792 1286 2862 perpenderis,
1317 2792 1363 2848 si
1398 2792 1576 2849 adhuc
1604 2794 1756 2860 velis,
1794 2808 1919 2863 pro-

334 2885 562 2956 gredere
594 2884 659 2939 ad
706 2886 1052 2951 certandum;
1095 2884 1335 2954 alioquin
1365 2884 1714 2955 puerulorum
1744 2886 1917 2941 instar

335 2976 778 3039 conversaberis,
831 2976 925 3047 qui
977 2991 1122 3031 nunc
1156 2976 1373 3046 quidem
1400 2978 1694 3033 luctatores
1750 2985 1919 3049 agunt

331 3069 598 3139 iocantes,
633 3083 779 3124 nunc
810 3082 940 3124 vero
974 3068 1315 3139 gladiatores,
1353 3083 1499 3123 nunc
1534 3068 1660 3121 tuba
1691 3075 1914 3132 canunt,

2012 1878 2104 1931 καὶ
2149 1877 2219 1931 τὰ
2257 1876 2546 1943 ἀκόλουθα,
2581 1877 2677 1930 καὶ
2721 1877 2893 1943 οὕτως
2939 1878 3111 1933 ἅπτου
3148 1879 3242 1933 τοῦ
3282 1881 3474 1948 ἔργου.
3508 1883 3596 1934 Δεῖ

2012 1970 2292 2023 εὐτακτεῖν
2324 1970 2776 2038 ἀναγκοτροφεῖν,
2802 1969 3102 2039 ἀπέχεσθαι
3128 1970 3470 2039 πεμμάτων,
3499 1988 3594 2038 γυ-

2015 2062 2276 2133 μνάζεται
2312 2061 2449 2133 πρὸς
2476 2061 2723 2131 ἀνάγκην
2755 2062 2814 2115 ὲν
2838 2060 2958 2132 ὥρα
2989 2062 3323 2132 τεταγμένῃ,
3359 2064 3421 2115 ὲν
3460 2061 3594 2114 καύ-

2017 2169 2167 2225 ματι,
2189 2155 2248 2207 ὲν
2271 2152 2456 2224 ψύχει,
2478 2154 2550 2225 μὴ
2572 2153 2778 2225 ψυχρὸν
2807 2154 3006 2219 πίνειν,
3027 2154 3103 2224 μὴ
3129 2149 3271 2208 οἵνον
3302 2153 3382 2218 ὡς
3408 2154 3595 2224 ἔτυχεν

2014 2247 2233 2310 ἁπλῶςο
2269 2246 2345 2309 ὡς
2392 2245 2563 2318 ίατρῷ
2602 2245 3047 2317 παραδεδωκέναι
3082 2247 3311 2300 σεαυτὸν
3356 2247 3442 2316 τῷ
3470 2250 3595 2301 ὲπιο

2016 2339 2207 2409 στάτῃ,
2234 2332 2352 2391 εἶτα
2380 2339 2438 2391 ἐν
2479 2337 2559 2409 τῷ
2590 2337 2763 2406 ἀγῶνι
2790 2337 3183 2409 παρέρχεσθαι.
3221 2338 3386 2392 Ἐστι
3417 2338 3479 2391 δὲ
3509 2339 3596 2391 ὅτε

2013 2432 2172 2502 χεῖρα
2197 2431 2399 2500 βαλεῖν,
2421 2429 2627 2502 σφυρὸν
2650 2430 2868 2501 τρέψαι,
2889 2430 3089 2502 πολλὴν
3107 2429 3253 2500 ἁφὴν
3281 2435 3594 2495 καταπιεῖν,

2018 2524 2171 2579 Ἐσθ’
2196 2527 2284 2578 ὅτε
2318 2523 2727 2594 μαστιγωθῆναι
2750 2522 2843 2576 καὶ
2872 2522 3010 2593 μετὰ
3037 2521 3243 2575 τούτων
3272 2523 3502 2575 πάντων
3530 2540 3596 2574 νι-

2014 2615 2271 2686 κηθῆναι.
2308 2613 2494 2669 Ταῦτα
2533 2612 2971 2683 ἐπισκεψάμενος
3012 2612 3079 2665 ἂν
3118 2611 3201 2666 ἔτι
3236 2612 3401 2685 θέλῃς
3435 2612 3596 2683 ἔρχου

2016 2705 2110 2759 ἐπὶ
2136 2705 2196 2758 τὺ
2226 2703 2430 2768 ἀθλεῖν,
2455 2705 2504 2757 εί
2533 2704 2590 2757 δὲ
2618 2705 2717 2775 μὴ,
2740 2702 2817 2767 ὡς
2845 2703 2916 2757 τὰ
2948 2702 3139 2756 παιδία
3170 2702 3595 2773 ἀναπραφήσῃ,

2014 2795 2052 2852 ἃ
2076 2795 2172 2851 νῦν
2201 2796 2299 2868 μὲν
2326 2794 2632 2858 παλαιστὰς
2659 2794 2868 2857 παίζει,
2897 2792 2992 2846 νῦν
3021 2794 3079 2847 δὲ
3113 2794 3484 2863 μονομάχους,
3506 2792 3597 2845 νῦν

2018 2886 2076 2940 δὲ
2112 2885 2383 2951 σαλπίζει,
2421 2880 2540 2938 εἶτα
2569 2884 2878 2957 τραγῳδεῖ·
2930 2883 3071 2937 οὕτω
3111 2884 3208 2937 καὶ
3253 2886 3320 2938 σὺ
3365 2884 3466 2937 νῦν
3502 2884 3597 2953 μὲν

2018 2976 2278 3048 ἀθλητὴς,
2312 2977 2410 3031 νῦν
2438 2977 2496 3031 δὲ
2536 2978 2865 3048 μονομάχος,
2904 2972 3023 3030 εἶτα
3052 2977 3260 3046 ῥήτωρ,
3295 2972 3419 3029 εἶτα
3451 2976 3598 3044 φιλό-

2021 3086 2207 3138 σοφος,
2240 3069 2333 3141 ὅλῃ
2362 3070 2420 3124 δὲ
2456 3070 2522 3141 τῇ
2554 3070 2701 3143 ψυχῇ
2733 3069 2908 3134 οὐδὲν,
2934 3069 3049 3122 ἀλλ’
3079 3070 3153 3131 ὡς
3185 3067 3447 3139 πίθηκος,
3493 3071 3598 3121 πᾶ-

335 3170 523 3229 postea
578 3160 781 3229 tragice
833 3158 1161 3224 decantant;
1199 3160 1278 3215 sic
1327 3167 1385 3213 tu
1437 3173 1690 3229 quoque,
1754 3159 1914 3213 modo

2026 3178 2120 3215 σαν
2149 3160 2278 3215 θέαν
2306 3140 2400 3213 ἐὰν
2426 3140 2547 3233 τδης
2572 3140 2746 3232 μιμῇ,
2768 3162 2862 3215 καὶ
2897 3161 3027 3216 ἄλλο
3061 3160 3122 3226 εξ
3150 3160 3315 3215 ἄλλου
3348 3177 3437 3212 σοι
3471 3160 3599 3231 eps-

335 3250 554 3321 quidem
606 3252 835 3317 athleta,
900 3252 1063 3305 modo
1116 3250 1401 3321 gladiator,
1439 3249 1635 3305 deinde
1688 3251 1910 3317 rhetor,

335 3351 523 3412 postea
572 3342 961 3412 philosophusi,
1013 3350 1128 3397 toto
1161 3353 1340 3397 autem
1381 3342 1565 3397 animo
1602 3341 1758 3397 nihil.
1807 3340 1913 3396 Sed

335 3432 503 3488 veluti
537 3434 693 3489 simia
732 3449 892 3490 omne
916 3434 1349 3504 spectaculorum
1380 3448 1574 3503 genus,
1614 3433 1659 3489 si
1688 3432 1911 3500 videris,

336 3526 570 3583 imitaris
594 3536 650 3582 et
678 3526 823 3582 aliud
868 3543 933 3582 ex
962 3528 1068 3581 alio
1097 3528 1193 3583 tibi
1229 3528 1424 3598 placet,
1457 3542 1559 3581 nec
1588 3525 1732 3581 enim
1782 3540 1915 3581 con-

338 3620 573 3675 siderate
601 3618 875 3676 accessisti
906 3621 971 3674 ad
1004 3620 1306 3690 quidpiam,
1358 3627 1451 3692 aut
1476 3618 1528 3673 id
1555 3618 1917 3690 perlustrasti,

337 3715 431 3769 sed
465 3724 681 3779 temere,
719 3712 878 3786 34],
916 3729 979 3767 ac
1024 3712 1218 3783 frigida
1240 3712 1569 3782 cupiditate;
1607 3693 1724 3781 pari
1757 3709 1919 3765 modo

2019 3268 2169 3306 σκει·
2196 3253 2257 3306 οὐ
2288 3252 2396 3323 γὰρ
2426 3252 2567 3323 μετὰ
2590 3252 2836 3322 σκέψεως
2857 3248 3020 3324 ἦλθες
3047 3251 3138 3305 ὲπί
3170 3269 3246 3317 τι,
3276 3251 3405 3304 οὐδὲ
3448 3269 3603 3321 περιο

2016 3342 2277 3411 ὡδευσας,
2297 3344 2414 3399 ἀλλ’
2433 3347 2578 3418 εἰκῆ,
2600 3346 2850 3400 καὶκατὰ
2868 3344 3083 3416 ψυχρὰν
3103 3344 3431 3412 ἐπιθυμίαν.
3447 3344 3602 3397 Οὕτω

2014 3439 2340 3510 θεασάμενοί
2362 3456 2510 3505 τινες
2539 3434 2850 3511 φιλόσοφον,
2874 3440 2968 3493 καὶ
2994 3439 3336 3501 ἀκούσαντες
3356 3438 3506 3491 οὕτω
3528 3455 3603 3490 τι·

2020 3528 2112 3592 νὸς
2148 3528 2401 3597 λέγοντος
2428 3528 2505 3592 ὡς
2532 3525 2591 3583 εὖ
2618 3546 2704 3593 τις
2728 3528 2837 3582 τῶν
2871 3528 3178 3598 φιλοσόφων
3213 3527 3369 3595 λέγει
3404 3526 3601 3596 (καίτοι

2023 3633 2107 3681 τις
2144 3616 2290 3671 οὕτω
2329 3617 2553 3673 δύναται
2589 3620 2761 3671 εἰπεῖν
2798 3618 2873 3680 ὡς
2913 3616 3177 3688 ὲκεῖνος);
3224 3615 3468 3679 θέλουσι,
3510 3614 3604 3667 καὶ

2024 3710 2178 3765 αὐτοὶ
2205 3711 2537 3781 φιλοσοφεῖν.

338 3828 464 3868 cum
510 3811 734 3883 quidam
786 3810 1173 3881 philosophum
1223 3807 1524 3877 conspicati
1574 3806 1797 3868 fuerint.
1861 3814 1916 3860 et
1950 3805 2224 3861 audierint
2285 3807 2523 3878 aliquem
2555 3821 2621 3863 eo
2672 3821 2898 3877 prorsus
2932 3803 3094 3860 modo
3125 3803 3470 3875 loquentem,
3498 3818 3605 3874 quo

339 3913 478 3968 bene
525 3909 651 3981 quis
687 3907 1131 3978 philosophorum
1182 3905 1378 3961 effatur
1424 3906 1502 3975 (ct
1543 3903 1762 3975 quidem
1824 3902 1951 3974 quis
2014 3903 2088 3959 ita
2138 3913 2320 3976 potest
2373 3915 2435 3961 ut
2478 3904 2569 3961 ille
2613 3902 2842 3973 eum-1?),
2898 3911 3011 3957 tum
3087 3911 3143 3957 et
3191 3901 3295 3973 ipsi
3348 3909 3608 3957 tenentur

340 3997 758 4074 philosophandi
794 3997 1095 4052 voluntate.

874 4111 1102 4169 CAPUT
1133 4111 1276 4168 XXX
1292 4111 1376 4168 Vl.

409 4233 603 4315 Homo,
631 4235 685 4290 in
735 4232 924 4304 primis
982 4230 1252 4301 perpende
1304 4243 1420 4284 rem
1490 4227 1669 4299 qualis
1723 4225 1816 4291 sit,
1862 4233 1918 4280 et
1975 4223 1990 4235 '

340 4337 530 4399 postea
561 4327 639 4382 tui
666 4325 839 4397 ipsius
874 4332 1125 4378 naturam
1158 4335 1441 4391 pernosce,
1470 4334 1538 4375 an
1569 4319 1748 4391 possis
1792 4334 1919 4389 por-

2585 4097 2838 4153 κΕψΑΑ.
2879 4096 3020 4163 Acr.

2098 4218 2391 4290 Ἄνθρωπε
2417 4213 2634 4287 πρῶτον
2661 4210 2956 4281 ἐπίσκεψαι
2993 4207 3178 4262 ὁποῖόν
3212 4207 3335 4260 ἔστι
3368 4206 3433 4259 τὸ
3469 4206 3606 4276 πρᾶ-

2024 4331 2163 4386 γμα,
2189 4307 2310 4367 εἶτα
2341 4309 2437 4364 καὶ
2465 4308 2566 4380 τὴν
2598 4303 2824 4361 σεαυτοῦ
2855 4301 3018 4373 φύσιν
3046 4298 3339 4366 κατάμαθε
3370 4298 3421 4350 εί
3450 4298 3611 4350 δύνα-

340 4390 477 4473 tare.
524 4414 619 4472 Vis
654 4390 865 4471 certare
907 4415 964 4469 in
1001 4390 1385 4483 quinquertio?
1429 4410 1513 4466 vis
1560 4390 1615 4464 in
1663 4409 1914 4479 palaestra

2026 4424 2115 4462 σαι
2140 4404 2429 4476 βαστάσαι.
2456 4399 2762 4461 Πένταθλος
2795 4393 2933 4451 εἶναι
2960 4393 3157 4464 βούλει,
3187 4390 3223 4462 ἢ
3255 4391 3607 4461 παλαιστήςς

340 4510 574 4566 luctari?
618 4508 753 4564 Vide
785 4514 875 4562 tua
910 4475 1167 4568 brachia:
1189 4519 1369 4569 crura,
1407 4503 1497 4558 ilia
1525 4475 1722 4572 proba;
1783 4501 1914 4556 alius

2040 4475 2149 4554 ‘l’dér
2164 4495 2393 4552 σεαυτοῦ
2420 4495 2546 4558 τοὺς
2571 4490 2881 4563 βραχίονας,
2906 4488 3033 4550 τοὺς
3057 4486 3286 4556 μηροὺς,
3309 4484 3610 4554 τὴνὼψὺν

306 4600 543 4670 quippe
592 4598 659 4653 ad
708 4596 853 4651 aliud
903 4608 1062 4649 natus
1139 4603 1242 4649 est.
1295 4594 1550 4659 Putasne,
1622 4591 1769 4661 quod
1818 4592 1923 4647 ista

308 4714 309 4719 π
340 4690 548 4746 faciens
576 4704 732 4759 atque
770 4687 975 4758 poteris
1006 4686 1311 4751 comedere,
1347 4700 1501 4755 aeque
1529 4685 1735 4748 bibere,
1770 4698 1923 4752 aeque

342 4782 636 4854 indignari,
668 4790 723 4838 et
771 4794 924 4852 atque
976 4794 1255 4834 morosum
1304 4789 1356 4833 te
1384 4777 1658 4847 praebere?
1688 4776 1924 4845 Vigilare

341 4884 580 4946 oportet,
605 4875 874 4938 laborare,
902 4886 933 4927 e
960 4870 1275 4927 domesticis
1303 4867 1616 4935 abscedere,
1644 4883 1673 4922 a
1697 4867 1923 4938 puerulo

341 4968 637 5028 contemni,
667 4967 736 5021 ab
763 4964 1018 5021 omnibus
1044 4963 1219 5027 illudi,
1250 4962 1305 5017 in
1329 4961 1584 5017 omnibus
1611 4959 1921 5015 inferiorem

341 5076 486 5125 esse,
523 5062 575 5116 in
618 5060 850 5124 honore,
884 5058 938 5112 in
971 5058 1230 5128 primatu,
1274 5056 1327 5110 in
1362 5054 1591 5125 judicio,
1623 5062 1676 5108 et
1702 5053 1756 5107 in
1787 5066 1925 5123 qua-

344 5154 478 5209 libet
509 5152 735 5207 minima
766 5166 844 5205 re.
881 5150 991 5204 Ista
1022 5148 1312 5219 perpende,
1366 5149 1413 5202 si
1469 5146 1606 5202 velis
1639 5159 1737 5215 pro
1775 5144 1925 5199 hisce

345 5245 599 5300 omnibus
641 5251 979 5298 commutare
1019 5239 1512 5311 impassihilitatem
1538 5279 1552 5305 ,
1593 5238 1922 5300 libertatem,

300 5371 306 5375 -
345 5334 943 5405 imperturbabilitatem
970 5351 985 5399 ;
1016 5333 1101 5387 sin
1137 5331 1340 5397 minus,
1375 5345 1445 5385 ne
1472 5328 1730 5393 accedas;
1757 5342 1825 5381 ne
1846 5326 1922 5380 uti

345 5427 589 5497 pueruli,
644 5441 793 5481 nunc
860 5424 1257 5497 philosophus,
1309 5421 1505 5478 deinde
1568 5419 1922 5491 publicanus,

346 5528 534 5589 postea
564 5519 772 5586 rhetor,
802 5518 999 5574 deinde
1025 5516 1258 5573 Caesaris
1287 5523 1655 5586 procurator.-
1680 5511 1785 5568 Ista
1837 5527 1927 5580 ge-

347 5624 479 5663 nera
508 5625 615 5665 non
651 5617 977 5666 consonant.
1007 5609 1147 5663 Cum
1182 5623 1326 5663 unus
1362 5606 1441 5663 sis
1472 5607 1658 5671 homo,
1691 5614 1922 5673 oportet,

355 5706 413 5751 nt
439 5698 517 5752 sis
555 5698 751 5761 bonus,
785 5706 896 5752 aut.
919 5698 1097 5753 malus
1124 5715 1139 5752 :
1167 5705 1225 5751 tu
1253 5697 1414 5752 debes
1444 5704 1539 5751 aut
1564 5695 1922 5764 principatum

353 5787 527 5841 animi
550 5786 809 5856 perlicere
854 5787 967 5844 suis
1003 5788 1174 5857 ipsius
1213 5787 1442 5853 viribus,
1478 5796 1571 5842 aut
1619 5786 1924 5853 exteriora;

2029 4590 2338 4662 κατάμαθε,
2368 4586 2527 4649 ἄλλος
2574 4585 2683 4655 γὰρ
2709 4581 2847 4653 πρὸς
2872 4580 3002 4635 ἄλλο
3039 4577 3271 4644 πέφυκε.
3303 4578 3503 4638 Δοκεῖς
3533 4577 3611 4628 ὅτι

2025 4682 2196 4737 ταῦτα
2252 4680 2422 4735 ποιῶν
2468 4676 2733 4738 ὡσαύτως
2779 4674 3004 4728 δύνασαι
3061 4668 3285 4730 ἐσθίειν,
3342 4666 3612 4729 ὡσαύτως

2025 4773 2223 4838 πίνειν,
2278 4768 2542 4831 ὡσαύτως
2588 4763 2925 4837 ὀργίζεσθαι,
2959 4759 3160 4830 ὁμοίως
3211 4758 3610 4829 δυσαρεστείνς

2038 4860 2416 4931 Ἀγρυπνῆσαι
2458 4859 2558 4923 δεῖ,
2618 4856 2873 4926 πονῆσαι,
2931 4854 3042 4908 ἀπὸ
3092 4853 3201 4907 τῶν
3232 4852 3460 4906 οἰκείων
3507 4854 3611 4906 ἁπ-

2025 4951 2223 5016 ελθεῖν,
2286 4949 2391 5003 ὑπὸ
2444 4947 2728 5018 παιδαρίου
2785 4942 3284 5013 καταφρονηθῆναι,
3342 4940 3454 4994 ὑπὸ
3504 4939 3612 4993 τῶν

2028 5043 2282 5097 ἁπάντων
2305 5037 2799 5108 καταγελασθῆναι,
2824 5036 2882 5088 ὲν
2907 5034 3070 5087 παντὶ
3093 5028 3256 5104 ⁴ἧττον
3280 5030 3433 5101 ἔχειν
3454 5032 3515 5083 ἐν
3539 5048 3608 5082 τι·

2028 5137 2128 5204 μῇν
2159 5134 2216 5185 ὲν
2240 5132 2405 5202 ἀρκῇν
2433 5130 2489 5182 ἓν
2518 5128 2664 5201 δίκῃ,
2696 5124 3033 5197 πραγματίῳ
3063 5123 3245 5177 παντί.
3271 5122 3467 5175 Ταῦτα
3490 5122 3608 5175 ὲπῐ-

2026 5226 2246 5296 σκεψαι,
2282 5225 2330 5277 εἰ
2378 5222 2551 5285 θέλεις
2592 5215 3155 5282 ἀντικαταλλάξασθαι
3199 5214 3415 5268 τούτων
3464 5217 3607 5269 ἀπα·

2026 5317 2201 5379 θειαν,
2224 5314 2565 5385 ἐλευθερίαν,
2593 5308 2920 5382 ἀταραξίαν,
2936 5310 2998 5362 Εί
3026 5307 3082 5362 δὲ
3109 5306 3204 5379 μὴ,
3229 5305 3305 5377 μὴ
3335 5306 3603 5373 πρόσαγε,

2029 5410 2105 5481 μὴ
2144 5408 2222 5472 ὡς
2253 5407 2322 5461 τὰ
2353 5404 2544 5459 παιδία
2564 5422 2577 5436 ο
2614 5401 2708 5456 νῦν
2741 5400 3052 5471 φιλόσοφος,
3089 5396 3317 5468 ὕστερον
3350 5397 3411 5449 δὲ
3438 5395 3604 5448 τελῶ·

2024 5521 2144 5576 νης,
2200 5496 2321 5555 εἶτα
2363 5500 2567 5571 ῥήτωρ,
2615 5492 2734 5550 εἶτα
2787 5493 3080 5564 ἐπίτροπος
3123 5489 3428 5558 Καίσαρος.
3470 5487 3605 5556 Γένη

2024 5596 2198 5650 ταῦτα
2222 5595 2282 5648 ού
2309 5593 2612 5663 συμφωνεῖ.
2640 5589 2778 5642 Ἕνα
2800 5603 2861 5641 σε
2882 5586 2964 5640 δεῖ
2987 5584 3271 5655 ἄνθρωπον
3297 5582 3452 5645 ὄντα,
3475 5583 3605 5649 ἀγα-

2027 5689 2138 5753 θὸν,
2166 5688 2199 5759 ἢ
2230 5684 2398 5740 κακὸν
2422 5682 2587 5747 εἶναι,
2608 5680 2643 5751 ἢ
2665 5679 2726 5733 τδ
2756 5677 3081 5750 ἡγεμονικόν
3111 5692 3173 5728 σε
3197 5673 3280 5726 δεῖ
3306 5672 3602 5743 ἐξεργάζε-

2028 5781 2150 5841 σθαι
2186 5780 2298 5843 τοῖς
2323 5774 2510 5859 αὑτοῦ,
2548 5774 2582 5847 ἢ
2614 5773 2682 5829 τὰ
2711 5770 2945 5843 ὲκτὸς,ῆ
2983 5766 3207 5845 περὶῂτὲι
3240 5765 3351 5820 ἔσω
3389 5764 3602 5839 φιλοτετ
