3808 6226
156 226 310 291 I301

1440 234 1787 296 EPIC’I’ETI
1828 236 2216 301 MANUALE.

3321 189 3458 300 1302

153 344 352 410 ινεῖν,
383 340 417 411 ἢ
454 339 583 411 περὶ
614 338 683 392 τά
710 336 839 405 ἔξω,
864 338 1166 407 τουτέστιν,
1216 340 1251 412 ἢ
1283 340 1572 413 φιλοσόφου
1612 343 1768 411 τάξιν
1793 394 1799 408 ί

1997 348 2345 412 interiorum,
2380 346 2467 404 vel
2512 346 2848 403 exteriorum
2890 344 3074 402 studio
3112 342 3349 415 vacare;
3376 347 3458 403 vel

156 435 425 503 ἐπέχειν,
455 430 489 501 ἢ
526 427 761 484 ἰδιώτου.

770 546 1023 601 ΚΕΦΑΛ.
1062 544 1185 600 ΛΖ’.

240 658 337 712 Τὰ
382 658 695 730 καθήκοντα
736 659 815 723 ὡς
851 660 1058 715 ἐπίπαν
1098 664 1216 726 ταῖς
1260 663 1476 735 σχέσεσι
1512 684 1770 737 παραμε-

159 756 416 823 τρείται.
468 754 661 826 Πατήρ
711 755 879 819 ἐστιν,
924 755 1327 827 ὐπαγορεύεται
1369 758 1768 829 ἐπιμελεῖσθαι,

164 849 544 918 παραχωρεῖν
566 846 843 912 ἀπάντων,
866 848 1155 918 ἀνέχεσθαι
1176 848 1560 922 λοιδοροῦντος,
1586 851 1773 906 παίον-

164 955 297 1002 τος.
335 939 498 993 Ἀλλὰ
528 940 697 1004 κακὸς
723 941 752 994 6
783 942 968 1012 πατήρ
990 941 1136 995 ἐστι·
1171 943 1244 1014 μή
1277 960 1330 996 τι
1362 944 1454 998 οὖν
1476 947 1614 1016 πρὸς
1640 946 1773 1015 ἀγα-

167 1032 279 1086 θὸν
312 1033 532 1104 πατέρα
565 1033 728 1102 φύσει
752 1033 1038 1105 ᾠκειὼθης
1058 1054 1074 1100 ;
1097 1035 1235 1090 ἀλλὰ
1269 1036 1408 1108 πρὸς
1435 1039 1668 1108 πατέρα.
1712 1039 1771 1094 '0

168 1124 417 1194 ἁδελφὸς
445 1124 663 1177 ἀδικεῖ·
691 1126 848 1197 τήρει
886 1126 1177 1197 τοιγαροῦν
1206 1125 1304 1198 τὴν
1335 1126 1489 1193 τάξιν
1514 1128 1611 1200 τὴν
1642 1146 1772 1182 σαυ-

170 1215 283 1270 τοῦ
346 1216 484 1287 πρὸς
533 1216 727 1270 αὐτόν·
779 1216 912 1287 μηδέ
945 1217 1139 1271 σκόπει
1176 1218 1237 1271 rb
1270 1218 1324 1272 τί
1370 1219 1578 1284 ἐκεῖνος
1607 1222 1769 1285 ποιεῖ,

172 1306 331 1361 ἀλλά
357 1306 411 1360 τί
431 1323 515 1359 σοι
541 1307 830 1377 ποιήσαντι
852 1306 997 1360 κατά
1026 1308 1187 1375 φύσιν
1218 1307 1330 1372 ἕξει
1356 1311 1389 1379 ή
1424 1308 1491 1381 σὴ
1513 1309 1773 1383 προαίρε-

175 1413 299 1462 σις.
330 1398 397 1452 Σὲ
424 1397 532 1470 γάρ
575 1397 735 1463 ἀλλος
778 1398 840 1452 οὐ
893 1398 1086 1470 βλάψει
1132 1400 1181 1454 εἰ
1216 1400 1290 1471 μὴ
1318 1400 1493 1466 θέλεις
1516 1418 1529 1431 ·
1560 1402 1683 1458 τότε
1713 1403 1771 1457 δὲ

175 1490 293 1562 ἔσῃ
322 1488 715 1560 βεϐλαμμένος,
739 1491 869 1545 ὅταν
893 1490 1174 1562 ὑπολάϐῃς
1205 1491 1556 1563 βλάπτεσθαι·
1598 1492 1771 1558 οὕτως

177 1576 288 1634 οὖν
332 1581 442 1635 ἀπὸ
475 1581 571 1634 τοῦ
625 1582 867 1648 πολίτου,
910 1582 1020 1636 ἀπὸ
1067 1583 1162 1637 τοῦ
1205 1583 1465 1653 γείτονος,
1507 1586 1618 1640 ἀπὸ
1676 1585 1769 1641 τοῦ

1875 440 2089 495 tandem
2124 439 2432 511 philosophi
2463 439 2643 494 locum
2677 449 2883 504 tenere,
2911 438 2995 494 vel
3036 437 3235 493 idiota).

2291 553 2453 626 3152
2493 551 2726 609 CAPUT
2767 550 3030 607 xxxvn.

1942 665 2133 723 Ofﬁcia
2163 677 2681 724 commensurantur
2714 677 2774 723 ut
2803 665 3103 738 plurimum
3150 664 3333 720 habita
3368 680 3460 719 ra-

1872 758 2021 814 tione
2065 760 2401 815 naturalium
2440 761 2867 831 congruitatum.
2905 756 3067 813 Pater
3095 765 3210 822 est;
3245 756 3458 821 suadet,

1874 858 1935 904 ut
1970 850 2093 921 ejus
2130 859 2352 921 geratur
2383 865 2536 918 cura,
2580 860 2643 906 ut
2681 850 2785 921 ipsi
2818 852 3042 905 cedatur
3081 848 3135 904 in
3184 849 3459 913 omnibus,

1873 950 2042 1010 utque
2085 941 2364 1008 toleretur,
2402 941 2449 998 si
2505 940 2813 1011 objurgarit
2866 955 2932 995 ac
2987 938 3305 994 verberarit.
3355 936 3463 992 Sed

1873 1039 2032 1100 pater
2071 1032 2249 1088 malus
2269 1039 2353 1087 est
2384 1050 2399 1089 :
2433 1032 2679 1103 nunquid
2704 1032 2873 1103 igitur
2904 1032 3048 1087 bono
3099 1032 3241 1103 patri
3266 1032 3464 1101 adjun-

1873 1132 1995 1178 ctus
2022 1138 2083 1179 es
2121 1139 2152 1179 a
2182 1126 2414 1181 natura?
2452 1140 2584 1188 non,
2632 1124 2724 1181 sed
2776 1124 2938 1194 patri.
2984 1123 3174 1179 Frater
3204 1124 3465 1194 iniuriam
3553 1146 3567 1174 ι

1874 1213 2043 1269 infert
2070 1232 2085 1270 :
2120 1224 2177 1270 tu
2213 1215 2398 1287 itaque
2426 1216 2655 1271 observa
2687 1225 2842 1270 tuum
2873 1231 3003 1284 erga
3033 1215 3211 1285 ipsum
3237 1214 3464 1269 modum

1873 1310 2085 1366 ratione
2128 1319 2509 1380 temperatum,
2553 1325 2730 1380 neque
2773 1308 3020 1363 attendas
3073 1308 3149 1373 id,
3200 1307 3347 1378 quod
3378 1308 3471 1362 ille

1873 1403 2007 1475 agit,
2055 1403 2149 1459 sed
2195 1403 2327 1474 quid
2382 1416 2483 1473 pro
2512 1411 2563 1457 te
2610 1410 2765 1457 tuum
2823 1400 3056 1470 requirit
3102 1400 3467 1471 pr0positum,

1874 1496 2006 1551 dum
2028 1509 2113 1559 ea,
2140 1512 2263 1567 quae
2287 1504 2497 1551 natura:
2512 1503 2823 1565 congruunt
2849 1494 3113 1550 effeceris.
3139 1493 3216 1547 Te
3235 1509 3471 1563 namque

1873 1590 2015 1645 alius
2048 1588 2271 1644 minime
2295 1588 2473 1653 laedet,
2504 1586 2611 1641 nisi
2655 1587 2922 1651 volueris;
2966 1596 3099 1641 tunc
3128 1586 3274 1640 enim
3312 1586 3472 1640 lassus

184 1669 513 1741 στρατηγοῦ
545 1670 608 1724 rb
651 1670 892 1743 καθῆκον
939 1669 1278 1743 ἐξευρήσεις,
1306 1670 1373 1726 ἂν
1412 1672 1511 1737 τὰς
1557 1672 1770 1744 σχέσεις

1972 1695 2008 1741 5.
2049 1679 2269 1749 quando
2313 1677 2712 1734 existimaveris
2757 1687 2808 1732 te
2847 1676 2966 1732 laedi
3005 1696 3018 1732 :
3050 1676 3132 1732 sic
3179 1676 3347 1746 igitur
3373 1675 3472 1729 ad-

183 1761 356 1836 ἐθίζῃ
377 1762 624 1835 θεωρεῖν.

787 2051 1041 2106 ΚΕΦΔΛ.
1070 2050 1203 2106 ΔΗ’.

270 2162 390 2234 Τῆς
426 2166 554 2236 περί
582 2164 713 2218 Θεδν
739 2164 1045 2229 εὐσεϐείας,
1079 2165 1189 2219 ίσθι
1219 2166 1301 2220 ὅτι
1336 2166 1397 2220 rb
1443 2165 1784 2237 κυριώτατον

190 2255 382 2309 ἐκεῖνό
426 2258 575 2310 ἐστιν
604 2256 773 2327 ὀρθὰς
806 2256 1104 2326 ὑπολήψεις
1137 2258 1266 2329 περὶ
1309 2257 1470 2312 αὐτοῦ
1517 2258 1662 2327 ἔχειν
1708 2256 1786 2321 ὡς

192 2347 398 2413 αὐτοῦ,
432 2348 529 2402 καὶ
569 2347 899 2411 διοικοῦντος
938 2348 1035 2402 ὅλα
1065 2348 1249 2412 καλῶς
1282 2349 1378 2403 καὶ
1410 2349 1656 2413 δικαίως,
1691 2350 1787 2402 καλ¹

193 2438 370 2492 αὐτὸν
386 2441 465 2503 εἰς
478 2438 639 2493 τοῦτο
661 2442 1092 2511 κατατεταχέναι
1117 2440 1198 2497 είς
1218 2441 1280 2494 rb
1307 2440 1591 2495 πείθεσθαι
1612 2440 1784 2511 αὐτῷ,

193 2528 303 2583 καὶ
351 2529 579 2583 ἕπεσθαι
631 2530 727 2583 καὶ
775 2529 948 2584 εἴκειν
990 2532 1126 2584 πᾶσι
1164 2532 1280 2595 τοῖς
1324 2530 1653 2602 γινομένοις,
1694 2533 1789 2586 καὶ

195 2622 523 2676 ἀκολουθεῖν
560 2622 755 2676 ἑκόντα
786 2623 861 2686 ὡς
891 2623 984 2676 ἐπὶ
1016 2623 1119 2690 τῆς
1148 2623 1377 2693 ἀρίστης
1404 2622 1633 2694 γνώμης
1667 2624 1790 2678 ἐπι-

194 2713 555 2785 τελουμένοις
579 2730 593 2746 ο
624 2714 769 2768 οὕτω
793 2715 903 2785 γάρ
933 2712 1058 2767 οὐτε
1102 2715 1294 2787 μέμψῃ
1326 2714 1420 2768 τὸν
1451 2714 1584 2769 Θεόν
1632 2733 1788 2782 ποτε,

1887 1768 2149 1834 invenies,
2173 1768 2318 1837 quod
2351 1766 2581 1822 debetur
2621 1766 2863 1821 ofﬁcium
2919 1782 2949 1821 a
2983 1766 3119 1830 cive,
3150 1781 3180 1819 a
3208 1765 3410 1827 vicino,
3441 1780 3475 1820 a

1886 1859 2025 1915 duce
2074 1857 2330 1924 militari,
2374 1857 2421 1913 si
2468 1856 2748 1912 naturales
2800 1856 3168 1928 congruitates
3210 1854 3475 1910 assuelias

1887 1950 2239 2021 perpendere.

2395 2055 2626 2115 CAPUT
2675 2055 2963 2113 XXXVIII.

1959 2174 2117 2231 Circa
2146 2174 2402 2244 pietatem
2437 2188 2563 2243 erga
2600 2171 2793 2237 Deum,
2840 2174 3006 2237 scias,
3045 2172 3192 2242 quod
3239 2172 3478 2230 maxime

1890 2269 2221 2340 praecipuum
2272 2267 2402 2323 illud
2440 2276 2544 2331 est,
2600 2276 2746 2321 recte
2779 2265 3038 2320 nimirum
3088 2266 3156 2321 de
3206 2265 3325 2336 ipso
3355 2281 3480 2320 sen-

1892 2360 2026 2426 tire,
2058 2369 2118 2415 ut
2153 2358 2270 2430 ipse
2295 2367 2397 2424 est,
2429 2369 2595 2427 utque
2629 2357 2790 2421 bene,
2823 2370 2891 2409 ac
2914 2357 3063 2425 juste
3095 2355 3348 2410 universa
3378 2370 3480 2424 gu-

1892 2452 2117 2519 bernat;
2172 2465 2341 2521 seque
2397 2450 2577 2520 ipsum
2620 2450 2674 2503 in
2726 2465 2793 2505 eo
2833 2448 3140 2519 subjicere,
3195 2461 3389 2516 nempe
3422 2444 3479 2499 in

1892 2544 2197 2601 obediendo
2230 2543 2341 2611 illi,
2373 2556 2611 2612 eumque
2635 2539 2935 2608 sequendo,
2984 2552 3050 2594 ac
3075 2537 3330 2594 omnibus
3359 2550 3483 2606 quae

1894 2638 2218 2709 contingunt
2276 2635 2540 2697 cedendo,
2593 2642 2649 2687 et
2698 2633 2929 2687 libenter
2978 2628 3259 2697 sectanda,
3306 2644 3372 2683 ac
3434 2628 3484 2684 si

1896 2729 2099 2800 optima
2158 2742 2283 2784 cum
2333 2726 2722 2783 deliberatione
2774 2722 3175 2795 perﬁciantur:
3226 2722 3306 2778 sic
3337 2721 3482 2775 enim

195 2806 336 2861 οὔτε
370 2806 700 2894 ἐγκαλέσεις
745 2806 821 2868 ὡς
866 2808 1273 2879 ἀμελούμενοςο
1318 2808 1494 2874 ἄλλως
1531 2808 1590 2864 δέ
1632 2809 1790 2866 τοῦτο

1972 2837 2073 2894 que
2100 2821 2167 2877 de
2194 2819 2307 2876 Deo
2338 2818 2692 2889 conquereris
2723 2832 2964 2888 unquam
2990 2858 3005 2879 ,
3032 2829 3135 2869 nec
3171 2829 3296 2869 eum
3331 2813 3488 2867 incuo

196 2900 310 2970 οὐχ
332 2893 443 2952 οἷόν
462 2917 520 2953 τε
549 2900 644 2953 ἐὰν
677 2902 753 2971 μὴ
781 2902 1028 2972 ἀποστῇς
1054 2901 1161 2955 τῶν
1183 2901 1282 2955 οὐκ
1316 2901 1401 2971 ἐφ’
1426 2902 1579 2974 ἡμῖν,
1608 2902 1703 2957 καὶ
1732 2904 1791 2956 ἐν

196 2993 324 3054 τοῖς
377 2991 464 3061 ἐφ’
495 2993 630 3062 ἡμῖν
666 2994 849 3063 μόνοις
878 2993 977 3064 θῇς
1009 2993 1070 3047 rb
1110 2992 1339 3063 ἀγαθὸν,
1379 2992 1559 3047 καὶτὸ
1589 2995 1788 3049 κακόνο

198 3084 361 3138 ὼσάν
389 3084 580 3157 [ὠτάν]
604 3086 666 3155 γέ
692 3104 742 3139 τι
773 3087 1000 3141 ἐκείνων
1027 3085 1314 3141 ὑπολαϐὼν
1331 3087 1555 3157 ἀγαθὸν,
1571 3088 1604 3160 ἢ
1622 3088 1793 3144 κακὸν

202 3178 368 3231 πᾶσα
417 3176 655 3248 ἀνάγκη,
701 3178 832 3232 ὅταν
883 3179 1304 3250 ἀποτυγχάνεις,
1349 3171 1425 3234 ὧν
1481 3180 1658 3245 θέλεις
1699 3180 1795 3235 καὶ

205 3273 574 3344 περιπίπτεις
609 3270 693 3335 οἷς
720 3274 819 3327 οὐκ
849 3273 1058 3338 ἐθέλεις
1085 3274 1400 3346 μέμφεσθαί
1438 3292 1521 3341 σε,
1562 3276 1658 3331 καὶ
1704 3292 1795 3347 μι-

204 3368 332 3419 σεῖν
373 3366 499 3430 τοὺς
549 3366 776 3430 αἰτίους.
827 3366 1047 3435 Πέφυκε
1077 3365 1186 3438 γὰρ
1232 3366 1372 3433 πρὸς
1412 3368 1521 3421 πᾶν
1560 3366 1699 3431 ζῶον
1726 3367 1796 3421 τά

206 3458 320 3530 μὲν
339 3458 580 3530 βλαϐερὰ
602 3458 927 3529 φαινόμενα,
952 3458 1048 3512 καὶ
1072 3457 1223 3511 αἴτια
1250 3456 1401 3527 αὐτῷ
1428 3457 1675 3527 φεύγειν,
1700 3458 1795 3512 καὶ

204 3551 601 3621 ἐκτρέπεσθαι,
649 3550 720 3605 τά
771 3551 830 3605 δέ
876 3550 1152 3622 ὠφέλιμα,
1200 3550 1297 3604 καὶ
1349 3549 1420 3604 τά
1456 3552 1604 3605 αῖτια
1646 3550 1796 3622 αὐτῷ

211 3642 486 3714 μετιέναι,
519 3644 612 3697 καὶ
639 3642 1070 3714 τεθαυμακέναι.
1104 3642 1415 3713 Ἀμήχανον
1440 3637 1534 3696 οὖν
1571 3640 1797 3713 βλάπτει

209 3734 345 3789 σθαί
367 3751 486 3788 τινα
509 3734 757 3803 οἰόμενον
781 3733 995 3804 χαίρειν
1020 3732 1098 3803 τῷ
1120 3732 1369 3786 δοκοῦντι
1400 3731 1679 3803 βλάπτειν,
1698 3731 1798 3785 ὥσ-

208 3842 325 3895 περ
352 3827 446 3879 καὶ
476 3825 537 3878 rb
563 3826 700 3896 αὐτῇ
732 3826 800 3896 τῇ
834 3824 1008 3897 βλάϐῃ
1038 3823 1252 3893 χαίρειν
1283 3821 1564 3878 ἀδύνατον.
1604 3821 1797 3876 Ἔνθεν

208 3919 315 3974 καὶ
344 3917 527 3989 πατὴρ
571 3917 676 3970 ὐπὸ
717 3916 810 3970 τοῦ
847 3916 962 3971 υἱοῦ
1012 3915 1358 3985 λοιδορεῖται,
1396 3916 1525 3969 ὅταν
1571 3915 1682 3968 τῶν
1710 3914 1798 3968 δοο

212 4010 459 4065 κούντων
509 4008 732 4078 ἀγαθῶν
778 4004 915 4062 εἶναι
954 4007 1034 4077 τῷ
1062 4008 1214 4061 παιδὶ
1251 4007 1327 4078 μὴ
1365 4005 1631 4079 μεταδιδῷ
1654 4019 1670 4035 ⁸
1703 4004 1797 4061 καί

1895 2916 2077 2984 subis,
2124 2915 2203 2971 uti
2259 2914 2330 2970 ab
2376 2914 2569 2969 eodem
2625 2912 2909 2985 neglectus
2946 2929 2959 2963 :
2995 2909 3151 2964 aliter
3199 2920 3330 2961 vero
3381 2905 3490 2960 hoc

1894 3011 2157 3083 possibile
2211 3024 2324 3065 non
2368 3019 2488 3075 est,
2541 3008 2647 3064 nisi
2699 3007 2979 3062 abstineas
3016 3004 3085 3059 iis
3128 3018 3250 3074 quae
3293 3015 3400 3055 non
3431 2998 3486 3052 in

1896 3106 2058 3161 nobis
2084 3111 2237 3171 sunt,
2268 3102 2687 3171 constituasque
2717 3100 2923 3156 bonum
2945 3106 3001 3154 et
3029 3097 3234 3153 malum
3265 3094 3317 3148 in
3340 3093 3490 3148 hisee

1897 3198 2076 3254 solum
2126 3211 2250 3267 quae
2291 3202 2421 3251 sunt
2460 3193 2515 3248 in
2556 3192 2719 3249 nobis
2751 3210 2765 3247 :
2793 3190 2938 3263 quod
2980 3189 3028 3245 si
3086 3187 3216 3259 quid
3270 3187 3486 3242 illorum

1897 3288 2171 3362 putaveris
2216 3287 2448 3353 bonum,
2499 3292 2597 3340 aut
2628 3284 2877 3347 (malum,
2931 3294 3221 3337 necessum
3271 3276 3491 3348 penitus

1895 3380 2020 3445 erit,
2060 3376 2280 3448 quando
2308 3374 2578 3431 excideris
2612 3375 2681 3430 ab
2718 3373 2803 3429 his
2836 3388 2959 3444 qua:
3002 3369 3265 3433 volueris,
3310 3376 3409 3423 aut
3435 3366 3489 3420 in

1897 3486 1962 3525 ea
1981 3484 2101 3541 qua:
2128 3467 2290 3539 343
2325 3467 2587 3534 nolueris,
2618 3466 2897 3530 incideris,
2928 3473 2986 3519 ut
3012 3464 3079 3518 de
3100 3463 3166 3517 iis
3187 3474 3492 3530 conquera-

1897 3563 1994 3629 ris,
2031 3560 2127 3632 qui
2174 3566 2426 3615 auctores
2474 3557 2646 3624 fuere,
2684 3572 2892 3628 eosque
2923 3556 3050 3611 odio
3076 3554 3299 3609 habeas.
3330 3551 3492 3605 lnna-
3608 3626 3609 3629 η

1897 3661 2011 3707 tum
2036 3659 2121 3704 est
2156 3648 2357 3719 quippe
2381 3648 2531 3702 omni
2562 3646 2849 3713 animanti,
2880 3653 2943 3700 ut
2983 3660 3069 3710 ea,
3097 3657 3220 3715 quae
3239 3641 3490 3696 nocitura

1898 3742 2148 3796 videntur
2200 3753 2504 3809 eorumque
2552 3752 2751 3793 causas
2804 3736 3002 3803 evitet,
3053 3750 3119 3790 ac
3178 3742 3491 3797 aversetur,

1898 3829 2053 3885 utilia
2090 3842 2240 3894 vero,
2283 3840 2586 3896 eorumque
2615 3840 2814 3881 causas
2843 3822 3063 3894 assequi
3092 3820 3408 3886 contendat,
3438 3828 3495 3876 et

1898 3918 2218 3975 admiretur.
2272 3915 2369 3971 Est
2422 3915 2589 3987 igitur
2646 3914 3025 3987 impossibile,
3080 3912 3230 3982 quod
3287 3909 3490 3979 aliquis

1898 4012 2127 4068 laedatur
2156 4026 2187 4065 a
2213 4024 2291 4076 re,
2321 4025 2443 4082 qua:
2469 4008 2702 4072 videtur,
2735 4006 2880 4077 quod
2910 4005 3074 4071 Iaadit,
3104 4005 3150 4060 si
3178 4004 3295 4074 ipse
3316 4010 3491 4073 putat,

210 4121 332 4158 τισι
372 4102 482 4156 τῶν
521 4102 777 4172 ἀφρόνων
820 4099 984 4155 τοῦτο
1014 4099 1239 4170 ἐποίησε
1261 4099 1323 4154 rb
1357 4099 1560 4169 ἀγαθὸν
1587 4098 1797 4154 οἴεσθαι

1972 4102 2048 4157 ιοᾱ
2077 4099 2345 4167 laetiﬁcat;
2387 4100 2531 4155 sicut
2561 4098 2727 4154 etiam
2753 4097 2867 4152 ﬁeri
2898 4111 3007 4151 non
3041 4103 3239 4166 potest,
3270 4102 3330 4147 ut
3361 4091 3497 4146 laeti-

211 4195 320 4267 τὴν
358 4164 669 4263 τυραννίδα.
708 4191 807 4245 Διά
840 4191 1000 4246 τοῦτο
1038 4191 1133 4245 καὶ
1162 4164 1417 4263 γεωργὸς
1443 4191 1675 4263 λοιδορεῖ
1707 4190 1799 4245 τὸν

1974 4202 2097 4249 etur
2141 4193 2211 4248 ab
2261 4164 2351 4256 eo,
2379 4190 2525 4261 quod
2568 4190 2731 4245 laedit.
2771 4188 2910 4244 Hinc
2942 4164 3106 4243 etiam
3138 4194 3292 4257 pater
3320 4200 3351 4240 a
3382 4184 3494 4238 ﬁlio

211 4284 355 4339 θεόν
377 4300 392 4315 ·
423 4284 513 4339 διὰ
546 4282 706 4337 τοῦτο
738 4285 767 4337 6
794 4283 1018 4352 ναύτης,
1040 4281 1130 4336 διὰ
1165 4281 1326 4335 τοῦτο
1351 4284 1381 4336 6
1411 4281 1673 4355 ἔμπορος,
1707 4281 1801 4335 ἐπὶ

215 4376 400 4449 τούτῳ
429 4377 478 4430 οἱ
509 4375 610 4440 τὰς
645 4377 912 4444 γυναῖκας
948 4373 1299 4437 ἀπολύοντες,
1349 4372 1445 4427 καὶ⁵
1500 4372 1569 4427 τὰ
1610 4371 1797 4427 τέκνα.

222 4472 401 4525 ’Ὅπου
432 4469 541 4540 γὰρ
578 4470 641 4523 rb
671 4469 975 4542 συμφέρον,
1002 4470 1119 4522 ἐκεῖ
1146 4469 1240 4521 καὶ
1272 4466 1335 4520 rb
1371 4465 1625 4532 εὐσεϐὲς,
1659 4464 1801 4520 ὥστε

220 4564 374 4628 ὅστις
415 4562 509 4617 τοῦ
552 4562 842 4632 ὀρέγεσθαι
874 4559 1217 4629 ἐπιμελεῖται
1254 4551 1329 4613 ὧν
1362 4558 1444 4612 δεῖ
1479 4558 1574 4612 καὶ
1616 4556 1802 4612 ἐκκλί-

1905 4285 2233 4342 contumelia
2279 4282 2539 4347 afficitur,
2567 4281 2786 4353 quando
2825 4294 2889 4337 ea
2919 4294 3043 4351 qua:
3071 4279 3216 4335 bona
3243 4277 3497 4333 videntur

1906 4375 2038 4439 ﬁlio,
2070 4390 2181 4429 non
2205 4373 2306 4443 ipsi
2334 4373 2679 4443 impertiatur
2709 4390 2725 4427 :
2756 4371 3010 4428 similiter
3032 4368 3360 4440 quibusdam
3390 4366 3496 4421 im-

1904 4467 2265 4539 prudentibus
2306 4466 2361 4521 id
2403 4467 2457 4521 in
2511 4480 2681 4521 causa
2728 4463 2854 4531 fuit,
2900 4472 2960 4520 ut
2990 4461 3135 4534 quod
3167 4461 3311 4515 bona
3350 4466 3498 4514 esset

1911 4559 2163 4631 tyrannis
2190 4558 2613 4614 existimarent.
2642 4556 2769 4614 Ideo
2800 4554 3039 4626 agricola
3068 4566 3289 4625 quoque
3322 4550 3496 4606 Deum

222 4673 362 4720 νειν,
391 4657 450 4709 ἐν
469 4655 667 4725 τούτῳ,
700 4653 796 4707 καὶ
824 4652 1105 4717 εὐσεϐείας
1134 4650 1494 4724 ἐπιμελεῖται.
1530 4651 1799 4722 Προσήκει

1972 4652 2153 4708 mvitio
2178 4652 2388 4723 carpit;
2417 4651 2543 4707 ideo
2570 4660 2772 4716 nauta;
2806 4650 2929 4705 ideo
2961 4654 3269 4712 mercator;
3301 4644 3423 4699 ideo
3446 4653 3500 4699 et

225 4747 370 4803 κατά
415 4747 675 4818 ἀλήθειαν
730 4745 999 4800 ἅπτεσθαι
1044 4744 1228 4816 ἔργου,
1286 4742 1562 4815 καθαρῶς,
1608 4745 1703 4796 καὶ¹
1733 4743 1799 4813 μὴ

1972 4746 2000 4800 li
2030 4760 2234 4800 uxores
2262 4744 2567 4810 dimittunt,
2602 4758 2669 4799 ac
2710 4742 2874 4797 filios.
2901 4739 2979 4795 Ita
3026 4747 3088 4794 ut
3120 4740 3190 4803 is,
3216 4738 3305 4791 cui
3334 4750 3500 4805 appe-

226 4840 697 4910 ἐπισεσυρμένως,
740 4838 875 4909 μηδὲ
920 4836 1160 4908 ἀμελῶς,
1196 4835 1333 4908 μηδέ
1363 4852 1429 4905 γε
1473 4836 1803 4908 αίσχροκερ·

226 4933 358 4998 δῶς,
393 4932 527 5002 μηδὲ
559 4931 701 5002 ὑπὲρ
730 4930 984 5001 δύναμιν.

1907 4845 2022 4894 teI-e
2052 4851 2199 4892 cura:
2242 4834 2315 4891 sit
2355 4843 2409 4890 et
2455 4834 2733 4889 declinare
2786 4833 2879 4888 illa
2924 4846 3047 4902 qua:
3083 4830 3257 4893 decet,
3297 4828 3350 4882 in
3395 4827 3501 4882 hoc

1906 4927 2070 4982 etiam
2099 4937 2311 4998 satagat
2340 4943 2543 4983 curans
2571 4926 2852 4998 pietatem.
2888 4924 3040 4995 Opus
3084 4924 3251 4996 igitur
3279 4922 3501 4993 aggredi

230 5028 488 5085 convenit
517 5044 666 5094 vere,
730 5043 796 5085 ac
862 5041 1018 5099 pure,
1084 5040 1185 5083 nec
1217 5025 1597 5096 incomposite,
1631 5039 1808 5094 neque
1837 5024 2191 5096 negligenter,
2246 5040 2423 5096 neque
2467 5024 2748 5079 sordidum
2799 5022 2872 5078 ob
2915 5023 3151 5085 lucrum,
3203 5034 3305 5074 nec
3332 5032 3499 5087 supra

232 5123 401 5178 vires.

816 5217 1071 5273 ΚΕΦΑΛ.
1104 5214 1230 5271 ΔΘ¹.

305 5307 479 5373 Τάξον
514 5308 638 5362 τινά
684 5309 858 5373 εἴδους
887 5308 1215 5381 χαρακτῆρα
1255 5307 1458 5379 σαυτῷ,
1487 5308 1583 5361 καὶ
1618 5307 1812 5371 τύπον,

236 5401 298 5454 ὃν
332 5401 588 5469 φυλάξεις
622 5402 716 5456 ἐπί
756 5419 815 5457 τε
855 5400 1053 5456 σαυτοῦ
1088 5400 1185 5466 ὢν,
1228 5402 1323 5455 καὶ
1366 5399 1677 5471 ἀνθρώποις
1724 5400 1813 5452 ἐν·

238 5493 547 5563 τυγχάνων.

836 5586 1088 5641 ΚΕΦΛΛ.
1127 5585 1219 5641 Μ’.

315 5675 503 5749 Σιωπή
527 5675 589 5732 rb
614 5677 748 5733 πολύ
775 5677 933 5747 ἔστω,
957 5678 989 5749 ἣ
1018 5677 1283 5733 λαλεξσθω
1313 5677 1378 5733 τὰ
1404 5677 1698 5746 ἀναγκαῖα,
1724 5676 1815 5730 καὶ

2447 5203 2677 5261 CAPUT
2717 5203 2754 5258 Χ
2769 5202 2963 5257 XXIX.

1990 5300 2276 5357 Constitue
2330 5299 2429 5355 tibi
2477 5300 2579 5370 ipsi
2631 5298 2927 5369 quamdam
2963 5295 3109 5350 modi
3168 5292 3402 5348 formam
3452 5298 3507 5341 et

1921 5394 2221 5464 exemplar,
2246 5392 2395 5464 quod
2424 5392 2705 5458 observes,
2746 5402 2861 5446 tum
2899 5387 3123 5461 quando
3158 5397 3340 5443 tecum
3371 5383 3503 5445 eris,

1922 5498 2034 5543 tum
2059 5486 2280 5558 quando
2317 5500 2443 5544 cum
2474 5484 2789 5541 hominibus
2816 5482 3078 5554 loqueris.

2214 5656 2219 5659 Α
2521 5574 2753 5633 CAPUT
2786 5574 2904 5630 XL.

1998 5671 2283 5732 Silentium
2318 5680 2377 5729 ut
2421 5670 2718 5744 plurimum
2750 5669 2853 5737 sit;
2883 5666 2966 5725 vel
3000 5663 3306 5724 necessaria
3332 5660 3507 5719 disse-
