  <div class='ocr_page' id='page_1' title='image "/cluster/home/n/w/nwhite01/storage/ocr_20150623/79/nnc1.0038021404/741.png"; bbox 0 0 3808 6226; ppageno 0'>
   <div class='ocr_carea' id='block_1_1' title="bbox 312 154 447 226">
    <p class='ocr_par' dir='ltr' id='par_1_1' title="bbox 312 154 447 226">
     <span class='ocr_line' id='line_1_1' title="bbox 312 154 447 226; baseline 0.015 -2"><span class='ocrx_word' id='word_1_1' title='bbox 312 154 447 226; x_wconf 65' lang='lat'><strong>1303</strong></span> 
     </span>
    </p>
   </div>
   <div class='ocr_carea' id='block_1_2' title="bbox 1768 153 2070 224">
    <p class='ocr_par' dir='ltr' id='par_1_2' title="bbox 1768 153 2070 224">
     <span class='ocr_line' id='line_1_2' title="bbox 1768 153 2070 224; baseline 0 0"><span class='ocrx_word' id='word_1_2' title='bbox 1768 153 2070 224; x_wconf 80' lang='lat' dir='ltr'><strong>SPURIA.</strong></span> 
     </span>
    </p>
   </div>
   <div class='ocr_carea' id='block_1_3' title="bbox 3444 169 3590 235">
    <p class='ocr_par' dir='ltr' id='par_1_3' title="bbox 3444 169 3590 235">
     <span class='ocr_line' id='line_1_3' title="bbox 3444 169 3590 235; baseline 0.014 -3"><span class='ocrx_word' id='word_1_3' title='bbox 3444 169 3590 235; x_wconf 67' lang='grc'><strong>131114</strong></span> 
     </span>
    </p>
   </div>
   <div class='ocr_carea' id='block_1_4' title="bbox 309 264 1913 348">
    <p class='ocr_par' dir='ltr' id='par_1_4' title="bbox 309 264 1891 344">
     <span class='ocr_line' id='line_1_4' title="bbox 309 264 1891 344; baseline 0.002 -18"><span class='ocrx_word' id='word_1_4' title='bbox 309 279 524 340; x_wconf 83' lang='lat' dir='ltr'><strong>rantur,</strong></span> <span class='ocrx_word' id='word_1_5' title='bbox 558 276 612 328; x_wconf 85' lang='lat' dir='ltr'><strong>et</strong></span> <span class='ocrx_word' id='word_1_6' title='bbox 634 269 823 341; x_wconf 79' lang='lat' dir='ltr'><strong>paucis</strong></span> <span class='ocrx_word' id='word_1_7' title='bbox 844 268 1045 333; x_wconf 81' lang='lat' dir='ltr'><strong>verbis,</strong></span> <span class='ocrx_word' id='word_1_8' title='bbox 1083 264 1126 327; x_wconf 82' lang='lat' dir='ltr'><strong>si</strong></span> <span class='ocrx_word' id='word_1_9' title='bbox 1154 273 1377 343; x_wconf 80' lang='lat' dir='ltr'><strong>quando</strong></span> <span class='ocrx_word' id='word_1_10' title='bbox 1407 289 1536 329; x_wconf 84' lang='lat' dir='ltr'><strong>vero</strong></span> <span class='ocrx_word' id='word_1_11' title='bbox 1571 275 1891 344; x_wconf 81' lang='lat' dir='ltr'><strong>tempestiva</strong></span> 
     </span>
    </p>
   </div>
   <div class='ocr_carea' id='block_1_5' title="bbox 2056 264 3591 348">
    <p class='ocr_par' dir='ltr' id='par_1_5' title="bbox 2056 272 3591 348">
     <span class='ocr_line' id='line_1_5' title="bbox 2056 272 3591 348; baseline 0.005 -21"><span class='ocrx_word' id='word_1_12' title='bbox 2056 274 2062 293; x_wconf 85' lang='lat'><em>&#39;</em></span> <span class='ocrx_word' id='word_1_13' title='bbox 2093 272 2310 343; x_wconf 76' lang='grc' dir='ltr'>ὀλίγων,</span> <span class='ocrx_word' id='word_1_14' title='bbox 2344 274 2587 337; x_wconf 79' lang='grc' dir='ltr'><strong>σπανίως</strong></span> <span class='ocrx_word' id='word_1_15' title='bbox 2624 274 2683 328; x_wconf 72' lang='grc' dir='ltr'>δέ</span> <span class='ocrx_word' id='word_1_16' title='bbox 2716 290 2843 327; x_wconf 86' lang='grc' dir='ltr'>ποτε</span> <span class='ocrx_word' id='word_1_17' title='bbox 2884 274 3078 345; x_wconf 80' lang='grc' dir='ltr'><strong>καιροῦ</strong></span> <span class='ocrx_word' id='word_1_18' title='bbox 3123 279 3591 348; x_wconf 72' lang='grc' dir='ltr'>παρακαλοῦντος</span> 
     </span>
    </p>
   </div>
   <div class='ocr_carea' id='block_1_6' title="bbox 310 358 1893 432">
    <p class='ocr_par' dir='ltr' id='par_1_6' title="bbox 310 358 1893 432">
     <span class='ocr_line' id='line_1_6' title="bbox 310 358 1893 432; baseline 0.004 -21"><span class='ocrx_word' id='word_1_19' title='bbox 310 358 528 412; x_wconf 86' lang='lat' dir='ltr'><strong>occasio</strong></span> <span class='ocrx_word' id='word_1_20' title='bbox 572 358 871 424; x_wconf 88' lang='lat' dir='ltr'><strong>advocarit,</strong></span> <span class='ocrx_word' id='word_1_21' title='bbox 908 375 1034 413; x_wconf 89' lang='lat' dir='ltr'><strong>raro</strong></span> <span class='ocrx_word' id='word_1_22' title='bbox 1056 359 1122 413; x_wconf 90' lang='lat' dir='ltr'><strong>ad</strong></span> <span class='ocrx_word' id='word_1_23' title='bbox 1177 358 1341 431; x_wconf 64' lang='lat' dir='ltr'><strong>3M</strong></span> <span class='ocrx_word' id='word_1_24' title='bbox 1368 359 1644 417; x_wconf 76' lang='lat' dir='ltr'><strong>eﬂandum</strong></span> <span class='ocrx_word' id='word_1_25' title='bbox 1699 378 1893 432; x_wconf 84' lang='lat' dir='ltr'><strong>proce-</strong></span> 
     </span>
    </p>
   </div>
   <div class='ocr_carea' id='block_1_7' title="bbox 316 449 1892 524">
    <p class='ocr_par' dir='ltr' id='par_1_7' title="bbox 316 449 1892 524">
     <span class='ocr_line' id='line_1_7' title="bbox 316 449 1892 524; baseline 0.003 -21"><span class='ocrx_word' id='word_1_26' title='bbox 316 449 535 513; x_wconf 86' lang='lat' dir='ltr'><strong>damus,</strong></span> <span class='ocrx_word' id='word_1_27' title='bbox 570 466 756 504; x_wconf 91' lang='lat' dir='ltr'><strong>verum</strong></span> <span class='ocrx_word' id='word_1_28' title='bbox 794 466 899 505; x_wconf 91' lang='lat' dir='ltr'><strong>non</strong></span> <span class='ocrx_word' id='word_1_29' title='bbox 926 451 993 506; x_wconf 89' lang='lat' dir='ltr'><strong>de</strong></span> <span class='ocrx_word' id='word_1_30' title='bbox 1028 450 1133 504; x_wconf 87' lang='lat' dir='ltr'><strong>ulla</strong></span> <span class='ocrx_word' id='word_1_31' title='bbox 1167 466 1226 506; x_wconf 87' lang='lat' dir='ltr'><strong>re</strong></span> <span class='ocrx_word' id='word_1_32' title='bbox 1258 452 1485 521; x_wconf 81' lang='lat' dir='ltr'><strong>vulgari,</strong></span> <span class='ocrx_word' id='word_1_33' title='bbox 1517 468 1623 507; x_wconf 86' lang='lat' dir='ltr'><strong>non</strong></span> <span class='ocrx_word' id='word_1_34' title='bbox 1664 455 1731 508; x_wconf 90' lang='lat' dir='ltr'><strong>de</strong></span> <span class='ocrx_word' id='word_1_35' title='bbox 1775 456 1892 524; x_wconf 72' lang='lat' dir='ltr'><strong>gla—</strong></span> 
     </span>
    </p>
   </div>
   <div class='ocr_carea' id='block_1_8' title="bbox 320 536 1891 607">
    <p class='ocr_par' dir='ltr' id='par_1_8' title="bbox 320 536 1891 607">
     <span class='ocr_line' id='line_1_8' title="bbox 320 536 1891 607; baseline 0.004 -17"><span class='ocrx_word' id='word_1_36' title='bbox 320 536 591 590; x_wconf 85' lang='lat' dir='ltr'><strong>diatorum</strong></span> <span class='ocrx_word' id='word_1_37' title='bbox 638 537 803 603; x_wconf 87' lang='lat' dir='ltr'><strong>ludis,</strong></span> <span class='ocrx_word' id='word_1_38' title='bbox 849 553 959 591; x_wconf 88' lang='lat' dir='ltr'><strong>non</strong></span> <span class='ocrx_word' id='word_1_39' title='bbox 1010 537 1078 592; x_wconf 89' lang='lat' dir='ltr'><strong>de</strong></span> <span class='ocrx_word' id='word_1_40' title='bbox 1131 554 1398 607; x_wconf 88' lang='lat' dir='ltr'><strong>equorum</strong></span> <span class='ocrx_word' id='word_1_41' title='bbox 1452 541 1891 607; x_wconf 88' lang='lat' dir='ltr'><strong>decursionibus,</strong></span> 
     </span>
    </p>
   </div>
   <div class='ocr_carea' id='block_1_9' title="bbox 317 628 1895 705">
    <p class='ocr_par' dir='ltr' id='par_1_9' title="bbox 317 628 1895 705">
     <span class='ocr_line' id='line_1_9' title="bbox 317 628 1895 705; baseline 0.004 -24"><span class='ocrx_word' id='word_1_42' title='bbox 317 642 426 681; x_wconf 85' lang='lat' dir='ltr'><strong>non</strong></span> <span class='ocrx_word' id='word_1_43' title='bbox 457 628 524 681; x_wconf 89' lang='lat' dir='ltr'><strong>de</strong></span> <span class='ocrx_word' id='word_1_44' title='bbox 568 628 809 691; x_wconf 76' lang='lat' dir='ltr'><strong>athletis,</strong></span> <span class='ocrx_word' id='word_1_45' title='bbox 845 643 949 682; x_wconf 89' lang='lat' dir='ltr'><strong>non</strong></span> <span class='ocrx_word' id='word_1_46' title='bbox 982 629 1049 683; x_wconf 88' lang='lat' dir='ltr'><strong>de</strong></span> <span class='ocrx_word' id='word_1_47' title='bbox 1100 629 1258 705; x_wconf 83' lang='lat' dir='ltr'><strong>cibis,</strong></span> <span class='ocrx_word' id='word_1_48' title='bbox 1292 640 1385 684; x_wconf 87' lang='lat' dir='ltr'><strong>aut</strong></span> <span class='ocrx_word' id='word_1_49' title='bbox 1435 633 1678 701; x_wconf 91' lang='lat' dir='ltr'><strong>potibus,</strong></span> <span class='ocrx_word' id='word_1_50' title='bbox 1716 634 1799 687; x_wconf 85' lang='lat' dir='ltr'><strong>vel</strong></span> <span class='ocrx_word' id='word_1_51' title='bbox 1828 634 1895 687; x_wconf 89' lang='lat' dir='ltr'><strong>de</strong></span> 
     </span>
    </p>
   </div>
   <div class='ocr_carea' id='block_1_10' title="bbox 317 717 1894 792">
    <p class='ocr_par' dir='ltr' id='par_1_10' title="bbox 317 717 1894 792">
     <span class='ocr_line' id='line_1_10' title="bbox 317 717 1894 792; baseline 0.004 -21"><span class='ocrx_word' id='word_1_52' title='bbox 317 717 739 787; x_wconf 88' lang='lat' dir='ltr'><strong>quibuscunque</strong></span> <span class='ocrx_word' id='word_1_53' title='bbox 805 718 971 773; x_wconf 77' lang='lat' dir='ltr'><strong>rebus</strong></span> <span class='ocrx_word' id='word_1_54' title='bbox 1033 718 1260 774; x_wconf 84' lang='lat' dir='ltr'><strong>ubilibet</strong></span> <span class='ocrx_word' id='word_1_55' title='bbox 1317 721 1518 790; x_wconf 86' lang='lat' dir='ltr'><strong>passim</strong></span> <span class='ocrx_word' id='word_1_56' title='bbox 1588 723 1894 792; x_wconf 79' lang='lat' dir='ltr'><strong>enarratis;</strong></span> 
     </span>
    </p>
   </div>
   <div class='ocr_carea' id='block_1_11' title="bbox 318 814 1894 886">
    <p class='ocr_par' dir='ltr' id='par_1_11' title="bbox 318 814 1894 886">
     <span class='ocr_line' id='line_1_11' title="bbox 318 814 1894 886; baseline 0.003 -20"><span class='ocrx_word' id='word_1_57' title='bbox 318 814 668 884; x_wconf 82' lang='lat' dir='ltr'><strong>potissimum</strong></span> <span class='ocrx_word' id='word_1_58' title='bbox 719 826 847 869; x_wconf 87' lang='lat' dir='ltr'><strong>vero</strong></span> <span class='ocrx_word' id='word_1_59' title='bbox 891 828 999 868; x_wconf 89' lang='lat' dir='ltr'><strong>non</strong></span> <span class='ocrx_word' id='word_1_60' title='bbox 1055 815 1120 869; x_wconf 91' lang='lat' dir='ltr'><strong>de</strong></span> <span class='ocrx_word' id='word_1_61' title='bbox 1174 814 1398 870; x_wconf 82' lang='lat' dir='ltr'><strong>homine</strong></span> <span class='ocrx_word' id='word_1_62' title='bbox 1445 816 1894 886; x_wconf 86' lang='lat' dir='ltr'><strong>reprehendente,</strong></span> 
     </span>
    </p>
   </div>
   <div class='ocr_carea' id='block_1_12' title="bbox 318 904 1284 976">
    <p class='ocr_par' dir='ltr' id='par_1_12' title="bbox 318 904 1284 976">
     <span class='ocr_line' id='line_1_12' title="bbox 318 904 1284 976; baseline 0.004 -19"><span class='ocrx_word' id='word_1_63' title='bbox 318 904 403 960; x_wconf 68' lang='lat' dir='ltr'><strong>Vel</strong></span> <span class='ocrx_word' id='word_1_64' title='bbox 431 906 764 971; x_wconf 89' lang='lat' dir='ltr'><strong>dilaudante,</strong></span> <span class='ocrx_word' id='word_1_65' title='bbox 800 905 884 960; x_wconf 86' lang='lat' dir='ltr'><strong>vel</strong></span> <span class='ocrx_word' id='word_1_66' title='bbox 916 917 1284 976; x_wconf 85' lang='lat' dir='ltr'><strong>comparante.</strong></span> 
     </span>
    </p>
   </div>
   <div class='ocr_carea' id='block_1_13' title="bbox 909 1010 1313 1073">
    <p class='ocr_par' dir='ltr' id='par_1_13' title="bbox 909 1010 1313 1073">
     <span class='ocr_line' id='line_1_13' title="bbox 909 1010 1313 1073; baseline 0.005 -2"><span class='ocrx_word' id='word_1_67' title='bbox 909 1010 1139 1073; x_wconf 83' lang='lat' dir='ltr'><strong>CAPUT</strong></span> <span class='ocrx_word' id='word_1_68' title='bbox 1177 1010 1313 1073; x_wconf 83' lang='lat' dir='ltr'><strong>XLI.</strong></span> 
     </span>
    </p>
   </div>
   <div class='ocr_carea' id='block_1_14' title="bbox 395 1106 1898 1179">
    <p class='ocr_par' dir='ltr' id='par_1_14' title="bbox 395 1106 1898 1179">
     <span class='ocr_line' id='line_1_14' title="bbox 395 1106 1898 1179; baseline 0.003 -18"><span class='ocrx_word' id='word_1_69' title='bbox 395 1106 452 1161; x_wconf 83' lang='lat' dir='ltr'><strong>Si</strong></span> <span class='ocrx_word' id='word_1_70' title='bbox 481 1122 611 1179; x_wconf 82' lang='lat' dir='ltr'><strong>ergo</strong></span> <span class='ocrx_word' id='word_1_71' title='bbox 630 1109 871 1179; x_wconf 74' lang='lat' dir='ltr'><strong>potueris</strong></span> <span class='ocrx_word' id='word_1_72' title='bbox 896 1109 1135 1165; x_wconf 77' lang='lat' dir='ltr'><strong>transfer</strong></span> <span class='ocrx_word' id='word_1_73' title='bbox 1157 1122 1278 1166; x_wconf 88' lang='lat' dir='ltr'><strong>tuos</strong></span> <span class='ocrx_word' id='word_1_74' title='bbox 1300 1126 1606 1173; x_wconf 89' lang='lat' dir='ltr'><strong>sermones,</strong></span> <span class='ocrx_word' id='word_1_75' title='bbox 1631 1121 1683 1165; x_wconf 89' lang='lat' dir='ltr'><strong>et</strong></span> <span class='ocrx_word' id='word_1_76' title='bbox 1710 1127 1898 1166; x_wconf 86' lang='lat' dir='ltr'><strong>eorum</strong></span> 
     </span>
    </p>
   </div>
   <div class='ocr_carea' id='block_1_15' title="bbox 321 1199 1900 1273">
    <p class='ocr_par' dir='ltr' id='par_1_15' title="bbox 321 1199 1900 1273">
     <span class='ocr_line' id='line_1_15' title="bbox 321 1199 1900 1273; baseline 0.003 -20"><span class='ocrx_word' id='word_1_77' title='bbox 321 1199 413 1268; x_wconf 83' lang='lat' dir='ltr'><strong>qui</strong></span> <span class='ocrx_word' id='word_1_78' title='bbox 452 1208 627 1254; x_wconf 88' lang='lat' dir='ltr'><strong>tecum</strong></span> <span class='ocrx_word' id='word_1_79' title='bbox 668 1210 825 1263; x_wconf 90' lang='lat' dir='ltr'><strong>sunt,</strong></span> <span class='ocrx_word' id='word_1_80' title='bbox 878 1201 946 1254; x_wconf 78' lang='lat' dir='ltr'><strong>ad</strong></span> <span class='ocrx_word' id='word_1_81' title='bbox 991 1201 1041 1255; x_wconf 89' lang='lat' dir='ltr'><strong>id</strong></span> <span class='ocrx_word' id='word_1_82' title='bbox 1093 1204 1238 1271; x_wconf 84' lang='lat' dir='ltr'><strong>quod</strong></span> <span class='ocrx_word' id='word_1_83' title='bbox 1287 1203 1475 1269; x_wconf 82' lang='lat' dir='ltr'><strong>decet;</strong></span> <span class='ocrx_word' id='word_1_84' title='bbox 1520 1205 1565 1259; x_wconf 89' lang='lat' dir='ltr'><strong>si</strong></span> <span class='ocrx_word' id='word_1_85' title='bbox 1600 1220 1729 1259; x_wconf 85' lang='lat' dir='ltr'><strong>vero</strong></span> <span class='ocrx_word' id='word_1_86' title='bbox 1760 1204 1900 1273; x_wconf 90' lang='lat' dir='ltr'><strong>apud</strong></span> 
     </span>
    </p>
   </div>
   <div class='ocr_carea' id='block_1_16' title="bbox 321 1294 1827 1365">
    <p class='ocr_par' dir='ltr' id='par_1_16' title="bbox 321 1294 1827 1365">
     <span class='ocr_line' id='line_1_16' title="bbox 321 1294 1827 1365; baseline 0.004 -20"><span class='ocrx_word' id='word_1_87' title='bbox 321 1299 595 1347; x_wconf 70' lang='lat' dir='ltr'><strong>extraneae</strong></span> <span class='ocrx_word' id='word_1_88' title='bbox 617 1294 792 1363; x_wconf 82' lang='lat' dir='ltr'><strong>gemis</strong></span> <span class='ocrx_word' id='word_1_89' title='bbox 827 1294 1075 1349; x_wconf 84' lang='lat' dir='ltr'><strong>homines</strong></span> <span class='ocrx_word' id='word_1_90' title='bbox 1111 1295 1277 1351; x_wconf 81' lang='lat' dir='ltr'><strong>fueris</strong></span> <span class='ocrx_word' id='word_1_91' title='bbox 1309 1297 1661 1365; x_wconf 89' lang='lat' dir='ltr'><strong>interceptus,</strong></span> <span class='ocrx_word' id='word_1_92' title='bbox 1689 1305 1827 1351; x_wconf 89' lang='lat' dir='ltr'><strong>tace.</strong></span> 
     </span>
    </p>
   </div>
   <div class='ocr_carea' id='block_1_17' title="bbox 896 1402 1319 1459">
    <p class='ocr_par' dir='ltr' id='par_1_17' title="bbox 896 1402 1319 1459">
     <span class='ocr_line' id='line_1_17' title="bbox 896 1402 1319 1459; baseline 0.005 -2"><span class='ocrx_word' id='word_1_93' title='bbox 896 1402 1127 1459; x_wconf 85' lang='lat' dir='ltr'><strong>CAPUT</strong></span> <span class='ocrx_word' id='word_1_94' title='bbox 1160 1404 1319 1459; x_wconf 85' lang='lat' dir='ltr'><strong>XLII.</strong></span> 
     </span>
    </p>
   </div>
   <div class='ocr_carea' id='block_1_18' title="bbox 394 1486 1904 1568">
    <p class='ocr_par' dir='ltr' id='par_1_18' title="bbox 394 1486 1904 1568">
     <span class='ocr_line' id='line_1_18' title="bbox 394 1486 1904 1568; baseline 0.004 -22"><span class='ocrx_word' id='word_1_95' title='bbox 394 1486 561 1549; x_wconf 84' lang='lat' dir='ltr'><strong>IIisus</strong></span> <span class='ocrx_word' id='word_1_96' title='bbox 582 1510 650 1549; x_wconf 90' lang='lat' dir='ltr'><strong>ne</strong></span> <span class='ocrx_word' id='word_1_97' title='bbox 678 1495 884 1549; x_wconf 89' lang='lat' dir='ltr'><strong>multus</strong></span> <span class='ocrx_word' id='word_1_98' title='bbox 935 1495 1027 1559; x_wconf 87' lang='lat' dir='ltr'><strong>sit,</strong></span> <span class='ocrx_word' id='word_1_99' title='bbox 1045 1511 1221 1567; x_wconf 90' lang='lat' dir='ltr'><strong>neque</strong></span> <span class='ocrx_word' id='word_1_100' title='bbox 1259 1497 1582 1561; x_wconf 85' lang='lat' dir='ltr'><strong>dissolutus,</strong></span> <span class='ocrx_word' id='word_1_101' title='bbox 1616 1512 1792 1568; x_wconf 88' lang='lat' dir='ltr'><strong>neque</strong></span> <span class='ocrx_word' id='word_1_102' title='bbox 1834 1498 1904 1552; x_wconf 92' lang='lat' dir='ltr'><strong>ob</strong></span> 
     </span>
    </p>
   </div>
   <div class='ocr_carea' id='block_1_19' title="bbox 326 1586 519 1641">
    <p class='ocr_par' dir='ltr' id='par_1_19' title="bbox 326 1586 519 1641">
     <span class='ocr_line' id='line_1_19' title="bbox 326 1586 519 1641; baseline 0.01 -2"><span class='ocrx_word' id='word_1_103' title='bbox 326 1586 519 1641; x_wconf 67' lang='lat' dir='ltr'><strong>multa.</strong></span> 
     </span>
    </p>
   </div>
   <div class='ocr_carea' id='block_1_20' title="bbox 900 1694 1335 1753">
    <p class='ocr_par' dir='ltr' id='par_1_20' title="bbox 900 1694 1335 1753">
     <span class='ocr_line' id='line_1_20' title="bbox 900 1694 1335 1753; baseline 0 0"><span class='ocrx_word' id='word_1_104' title='bbox 900 1694 1129 1753; x_wconf 82' lang='lat' dir='ltr'><strong>CAPUT</strong></span> <span class='ocrx_word' id='word_1_105' title='bbox 1155 1698 1335 1753; x_wconf 89' lang='lat' dir='ltr'><strong>XLIII.</strong></span> 
     </span>
    </p>
   </div>
   <div class='ocr_carea' id='block_1_21' title="bbox 398 1779 1909 1862">
    <p class='ocr_par' dir='ltr' id='par_1_21' title="bbox 398 1779 1909 1862">
     <span class='ocr_line' id='line_1_21' title="bbox 398 1779 1909 1862; baseline 0.001 -18"><span class='ocrx_word' id='word_1_106' title='bbox 398 1779 788 1857; x_wconf 73' lang='lat' dir='ltr'><strong>Jusjurandum</strong></span> <span class='ocrx_word' id='word_1_107' title='bbox 824 1806 1037 1855; x_wconf 88' lang='lat' dir='ltr'><strong>recusa,</strong></span> <span class='ocrx_word' id='word_1_108' title='bbox 1074 1792 1118 1845; x_wconf 90' lang='lat' dir='ltr'><strong>si</strong></span> <span class='ocrx_word' id='word_1_109' title='bbox 1146 1799 1299 1861; x_wconf 85' lang='lat' dir='ltr'><strong>potes</strong></span> <span class='ocrx_word' id='word_1_110' title='bbox 1330 1793 1656 1862; x_wconf 89' lang='lat' dir='ltr'><strong>quidem,ad</strong></span> <span class='ocrx_word' id='word_1_111' title='bbox 1690 1792 1909 1857; x_wconf 84' lang='lat' dir='ltr'><strong>omnia;</strong></span> 
     </span>
    </p>
   </div>
   <div class='ocr_carea' id='block_1_22' title="bbox 331 1882 1305 1952">
    <p class='ocr_par' dir='ltr' id='par_1_22' title="bbox 331 1882 1305 1952">
     <span class='ocr_line' id='line_1_22' title="bbox 331 1882 1305 1952; baseline -0.003 -13"><span class='ocrx_word' id='word_1_112' title='bbox 331 1882 415 1939; x_wconf 72' lang='lat' dir='ltr'><strong>lin</strong></span> <span class='ocrx_word' id='word_1_113' title='bbox 446 1897 627 1947; x_wconf 87' lang='lat' dir='ltr'><strong>secus,</strong></span> <span class='ocrx_word' id='word_1_114' title='bbox 662 1892 924 1952; x_wconf 90' lang='lat' dir='ltr'><strong>quantum</strong></span> <span class='ocrx_word' id='word_1_115' title='bbox 964 1883 1077 1937; x_wconf 76' lang='lat' dir='ltr'><strong>ﬁeri</strong></span> <span class='ocrx_word' id='word_1_116' title='bbox 1110 1892 1305 1951; x_wconf 83' lang='lat' dir='ltr'><strong>potest.</strong></span> 
     </span>
    </p>
   </div>
   <div class='ocr_carea' id='block_1_23' title="bbox 898 1993 1349 2051">
    <p class='ocr_par' dir='ltr' id='par_1_23' title="bbox 898 1993 1349 2051">
     <span class='ocr_line' id='line_1_23' title="bbox 898 1993 1349 2051; baseline -0.002 0"><span class='ocrx_word' id='word_1_117' title='bbox 898 1993 1130 2051; x_wconf 87' lang='lat' dir='ltr'><strong>CAPUT</strong></span> <span class='ocrx_word' id='word_1_118' title='bbox 1164 1994 1349 2050; x_wconf 83' lang='lat' dir='ltr'><strong>XLIV.</strong></span> 
     </span>
    </p>
   </div>
   <div class='ocr_carea' id='block_1_24' title="bbox 407 2080 1916 2161">
    <p class='ocr_par' dir='ltr' id='par_1_24' title="bbox 407 2080 1916 2161">
     <span class='ocr_line' id='line_1_24' title="bbox 407 2080 1916 2161; baseline 0.002 -19"><span class='ocrx_word' id='word_1_119' title='bbox 407 2080 609 2159; x_wconf 81' lang='lat' dir='ltr'><strong>Epulas</strong></span> <span class='ocrx_word' id='word_1_120' title='bbox 659 2099 935 2153; x_wconf 84' lang='lat' dir='ltr'><strong>externas,</strong></span> <span class='ocrx_word' id='word_1_121' title='bbox 988 2103 1043 2144; x_wconf 88' lang='lat' dir='ltr'><strong>et</strong></span> <span class='ocrx_word' id='word_1_122' title='bbox 1106 2092 1395 2161; x_wconf 85' lang='lat' dir='ltr'><strong>populares</strong></span> <span class='ocrx_word' id='word_1_123' title='bbox 1454 2090 1639 2160; x_wconf 86' lang='lat' dir='ltr'><strong>rejice,</strong></span> <span class='ocrx_word' id='word_1_124' title='bbox 1698 2090 1812 2155; x_wconf 88' lang='lat' dir='ltr'><strong>sed,</strong></span> <span class='ocrx_word' id='word_1_125' title='bbox 1869 2090 1916 2145; x_wconf 85' lang='lat' dir='ltr'><strong>si</strong></span> 
     </span>
    </p>
   </div>
   <div class='ocr_carea' id='block_1_25' title="bbox 339 2178 1917 2250">
    <p class='ocr_par' dir='ltr' id='par_1_25' title="bbox 339 2178 1917 2250">
     <span class='ocr_line' id='line_1_25' title="bbox 339 2178 1917 2250; baseline 0.004 -19"><span class='ocrx_word' id='word_1_126' title='bbox 339 2178 554 2249; x_wconf 85' lang='lat' dir='ltr'><strong>tempus</strong></span> <span class='ocrx_word' id='word_1_127' title='bbox 581 2181 874 2250; x_wconf 82' lang='lat' dir='ltr'><strong>aliquando</strong></span> <span class='ocrx_word' id='word_1_128' title='bbox 908 2182 1117 2247; x_wconf 86' lang='lat' dir='ltr'><strong>tulerit,</strong></span> <span class='ocrx_word' id='word_1_129' title='bbox 1150 2197 1181 2237; x_wconf 92' lang='lat' dir='ltr'><strong>a</strong></span> <span class='ocrx_word' id='word_1_130' title='bbox 1225 2192 1277 2237; x_wconf 90' lang='lat' dir='ltr'><strong>te</strong></span> <span class='ocrx_word' id='word_1_131' title='bbox 1322 2182 1645 2237; x_wconf 84' lang='lat' dir='ltr'><strong>adhibeatur</strong></span> <span class='ocrx_word' id='word_1_132' title='bbox 1690 2182 1917 2237; x_wconf 88' lang='lat' dir='ltr'><strong>attentio</strong></span> 
     </span>
    </p>
   </div>
   <div class='ocr_carea' id='block_1_26' title="bbox 341 2269 1913 2343">
    <p class='ocr_par' dir='ltr' id='par_1_26' title="bbox 341 2269 1913 2343">
     <span class='ocr_line' id='line_1_26' title="bbox 341 2269 1913 2343; baseline 0.003 -20"><span class='ocrx_word' id='word_1_133' title='bbox 341 2278 411 2325; x_wconf 84' lang='lat' dir='ltr'><strong>ne</strong></span> <span class='ocrx_word' id='word_1_134' title='bbox 442 2269 578 2326; x_wconf 81' lang='lat' dir='ltr'><strong>forte</strong></span> <span class='ocrx_word' id='word_1_135' title='bbox 606 2272 999 2326; x_wconf 85' lang='lat' dir='ltr'><strong>subterlabaris</strong></span> <span class='ocrx_word' id='word_1_136' title='bbox 1029 2273 1083 2326; x_wconf 91' lang='lat' dir='ltr'><strong>in</strong></span> <span class='ocrx_word' id='word_1_137' title='bbox 1110 2272 1385 2343; x_wconf 80' lang='lat' dir='ltr'><strong>vulgarem</strong></span> <span class='ocrx_word' id='word_1_138' title='bbox 1421 2272 1873 2329; x_wconf 86' lang='lat' dir='ltr'><strong>consuetudinem</strong></span> <span class='ocrx_word' id='word_1_139' title='bbox 1900 2293 1913 2327; x_wconf 91' lang='lat'>:</span> 
     </span>
    </p>
   </div>
   <div class='ocr_carea' id='block_1_27' title="bbox 341 2359 1915 2432">
    <p class='ocr_par' dir='ltr' id='par_1_27' title="bbox 341 2359 1915 2432">
     <span class='ocr_line' id='line_1_27' title="bbox 341 2359 1915 2432; baseline 0.001 -19"><span class='ocrx_word' id='word_1_140' title='bbox 341 2359 486 2415; x_wconf 71' lang='lat' dir='ltr'><strong>scias</strong></span> <span class='ocrx_word' id='word_1_141' title='bbox 507 2361 674 2425; x_wconf 90' lang='lat' dir='ltr'><strong>enim,</strong></span> <span class='ocrx_word' id='word_1_142' title='bbox 720 2362 865 2431; x_wconf 71' lang='lat' dir='ltr'><strong>Quod</strong></span> <span class='ocrx_word' id='word_1_143' title='bbox 894 2363 939 2417; x_wconf 89' lang='lat' dir='ltr'><strong>si</strong></span> <span class='ocrx_word' id='word_1_144' title='bbox 970 2362 1174 2417; x_wconf 91' lang='lat' dir='ltr'><strong>sodalis</strong></span> <span class='ocrx_word' id='word_1_145' title='bbox 1212 2362 1284 2417; x_wconf 90' lang='lat' dir='ltr'><strong>sit</strong></span> <span class='ocrx_word' id='word_1_146' title='bbox 1336 2362 1597 2432; x_wconf 90' lang='lat' dir='ltr'><strong>pollutus,</strong></span> <span class='ocrx_word' id='word_1_147' title='bbox 1632 2376 1915 2416; x_wconf 90' lang='lat' dir='ltr'><strong>necessum</strong></span> 
     </span>
    </p>
   </div>
   <div class='ocr_carea' id='block_1_28' title="bbox 339 2452 1916 2525">
    <p class='ocr_par' dir='ltr' id='par_1_28' title="bbox 339 2452 1916 2525">
     <span class='ocr_line' id='line_1_28' title="bbox 339 2452 1916 2525; baseline 0.004 -23"><span class='ocrx_word' id='word_1_148' title='bbox 339 2455 424 2503; x_wconf 85' lang='lat' dir='ltr'><strong>est</strong></span> <span class='ocrx_word' id='word_1_149' title='bbox 468 2465 595 2506; x_wconf 86' lang='lat' dir='ltr'><strong>eum</strong></span> <span class='ocrx_word' id='word_1_150' title='bbox 649 2452 742 2521; x_wconf 82' lang='lat' dir='ltr'><strong>qui</strong></span> <span class='ocrx_word' id='word_1_151' title='bbox 795 2462 922 2507; x_wconf 88' lang='lat' dir='ltr'><strong>cum</strong></span> <span class='ocrx_word' id='word_1_152' title='bbox 977 2452 1071 2507; x_wconf 90' lang='lat' dir='ltr'><strong>illo</strong></span> <span class='ocrx_word' id='word_1_153' title='bbox 1120 2464 1474 2509; x_wconf 84' lang='lat' dir='ltr'><strong>conversatur</strong></span> <span class='ocrx_word' id='word_1_154' title='bbox 1514 2456 1679 2511; x_wconf 88' lang='lat' dir='ltr'><strong>simul</strong></span> <span class='ocrx_word' id='word_1_155' title='bbox 1727 2455 1916 2525; x_wconf 90' lang='lat' dir='ltr'><strong>pollui,</strong></span> 
     </span>
    </p>
   </div>
   <div class='ocr_carea' id='block_1_29' title="bbox 342 2543 1269 2615">
    <p class='ocr_par' dir='ltr' id='par_1_29' title="bbox 342 2543 1269 2615">
     <span class='ocr_line' id='line_1_29' title="bbox 342 2543 1269 2615; baseline 0.006 -21"><span class='ocrx_word' id='word_1_156' title='bbox 342 2543 593 2610; x_wconf 81' lang='lat' dir='ltr'><strong>quamvis</strong></span> <span class='ocrx_word' id='word_1_157' title='bbox 632 2544 746 2614; x_wconf 89' lang='lat' dir='ltr'><strong>ipse</strong></span> <span class='ocrx_word' id='word_1_158' title='bbox 768 2560 939 2615; x_wconf 88' lang='lat' dir='ltr'><strong>purus</strong></span> <span class='ocrx_word' id='word_1_159' title='bbox 975 2545 1269 2600; x_wconf 83' lang='lat' dir='ltr'><strong>exstiterit.</strong></span> 
     </span>
    </p>
   </div>
   <div class='ocr_carea' id='block_1_30' title="bbox 819 2649 1503 2729">
    <p class='ocr_par' dir='ltr' id='par_1_30' title="bbox 819 2649 1503 2729">
     <span class='ocr_line' id='line_1_30' title="bbox 819 2649 1503 2729; baseline 0.001 -17"><span class='ocrx_word' id='word_1_160' title='bbox 819 2649 981 2729; x_wconf 61' lang='lat'><strong>355</strong></span> <span class='ocrx_word' id='word_1_161' title='bbox 1018 2657 1251 2715; x_wconf 87' lang='lat' dir='ltr'><strong>CAPUT</strong></span> <span class='ocrx_word' id='word_1_162' title='bbox 1298 2656 1459 2713; x_wconf 79' lang='lat' dir='ltr'><strong>XLV.</strong></span> <span class='ocrx_word' id='word_1_163' title='bbox 1500 2716 1503 2721; x_wconf 69' lang='grc'><strong>,</strong></span> 
     </span>
    </p>
   </div>
   <div class='ocr_carea' id='block_1_31' title="bbox 417 2742 1919 2816">
    <p class='ocr_par' dir='ltr' id='par_1_31' title="bbox 417 2742 1919 2816">
     <span class='ocr_line' id='line_1_31' title="bbox 417 2742 1919 2816; baseline 0.005 -18"><span class='ocrx_word' id='word_1_164' title='bbox 417 2742 551 2811; x_wconf 68' lang='lat' dir='ltr'><strong>Quae</strong></span> <span class='ocrx_word' id='word_1_165' title='bbox 572 2746 821 2815; x_wconf 84' lang='lat' dir='ltr'><strong>corporis</strong></span> <span class='ocrx_word' id='word_1_166' title='bbox 843 2756 974 2801; x_wconf 87' lang='lat' dir='ltr'><strong>sunt</strong></span> <span class='ocrx_word' id='word_1_167' title='bbox 993 2763 1153 2803; x_wconf 92' lang='lat' dir='ltr'><strong>sume</strong></span> <span class='ocrx_word' id='word_1_168' title='bbox 1174 2748 1242 2803; x_wconf 93' lang='lat' dir='ltr'><strong>ad</strong></span> <span class='ocrx_word' id='word_1_169' title='bbox 1266 2748 1463 2803; x_wconf 80' lang='lat' dir='ltr'><strong>exilem</strong></span> <span class='ocrx_word' id='word_1_170' title='bbox 1495 2758 1707 2804; x_wconf 89' lang='lat' dir='ltr'><strong>tantum</strong></span> <span class='ocrx_word' id='word_1_171' title='bbox 1734 2764 1919 2816; x_wconf 87' lang='lat' dir='ltr'><strong>usum,</strong></span> 
     </span>
    </p>
   </div>
   <div class='ocr_carea' id='block_1_32' title="bbox 346 2832 1917 2909">
    <p class='ocr_par' dir='ltr' id='par_1_32' title="bbox 346 2832 1917 2909">
     <span class='ocr_line' id='line_1_32' title="bbox 346 2832 1917 2909; baseline 0.004 -20"><span class='ocrx_word' id='word_1_172' title='bbox 346 2832 499 2891; x_wconf 83' lang='lat' dir='ltr'><strong>velut</strong></span> <span class='ocrx_word' id='word_1_173' title='bbox 528 2836 785 2892; x_wconf 85' lang='lat' dir='ltr'><strong>alimenta</strong></span> <span class='ocrx_word' id='word_1_174' title='bbox 807 2873 823 2903; x_wconf 93' lang='lat'><strong>,</strong></span> <span class='ocrx_word' id='word_1_175' title='bbox 859 2838 1136 2908; x_wconf 89' lang='lat' dir='ltr'><strong>potionem</strong></span> <span class='ocrx_word' id='word_1_176' title='bbox 1162 2874 1177 2903; x_wconf 84' lang='lat'><strong>,</strong></span> <span class='ocrx_word' id='word_1_177' title='bbox 1222 2839 1507 2905; x_wconf 86' lang='lat' dir='ltr'><strong>amictum,</strong></span> <span class='ocrx_word' id='word_1_178' title='bbox 1553 2840 1917 2909; x_wconf 89' lang='lat' dir='ltr'><strong>domicilium,</strong></span> 
     </span>
    </p>
   </div>
   <div class='ocr_carea' id='block_1_33' title="bbox 1993 364 3591 436">
    <p class='ocr_par' dir='ltr' id='par_1_33' title="bbox 1993 364 3591 436">
     <span class='ocr_line' id='line_1_33' title="bbox 1993 364 3591 436; baseline 0.003 -19"><span class='ocrx_word' id='word_1_179' title='bbox 1993 365 2088 418; x_wconf 76' lang='grc' dir='ltr'><strong>ἐπὶ</strong></span> <span class='ocrx_word' id='word_1_180' title='bbox 2122 366 2185 418; x_wconf 83' lang='grc' dir='ltr'>τὸ</span> <span class='ocrx_word' id='word_1_181' title='bbox 2208 364 2387 432; x_wconf 80' lang='grc' dir='ltr'>λέγειν</span> <span class='ocrx_word' id='word_1_182' title='bbox 2424 365 2641 435; x_wconf 81' lang='grc' dir='ltr'>ἥξωμεν</span> <span class='ocrx_word' id='word_1_183' title='bbox 2663 381 2677 395; x_wconf 80' lang='lat'><strong><em>°</em></strong></span> <span class='ocrx_word' id='word_1_184' title='bbox 2726 364 2862 417; x_wconf 83' lang='grc' dir='ltr'>ἀλλὰ</span> <span class='ocrx_word' id='word_1_185' title='bbox 2911 366 3041 436; x_wconf 73' lang='grc' dir='ltr'>περὶ</span> <span class='ocrx_word' id='word_1_186' title='bbox 3074 366 3309 436; x_wconf 79' lang='grc' dir='ltr'>μηδενὸς</span> <span class='ocrx_word' id='word_1_187' title='bbox 3350 367 3467 421; x_wconf 82' lang='grc' dir='ltr'><strong>τῶν</strong></span> <span class='ocrx_word' id='word_1_188' title='bbox 3496 387 3591 423; x_wconf 80' lang='grc' dir='ltr'>τυ-</span> 
     </span>
    </p>
   </div>
   <div class='ocr_carea' id='block_1_34' title="bbox 1995 452 3588 528">
    <p class='ocr_par' dir='ltr' id='par_1_34' title="bbox 1995 452 3588 528">
     <span class='ocr_line' id='line_1_34' title="bbox 1995 452 3588 528; baseline 0.004 -23"><span class='ocrx_word' id='word_1_189' title='bbox 1995 452 2221 523; x_wconf 87' lang='grc' dir='ltr'>χόντων,</span> <span class='ocrx_word' id='word_1_190' title='bbox 2249 455 2323 525; x_wconf 79' lang='grc' dir='ltr'>μὴ</span> <span class='ocrx_word' id='word_1_191' title='bbox 2356 454 2485 523; x_wconf 76' lang='grc' dir='ltr'>περὶ</span> <span class='ocrx_word' id='word_1_192' title='bbox 2515 454 2883 525; x_wconf 83' lang='grc' dir='ltr'><strong>μονομαχιῶν,</strong></span> <span class='ocrx_word' id='word_1_193' title='bbox 2910 455 2985 526; x_wconf 83' lang='grc' dir='ltr'>μὴ</span> <span class='ocrx_word' id='word_1_194' title='bbox 3010 458 3142 527; x_wconf 65' lang='grc' dir='ltr'><strong>περὶ⁷</strong></span> <span class='ocrx_word' id='word_1_195' title='bbox 3172 458 3588 528; x_wconf 77' lang='grc' dir='ltr'>ἱπποδρομῖων,</span> 
     </span>
    </p>
   </div>
   <div class='ocr_carea' id='block_1_35' title="bbox 1998 545 3588 621">
    <p class='ocr_par' dir='ltr' id='par_1_35' title="bbox 1998 545 3588 621">
     <span class='ocr_line' id='line_1_35' title="bbox 1998 545 3588 621; baseline 0.004 -24"><span class='ocrx_word' id='word_1_196' title='bbox 1998 545 2074 616; x_wconf 83' lang='grc' dir='ltr'>μὴ</span> <span class='ocrx_word' id='word_1_197' title='bbox 2140 546 2269 616; x_wconf 75' lang='grc' dir='ltr'>περὶ</span> <span class='ocrx_word' id='word_1_198' title='bbox 2327 545 2598 616; x_wconf 81' lang='grc' dir='ltr'><strong>ἀθλητῶν,</strong></span> <span class='ocrx_word' id='word_1_199' title='bbox 2666 546 2744 618; x_wconf 83' lang='grc' dir='ltr'>μὴ</span> <span class='ocrx_word' id='word_1_200' title='bbox 2809 546 3135 618; x_wconf 82' lang='grc' dir='ltr'><strong>βρωμάτων,</strong></span> <span class='ocrx_word' id='word_1_201' title='bbox 3189 550 3226 621; x_wconf 78' lang='grc' dir='ltr'><strong>ἢ</strong></span> <span class='ocrx_word' id='word_1_202' title='bbox 3288 551 3588 621; x_wconf 79' lang='grc' dir='ltr'>πομάτων,</span> 
     </span>
    </p>
   </div>
   <div class='ocr_carea' id='block_1_36' title="bbox 1996 638 3593 713">
    <p class='ocr_par' dir='ltr' id='par_1_36' title="bbox 1996 638 3593 713">
     <span class='ocr_line' id='line_1_36' title="bbox 1996 638 3593 713; baseline 0.003 -24"><span class='ocrx_word' id='word_1_203' title='bbox 1996 638 2029 709; x_wconf 81' lang='grc' dir='ltr'>ἢ</span> <span class='ocrx_word' id='word_1_204' title='bbox 2070 638 2179 690; x_wconf 88' lang='grc' dir='ltr'><strong>τῶν</strong></span> <span class='ocrx_word' id='word_1_205' title='bbox 2226 638 2531 708; x_wconf 82' lang='grc' dir='ltr'>ἑκασταχοῦ</span> <span class='ocrx_word' id='word_1_206' title='bbox 2587 639 2914 710; x_wconf 84' lang='grc' dir='ltr'>λεγομένων,</span> <span class='ocrx_word' id='word_1_207' title='bbox 2952 641 3189 710; x_wconf 89' lang='grc' dir='ltr'>μάλιστα</span> <span class='ocrx_word' id='word_1_208' title='bbox 3233 643 3294 696; x_wconf 80' lang='grc' dir='ltr'>δὲ</span> <span class='ocrx_word' id='word_1_209' title='bbox 3340 644 3422 713; x_wconf 79' lang='grc' dir='ltr'>μὴ</span> <span class='ocrx_word' id='word_1_210' title='bbox 3456 643 3593 710; x_wconf 79' lang='grc' dir='ltr'>περὶ</span> 
     </span>
    </p>
   </div>
   <div class='ocr_carea' id='block_1_37' title="bbox 1998 728 3493 805">
    <p class='ocr_par' dir='ltr' id='par_1_37' title="bbox 1998 728 3493 805">
     <span class='ocr_line' id='line_1_37' title="bbox 1998 728 3493 805; baseline 0.005 -24"><span class='ocrx_word' id='word_1_211' title='bbox 1998 728 2285 799; x_wconf 78' lang='grc' dir='ltr'>ἄνθρωπον</span> <span class='ocrx_word' id='word_1_212' title='bbox 2313 728 2568 799; x_wconf 78' lang='grc' dir='ltr'>ψέγοντα,</span> <span class='ocrx_word' id='word_1_213' title='bbox 2592 730 2625 801; x_wconf 79' lang='grc' dir='ltr'>ἢ</span> <span class='ocrx_word' id='word_1_214' title='bbox 2662 731 3006 799; x_wconf 82' lang='grc' dir='ltr'>ἐπαινοῦντα,</span> <span class='ocrx_word' id='word_1_215' title='bbox 3036 734 3069 805; x_wconf 80' lang='grc' dir='ltr'><strong>ἦ</strong></span> <span class='ocrx_word' id='word_1_216' title='bbox 3097 734 3493 805; x_wconf 73' lang='grc' dir='ltr'>συγκρίνοντα.</span> 
     </span>
    </p>
   </div>
   <div class='ocr_carea' id='block_1_38' title="bbox 2578 1016 2998 1072">
    <p class='ocr_par' dir='ltr' id='par_1_38' title="bbox 2578 1016 2998 1072">
     <span class='ocr_line' id='line_1_38' title="bbox 2578 1016 2998 1072; baseline 0.007 -3"><span class='ocrx_word' id='word_1_217' title='bbox 2578 1017 2828 1071; x_wconf 78' lang='grc' dir='ltr'><strong>ΚΕΦΑΛ.</strong></span> <span class='ocrx_word' id='word_1_218' title='bbox 2864 1016 2998 1072; x_wconf 81' lang='lat' dir='ltr'><strong>MA&#39;.</strong></span> 
     </span>
    </p>
   </div>
   <div class='ocr_carea' id='block_1_39' title="bbox 2085 1102 3589 1181">
    <p class='ocr_par' dir='ltr' id='par_1_39' title="bbox 2085 1102 3589 1181">
     <span class='ocr_line' id='line_1_39' title="bbox 2085 1102 3589 1181; baseline 0.003 -20"><span class='ocrx_word' id='word_1_219' title='bbox 2085 1102 2210 1161; x_wconf 86' lang='grc' dir='ltr'><strong>Ἐὰν</strong></span> <span class='ocrx_word' id='word_1_220' title='bbox 2258 1102 2496 1179; x_wconf 75' lang='grc' dir='ltr'>μὲνοῦν</span> <span class='ocrx_word' id='word_1_221' title='bbox 2540 1103 2653 1171; x_wconf 78' lang='grc' dir='ltr'>οἷός</span> <span class='ocrx_word' id='word_1_222' title='bbox 2693 1105 2820 1181; x_wconf 81' lang='grc' dir='ltr'>τεῇ</span> <span class='ocrx_word' id='word_1_223' title='bbox 2874 1110 3017 1177; x_wconf 86' lang='grc' dir='ltr'>μέτα</span> <span class='ocrx_word' id='word_1_224' title='bbox 3065 1127 3130 1178; x_wconf 89' lang='grc' dir='ltr'><strong>γε</strong></span> <span class='ocrx_word' id='word_1_225' title='bbox 3177 1112 3308 1173; x_wconf 80' lang='grc' dir='ltr'>τοὺς</span> <span class='ocrx_word' id='word_1_226' title='bbox 3346 1113 3475 1172; x_wconf 74' lang='grc' dir='ltr'>σοὺς</span> <span class='ocrx_word' id='word_1_227' title='bbox 3503 1112 3589 1166; x_wconf 75' lang='grc' dir='ltr'>λό-</span> 
     </span>
    </p>
   </div>
   <div class='ocr_carea' id='block_1_40' title="bbox 2001 1199 3581 1274">
    <p class='ocr_par' dir='ltr' id='par_1_40' title="bbox 2001 1199 3581 1274">
     <span class='ocr_line' id='line_1_40' title="bbox 2001 1199 3581 1274; baseline 0.004 -22"><span class='ocrx_word' id='word_1_228' title='bbox 2001 1216 2153 1265; x_wconf 87' lang='grc' dir='ltr'>γους,</span> <span class='ocrx_word' id='word_1_229' title='bbox 2212 1201 2307 1252; x_wconf 83' lang='grc' dir='ltr'><strong>καὶ</strong></span> <span class='ocrx_word' id='word_1_230' title='bbox 2357 1201 2484 1262; x_wconf 82' lang='grc' dir='ltr'>τοὺς</span> <span class='ocrx_word' id='word_1_231' title='bbox 2538 1199 2648 1252; x_wconf 83' lang='grc' dir='ltr'><strong>τῶν</strong></span> <span class='ocrx_word' id='word_1_232' title='bbox 2702 1200 2969 1254; x_wconf 80' lang='grc' dir='ltr'>συνόντων</span> <span class='ocrx_word' id='word_1_233' title='bbox 3025 1203 3117 1255; x_wconf 78' lang='grc' dir='ltr'>ἐπὶ</span> <span class='ocrx_word' id='word_1_234' title='bbox 3166 1202 3233 1255; x_wconf 83' lang='grc' dir='ltr'><strong>τὸ</strong></span> <span class='ocrx_word' id='word_1_235' title='bbox 3283 1207 3581 1274; x_wconf 78' lang='grc' dir='ltr'>προσῆκον.</span> 
     </span>
    </p>
   </div>
   <div class='ocr_carea' id='block_1_41' title="bbox 2004 1288 3412 1364">
    <p class='ocr_par' dir='ltr' id='par_1_41' title="bbox 2004 1288 3412 1364">
     <span class='ocr_line' id='line_1_41' title="bbox 2004 1288 3412 1364; baseline 0.004 -21"><span class='ocrx_word' id='word_1_236' title='bbox 2004 1290 2065 1345; x_wconf 79' lang='grc' dir='ltr'><strong>Εἰ</strong></span> <span class='ocrx_word' id='word_1_237' title='bbox 2089 1290 2146 1344; x_wconf 87' lang='grc' dir='ltr'>δὲ</span> <span class='ocrx_word' id='word_1_238' title='bbox 2172 1292 2229 1344; x_wconf 82' lang='grc' dir='ltr'>ὲν</span> <span class='ocrx_word' id='word_1_239' title='bbox 2250 1288 2571 1360; x_wconf 79' lang='grc' dir='ltr'><strong>ἀλλοφύλοις</strong></span> <span class='ocrx_word' id='word_1_240' title='bbox 2600 1292 2935 1363; x_wconf 76' lang='grc' dir='ltr'><strong>ἀποληφθεὶς</strong></span> <span class='ocrx_word' id='word_1_241' title='bbox 2966 1294 3173 1364; x_wconf 79' lang='grc' dir='ltr'>τύχοις,</span> <span class='ocrx_word' id='word_1_242' title='bbox 3200 1293 3412 1348; x_wconf 84' lang='grc' dir='ltr'>σιώπα.</span> 
     </span>
    </p>
   </div>
   <div class='ocr_carea' id='block_1_42' title="bbox 2584 1402 3003 1461">
    <p class='ocr_par' dir='ltr' id='par_1_42' title="bbox 2584 1402 3003 1461">
     <span class='ocr_line' id='line_1_42' title="bbox 2584 1402 3003 1461; baseline 0.002 -1"><span class='ocrx_word' id='word_1_243' title='bbox 2584 1407 2839 1460; x_wconf 73' lang='grc' dir='ltr'><strong>ΚΕΦᾹΛ.</strong></span> <span class='ocrx_word' id='word_1_244' title='bbox 2870 1402 3003 1461; x_wconf 84' lang='grc' dir='ltr'><strong>ΜΒ’.</strong></span> 
     </span>
    </p>
   </div>
   <div class='ocr_carea' id='block_1_43' title="bbox 2076 1494 3585 1569">
    <p class='ocr_par' dir='ltr' id='par_1_43' title="bbox 2076 1494 3585 1569">
     <span class='ocr_line' id='line_1_43' title="bbox 2076 1494 3585 1569; baseline 0 -21"><span class='ocrx_word' id='word_1_245' title='bbox 2076 1495 2254 1559; x_wconf 80' lang='grc' dir='ltr'>Γέλως</span> <span class='ocrx_word' id='word_1_246' title='bbox 2288 1496 2365 1567; x_wconf 80' lang='grc' dir='ltr'>μὴ</span> <span class='ocrx_word' id='word_1_247' title='bbox 2401 1494 2571 1560; x_wconf 82' lang='grc' dir='ltr'>πολὺς</span> <span class='ocrx_word' id='word_1_248' title='bbox 2605 1496 2764 1561; x_wconf 78' lang='grc' dir='ltr'>ἔστω,</span> <span class='ocrx_word' id='word_1_249' title='bbox 2801 1494 2937 1569; x_wconf 86' lang='grc' dir='ltr'>μηδὲ</span> <span class='ocrx_word' id='word_1_250' title='bbox 2981 1496 3294 1567; x_wconf 80' lang='grc' dir='ltr'>ἀνειμένος,</span> <span class='ocrx_word' id='word_1_251' title='bbox 3329 1496 3472 1567; x_wconf 75' lang='grc' dir='ltr'>μηδὲ</span> <span class='ocrx_word' id='word_1_252' title='bbox 3499 1497 3585 1549; x_wconf 75' lang='grc' dir='ltr'><strong>ἐπὶ</strong></span> 
     </span>
    </p>
   </div>
   <div class='ocr_carea' id='block_1_44' title="bbox 1936 1587 2244 1668">
    <p class='ocr_par' dir='ltr' id='par_1_44' title="bbox 1936 1587 2244 1668">
     <span class='ocr_line' id='line_1_44' title="bbox 1936 1587 2244 1668; baseline 0.013 -27"><span class='ocrx_word' id='word_1_253' title='bbox 1936 1612 1979 1668; x_wconf 77' lang='grc' dir='ltr'><strong>Β</strong></span> <span class='ocrx_word' id='word_1_254' title='bbox 2008 1587 2244 1651; x_wconf 76' lang='grc' dir='ltr'>πολλοῖς.</span> 
     </span>
    </p>
   </div>
   <div class='ocr_carea' id='block_1_45' title="bbox 2589 1702 3001 1755">
    <p class='ocr_par' dir='ltr' id='par_1_45' title="bbox 2589 1702 3001 1755">
     <span class='ocr_line' id='line_1_45' title="bbox 2589 1702 3001 1755; baseline 0 0"><span class='ocrx_word' id='word_1_255' title='bbox 2589 1703 2839 1755; x_wconf 77' lang='grc' dir='ltr'><strong>ΚΕΦΑΛ.</strong></span> <span class='ocrx_word' id='word_1_256' title='bbox 2869 1702 3001 1755; x_wconf 79' lang='lat' dir='ltr'><strong>Ml&quot;.</strong></span> 
     </span>
    </p>
   </div>
   <div class='ocr_carea' id='block_1_46' title="bbox 2086 1788 3589 1865">
    <p class='ocr_par' dir='ltr' id='par_1_46' title="bbox 2086 1788 3589 1865">
     <span class='ocr_line' id='line_1_46' title="bbox 2086 1788 3589 1865; baseline -0.003 -16"><span class='ocrx_word' id='word_1_257' title='bbox 2086 1793 2291 1865; x_wconf 84' lang='grc' dir='ltr'>Ὅρκον</span> <span class='ocrx_word' id='word_1_258' title='bbox 2322 1794 2682 1865; x_wconf 73' lang='grc' dir='ltr'>παραίτησαι,</span> <span class='ocrx_word' id='word_1_259' title='bbox 2718 1795 2768 1847; x_wconf 76' lang='grc' dir='ltr'>εἰ</span> <span class='ocrx_word' id='word_1_260' title='bbox 2796 1794 2901 1864; x_wconf 85' lang='grc' dir='ltr'><strong>μὲν</strong></span> <span class='ocrx_word' id='word_1_261' title='bbox 2928 1788 3041 1847; x_wconf 76' lang='grc' dir='ltr'>οἷόν</span> <span class='ocrx_word' id='word_1_262' title='bbox 3073 1810 3132 1846; x_wconf 88' lang='grc' dir='ltr'><strong>τε</strong></span> <span class='ocrx_word' id='word_1_263' title='bbox 3158 1794 3240 1857; x_wconf 79' lang='grc' dir='ltr'>εἰς</span> <span class='ocrx_word' id='word_1_264' title='bbox 3272 1793 3447 1856; x_wconf 78' lang='grc' dir='ltr'>ἅπαν,</span> <span class='ocrx_word' id='word_1_265' title='bbox 3467 1792 3515 1845; x_wconf 87' lang='grc' dir='ltr'>εἰ</span> <span class='ocrx_word' id='word_1_266' title='bbox 3536 1792 3589 1845; x_wconf 68' lang='grc' dir='ltr'>ἃ</span> 
     </span>
    </p>
   </div>
   <div class='ocr_carea' id='block_1_47' title="bbox 2019 1886 2626 1957">
    <p class='ocr_par' dir='ltr' id='par_1_47' title="bbox 2019 1886 2626 1957">
     <span class='ocr_line' id='line_1_47' title="bbox 2019 1886 2626 1957; baseline 0.002 -20"><span class='ocrx_word' id='word_1_267' title='bbox 2019 1886 2114 1957; x_wconf 78' lang='grc' dir='ltr'>μὴ,</span> <span class='ocrx_word' id='word_1_268' title='bbox 2145 1886 2211 1938; x_wconf 81' lang='grc' dir='ltr'>ὲκ</span> <span class='ocrx_word' id='word_1_269' title='bbox 2238 1886 2347 1938; x_wconf 85' lang='grc' dir='ltr'><strong>τῶν</strong></span> <span class='ocrx_word' id='word_1_270' title='bbox 2376 1886 2626 1939; x_wconf 75' lang='grc' dir='ltr'>ἐνόντων.</span> 
     </span>
    </p>
   </div>
   <div class='ocr_carea' id='block_1_48' title="bbox 2594 1997 3005 2051">
    <p class='ocr_par' dir='ltr' id='par_1_48' title="bbox 2594 1997 3005 2051">
     <span class='ocr_line' id='line_1_48' title="bbox 2594 1997 3005 2051; baseline -0.002 -1"><span class='ocrx_word' id='word_1_271' title='bbox 2594 1997 2847 2051; x_wconf 79' lang='grc' dir='ltr'><strong>ΚΕΦΑΛ.</strong></span> <span class='ocrx_word' id='word_1_272' title='bbox 2873 1997 3005 2049; x_wconf 75' lang='lat' dir='ltr'><strong>MA&#39;.</strong></span> 
     </span>
    </p>
   </div>
   <div class='ocr_carea' id='block_1_49' title="bbox 2098 2084 3594 2157">
    <p class='ocr_par' dir='ltr' id='par_1_49' title="bbox 2098 2084 3594 2157">
     <span class='ocr_line' id='line_1_49' title="bbox 2098 2084 3594 2157; baseline -0.005 -13"><span class='ocrx_word' id='word_1_273' title='bbox 2098 2090 2401 2152; x_wconf 82' lang='grc' dir='ltr'>Ἐστιάσεις</span> <span class='ocrx_word' id='word_1_274' title='bbox 2419 2090 2517 2152; x_wconf 83' lang='grc' dir='ltr'>τὰς</span> <span class='ocrx_word' id='word_1_275' title='bbox 2545 2088 2651 2155; x_wconf 77' lang='grc' dir='ltr'>ἔξω</span> <span class='ocrx_word' id='word_1_276' title='bbox 2698 2088 2792 2141; x_wconf 83' lang='grc' dir='ltr'>καὶ</span> <span class='ocrx_word' id='word_1_277' title='bbox 2817 2084 3092 2148; x_wconf 76' lang='grc' dir='ltr'>ἰδιωτικάς</span> <span class='ocrx_word' id='word_1_278' title='bbox 3116 2084 3438 2157; x_wconf 81' lang='grc' dir='ltr'>διακρούου.</span> <span class='ocrx_word' id='word_1_279' title='bbox 3475 2084 3594 2138; x_wconf 73' lang='grc' dir='ltr'><strong>Ἐὰν</strong></span> 
     </span>
    </p>
   </div>
   <div class='ocr_carea' id='block_1_50' title="bbox 2016 2171 3592 2251">
    <p class='ocr_par' dir='ltr' id='par_1_50' title="bbox 2016 2171 3592 2251">
     <span class='ocr_line' id='line_1_50' title="bbox 2016 2171 3592 2251; baseline -0.005 -15"><span class='ocrx_word' id='word_1_280' title='bbox 2016 2183 2073 2236; x_wconf 84' lang='grc' dir='ltr'><em>δέ</em></span> <span class='ocrx_word' id='word_1_281' title='bbox 2102 2192 2232 2235; x_wconf 82' lang='grc' dir='ltr'>ποτε</span> <span class='ocrx_word' id='word_1_282' title='bbox 2256 2182 2479 2251; x_wconf 82' lang='grc' dir='ltr'>γένηται</span> <span class='ocrx_word' id='word_1_283' title='bbox 2505 2178 3038 2250; x_wconf 78' lang='grc' dir='ltr'>καιρὸς,’ὲντετάσθω</span> <span class='ocrx_word' id='word_1_284' title='bbox 3068 2194 3151 2230; x_wconf 90' lang='grc' dir='ltr'><strong>σοι</strong></span> <span class='ocrx_word' id='word_1_285' title='bbox 3178 2179 3212 2247; x_wconf 82' lang='grc' dir='ltr'>ἡ</span> <span class='ocrx_word' id='word_1_286' title='bbox 3239 2179 3492 2248; x_wconf 85' lang='grc' dir='ltr'>προσοχὴ</span> <span class='ocrx_word' id='word_1_287' title='bbox 3524 2171 3592 2247; x_wconf 75' lang='grc' dir='ltr'>μή</span> 
     </span>
    </p>
   </div>
   <div class='ocr_carea' id='block_1_51' title="bbox 2019 2268 3594 2344">
    <p class='ocr_par' dir='ltr' id='par_1_51' title="bbox 2019 2268 3594 2344">
     <span class='ocr_line' id='line_1_51' title="bbox 2019 2268 3594 2344; baseline -0.005 -17"><span class='ocrx_word' id='word_1_288' title='bbox 2019 2291 2152 2327; x_wconf 91' lang='grc' dir='ltr'>ποτε</span> <span class='ocrx_word' id='word_1_289' title='bbox 2199 2273 2307 2344; x_wconf 80' lang='grc' dir='ltr'>ἄρα</span> <span class='ocrx_word' id='word_1_290' title='bbox 2353 2274 2635 2344; x_wconf 77' lang='grc' dir='ltr'>ὑπορῤυῇς</span> <span class='ocrx_word' id='word_1_291' title='bbox 2686 2272 2765 2335; x_wconf 86' lang='grc' dir='ltr'>εἰς</span> <span class='ocrx_word' id='word_1_292' title='bbox 2816 2268 3160 2339; x_wconf 57' lang='grc' dir='ltr'>ἰδιωτισμόν</span> <span class='ocrx_word' id='word_1_293' title='bbox 3216 2268 3330 2321; x_wconf 75' lang='grc' dir='ltr'>ἴσθι</span> <span class='ocrx_word' id='word_1_294' title='bbox 3377 2268 3491 2339; x_wconf 84' lang='grc' dir='ltr'>γὰρ</span> <span class='ocrx_word' id='word_1_295' title='bbox 3520 2270 3594 2321; x_wconf 79' lang='grc' dir='ltr'><strong>ὅτι</strong></span> 
     </span>
    </p>
   </div>
   <div class='ocr_carea' id='block_1_52' title="bbox 2021 2359 3595 2439">
    <p class='ocr_par' dir='ltr' id='par_1_52' title="bbox 2021 2359 3595 2439">
     <span class='ocr_line' id='line_1_52' title="bbox 2021 2359 3595 2439; baseline -0.005 -19"><span class='ocrx_word' id='word_1_296' title='bbox 2021 2368 2118 2419; x_wconf 80' lang='grc' dir='ltr'><strong>ὲάν</strong></span> <span class='ocrx_word' id='word_1_297' title='bbox 2140 2368 2168 2419; x_wconf 86' lang='grc' dir='ltr'><strong>ὁ</strong></span> <span class='ocrx_word' id='word_1_298' title='bbox 2194 2360 2462 2439; x_wconf 77' lang='grc' dir='ltr'>ἑταῖροςῇ</span> <span class='ocrx_word' id='word_1_299' title='bbox 2499 2362 2927 2435; x_wconf 81' lang='grc' dir='ltr'>μεμολυσμένος,</span> <span class='ocrx_word' id='word_1_300' title='bbox 2958 2361 3054 2413; x_wconf 78' lang='grc' dir='ltr'><strong>καὶ</strong></span> <span class='ocrx_word' id='word_1_301' title='bbox 3082 2359 3175 2414; x_wconf 78' lang='grc' dir='ltr'><strong>τὸν</strong></span> <span class='ocrx_word' id='word_1_302' title='bbox 3205 2359 3595 2432; x_wconf 75' lang='grc' dir='ltr'>συνανατριϐὁι-</span> 
     </span>
    </p>
   </div>
   <div class='ocr_carea' id='block_1_53' title="bbox 2025 2452 3597 2530">
    <p class='ocr_par' dir='ltr' id='par_1_53' title="bbox 2025 2452 3597 2530">
     <span class='ocr_line' id='line_1_53' title="bbox 2025 2452 3597 2530; baseline -0.004 -18"><span class='ocrx_word' id='word_1_303' title='bbox 2025 2475 2185 2530; x_wconf 88' lang='grc' dir='ltr'>μενον</span> <span class='ocrx_word' id='word_1_304' title='bbox 2232 2457 2382 2528; x_wconf 81' lang='grc' dir='ltr'>αὐτῷ</span> <span class='ocrx_word' id='word_1_305' title='bbox 2426 2454 2870 2527; x_wconf 82' lang='grc' dir='ltr'>συμμολύνεσθαι</span> <span class='ocrx_word' id='word_1_306' title='bbox 2905 2453 3146 2523; x_wconf 81' lang='grc' dir='ltr'>ἀνάγκη,</span> <span class='ocrx_word' id='word_1_307' title='bbox 3184 2453 3293 2507; x_wconf 79' lang='grc' dir='ltr'><strong>κάν</strong></span> <span class='ocrx_word' id='word_1_308' title='bbox 3329 2452 3496 2516; x_wconf 76' lang='grc' dir='ltr'>αὐτὸς</span> <span class='ocrx_word' id='word_1_309' title='bbox 3526 2452 3597 2506; x_wconf 81' lang='grc' dir='ltr'>ὦν</span> 
     </span>
    </p>
   </div>
   <div class='ocr_carea' id='block_1_54' title="bbox 2020 2550 2452 2625">
    <p class='ocr_par' dir='ltr' id='par_1_54' title="bbox 2020 2550 2452 2625">
     <span class='ocr_line' id='line_1_54' title="bbox 2020 2550 2452 2625; baseline -0.007 -19"><span class='ocrx_word' id='word_1_310' title='bbox 2020 2552 2162 2625; x_wconf 84' lang='grc' dir='ltr'><strong>τύχῃ</strong></span> <span class='ocrx_word' id='word_1_311' title='bbox 2190 2550 2452 2622; x_wconf 77' lang='grc' dir='ltr'>καθαρός.</span> 
     </span>
    </p>
   </div>
   <div class='ocr_carea' id='block_1_55' title="bbox 2602 2659 3019 2713">
    <p class='ocr_par' dir='ltr' id='par_1_55' title="bbox 2602 2659 3019 2713">
     <span class='ocr_line' id='line_1_55' title="bbox 2602 2659 3019 2713; baseline 0.002 -1"><span class='ocrx_word' id='word_1_312' title='bbox 2602 2660 2855 2713; x_wconf 82' lang='grc' dir='ltr'><strong>ΚΕΦΔΛ.</strong></span> <span class='ocrx_word' id='word_1_313' title='bbox 2885 2659 3019 2713; x_wconf 88' lang='lat' dir='ltr'><strong>ME&#39;.</strong></span> 
     </span>
    </p>
   </div>
   <div class='ocr_carea' id='block_1_56' title="bbox 2093 2748 3597 2826">
    <p class='ocr_par' dir='ltr' id='par_1_56' title="bbox 2093 2748 3597 2826">
     <span class='ocr_line' id='line_1_56' title="bbox 2093 2748 3597 2826; baseline -0.005 -16"><span class='ocrx_word' id='word_1_314' title='bbox 2093 2755 2175 2810; x_wconf 89' lang='grc' dir='ltr'><strong>Τά</strong></span> <span class='ocrx_word' id='word_1_315' title='bbox 2202 2754 2331 2826; x_wconf 72' lang='grc' dir='ltr'>περὶ</span> <span class='ocrx_word' id='word_1_316' title='bbox 2365 2753 2427 2809; x_wconf 80' lang='grc' dir='ltr'><strong>τὸ</strong></span> <span class='ocrx_word' id='word_1_317' title='bbox 2466 2754 2624 2825; x_wconf 85' lang='grc' dir='ltr'>σῶμα</span> <span class='ocrx_word' id='word_1_318' title='bbox 2654 2753 2818 2823; x_wconf 83' lang='grc' dir='ltr'>μέχρι</span> <span class='ocrx_word' id='word_1_319' title='bbox 2853 2752 2953 2823; x_wconf 83' lang='grc' dir='ltr'>τῆς</span> <span class='ocrx_word' id='word_1_320' title='bbox 2989 2749 3180 2822; x_wconf 76' lang='grc' dir='ltr'>χρείας</span> <span class='ocrx_word' id='word_1_321' title='bbox 3219 2748 3390 2820; x_wconf 80' lang='grc' dir='ltr'>ψιλῆς</span> <span class='ocrx_word' id='word_1_322' title='bbox 3428 2766 3597 2819; x_wconf 66' lang='lat' dir='ltr'><strong>mp:—</strong></span> 
     </span>
    </p>
   </div>
   <div class='ocr_carea' id='block_1_57' title="bbox 2023 2840 3600 2919">
    <p class='ocr_par' dir='ltr' id='par_1_57' title="bbox 2023 2840 3600 2919">
     <span class='ocr_line' id='line_1_57' title="bbox 2023 2840 3600 2919; baseline -0.004 -17"><span class='ocrx_word' id='word_1_323' title='bbox 2023 2849 2291 2919; x_wconf 88' lang='grc' dir='ltr'>λάμϐανε,</span> <span class='ocrx_word' id='word_1_324' title='bbox 2321 2840 2432 2901; x_wconf 74' lang='grc' dir='ltr'>οἷον</span> <span class='ocrx_word' id='word_1_325' title='bbox 2464 2847 2671 2918; x_wconf 84' lang='grc' dir='ltr'>τροφὰς</span> <span class='ocrx_word' id='word_1_326' title='bbox 2692 2886 2707 2910; x_wconf 97' lang='grc'><strong>,</strong></span> <span class='ocrx_word' id='word_1_327' title='bbox 2739 2844 2911 2915; x_wconf 86' lang='grc' dir='ltr'>πόμα,</span> <span class='ocrx_word' id='word_1_328' title='bbox 2948 2844 3288 2914; x_wconf 83' lang='grc' dir='ltr'>ἀμπεχόνην,</span> <span class='ocrx_word' id='word_1_329' title='bbox 3320 2843 3558 2896; x_wconf 77' lang='grc' dir='ltr'>οἱκετίαν</span> <span class='ocrx_word' id='word_1_330' title='bbox 3584 2857 3600 2874; x_wconf 76' lang='grc'><strong><em>¹</em></strong></span> 
     </span>
    </p>
   </div>
   <div class='ocr_carea' id='block_1_58' title="bbox 348 2928 1913 3012">
    <p class='ocr_par' dir='ltr' id='par_1_58' title="bbox 348 2928 1913 3003">
     <span class='ocr_line' id='line_1_58' title="bbox 348 2928 1913 3003; baseline 0.004 -20"><span class='ocrx_word' id='word_1_331' title='bbox 348 2928 712 2995; x_wconf 77' lang='lat' dir='ltr'><strong>famulitium;</strong></span> <span class='ocrx_word' id='word_1_332' title='bbox 745 2946 869 3001; x_wconf 60' lang='lat' dir='ltr'><strong>quae</strong></span> <span class='ocrx_word' id='word_1_333' title='bbox 905 2946 1033 2986; x_wconf 91' lang='lat' dir='ltr'><strong>vero</strong></span> <span class='ocrx_word' id='word_1_334' title='bbox 1063 2932 1132 2987; x_wconf 90' lang='lat' dir='ltr'><strong>ad</strong></span> <span class='ocrx_word' id='word_1_335' title='bbox 1160 2934 1517 3003; x_wconf 90' lang='lat' dir='ltr'><strong>voluptatem,</strong></span> <span class='ocrx_word' id='word_1_336' title='bbox 1551 2943 1646 2988; x_wconf 92' lang='lat' dir='ltr'><strong>aut</strong></span> <span class='ocrx_word' id='word_1_337' title='bbox 1666 2934 1913 3003; x_wconf 75' lang='lat' dir='ltr'><strong>gloriam,</strong></span> 
     </span>
    </p>
   </div>
   <div class='ocr_carea' id='block_1_59' title="bbox 2056 2928 3599 3012">
    <p class='ocr_par' dir='ltr' id='par_1_59' title="bbox 2056 2932 3599 3010">
     <span class='ocr_line' id='line_1_59' title="bbox 2056 2932 3599 3010; baseline -0.005 -16"><span class='ocrx_word' id='word_1_338' title='bbox 2056 2940 2091 2994; x_wconf 84' lang='grc' dir='ltr'><strong>ἀ</strong></span> <span class='ocrx_word' id='word_1_339' title='bbox 2117 2940 2174 2994; x_wconf 83' lang='grc' dir='ltr'>δὲ</span> <span class='ocrx_word' id='word_1_340' title='bbox 2196 2937 2335 3010; x_wconf 84' lang='grc' dir='ltr'>πρὸς</span> <span class='ocrx_word' id='word_1_341' title='bbox 2356 2939 2569 3010; x_wconf 79' lang='grc' dir='ltr'>ἡδονὴν,</span> <span class='ocrx_word' id='word_1_342' title='bbox 2597 2938 2631 3009; x_wconf 82' lang='grc' dir='ltr'><strong>ἦ</strong></span> <span class='ocrx_word' id='word_1_343' title='bbox 2663 2937 2841 3005; x_wconf 78' lang='grc' dir='ltr'>δόξαν,</span> <span class='ocrx_word' id='word_1_344' title='bbox 2875 2936 2908 3006; x_wconf 80' lang='grc' dir='ltr'>ἢ</span> <span class='ocrx_word' id='word_1_345' title='bbox 2939 2933 3174 3007; x_wconf 83' lang='grc' dir='ltr'>τρυφὴν,</span> <span class='ocrx_word' id='word_1_346' title='bbox 3200 2932 3425 2989; x_wconf 72' lang='grc' dir='ltr'>ᾶπαντα</span> <span class='ocrx_word' id='word_1_347' title='bbox 3454 2933 3599 3004; x_wconf 74' lang='grc' dir='ltr'>περι·</span> 
     </span>
    </p>
   </div>
   <div class='ocr_carea' id='block_1_60' title="bbox 348 3023 1321 3091">
    <p class='ocr_par' dir='ltr' id='par_1_60' title="bbox 348 3023 1321 3091">
     <span class='ocr_line' id='line_1_60' title="bbox 348 3023 1321 3091; baseline 0.004 -14"><span class='ocrx_word' id='word_1_348' title='bbox 348 3030 442 3077; x_wconf 76' lang='lat' dir='ltr'><strong>Ittt</strong></span> <span class='ocrx_word' id='word_1_349' title='bbox 474 3023 745 3078; x_wconf 80' lang='lat' dir='ltr'><strong>luxuriam</strong></span> <span class='ocrx_word' id='word_1_350' title='bbox 776 3033 926 3091; x_wconf 88' lang='lat' dir='ltr'><strong>sunt,</strong></span> <span class='ocrx_word' id='word_1_351' title='bbox 958 3027 1141 3081; x_wconf 90' lang='lat' dir='ltr'><strong>omnia</strong></span> <span class='ocrx_word' id='word_1_352' title='bbox 1181 3026 1321 3081; x_wconf 87' lang='lat' dir='ltr'><strong>dele.</strong></span> 
     </span>
    </p>
   </div>
   <div class='ocr_carea' id='block_1_61' title="bbox 912 3138 1360 3196">
    <p class='ocr_par' dir='ltr' id='par_1_61' title="bbox 912 3138 1360 3196">
     <span class='ocr_line' id='line_1_61' title="bbox 912 3138 1360 3196; baseline 0 -1"><span class='ocrx_word' id='word_1_353' title='bbox 912 3138 1140 3196; x_wconf 84' lang='lat' dir='ltr'><strong>CAPUT</strong></span> <span class='ocrx_word' id='word_1_354' title='bbox 1176 3140 1360 3195; x_wconf 84' lang='lat' dir='ltr'><strong>XLVI.</strong></span> 
     </span>
    </p>
   </div>
   <div class='ocr_carea' id='block_1_62' title="bbox 421 3222 1925 3305">
    <p class='ocr_par' dir='ltr' id='par_1_62' title="bbox 421 3222 1925 3305">
     <span class='ocr_line' id='line_1_62' title="bbox 421 3222 1925 3305; baseline 0.005 -22"><span class='ocrx_word' id='word_1_355' title='bbox 421 3222 625 3299; x_wconf 77' lang='lat' dir='ltr'><strong>Siquis</strong></span> <span class='ocrx_word' id='word_1_356' title='bbox 655 3229 755 3286; x_wconf 85' lang='lat' dir='ltr'><strong>tibi</strong></span> <span class='ocrx_word' id='word_1_357' title='bbox 804 3232 1221 3297; x_wconf 84' lang='lat' dir='ltr'><strong>renuntiaverit,</strong></span> <span class='ocrx_word' id='word_1_358' title='bbox 1262 3235 1403 3303; x_wconf 90' lang='lat' dir='ltr'><strong>quod</strong></span> <span class='ocrx_word' id='word_1_359' title='bbox 1452 3234 1725 3305; x_wconf 85' lang='lat' dir='ltr'><strong>quispiam</strong></span> <span class='ocrx_word' id='word_1_360' title='bbox 1776 3235 1843 3291; x_wconf 92' lang='lat' dir='ltr'><strong>de</strong></span> <span class='ocrx_word' id='word_1_361' title='bbox 1872 3244 1925 3291; x_wconf 84' lang='lat' dir='ltr'><strong>te</strong></span> 
     </span>
    </p>
   </div>
   <div class='ocr_carea' id='block_1_63' title="bbox 354 3318 1925 3394">
    <p class='ocr_par' dir='ltr' id='par_1_63' title="bbox 354 3318 1925 3394">
     <span class='ocr_line' id='line_1_63' title="bbox 354 3318 1925 3394; baseline 0.004 -21"><span class='ocrx_word' id='word_1_362' title='bbox 354 3318 495 3374; x_wconf 87' lang='lat' dir='ltr'><strong>male</strong></span> <span class='ocrx_word' id='word_1_363' title='bbox 522 3320 682 3386; x_wconf 88' lang='lat' dir='ltr'><strong>dicit,</strong></span> <span class='ocrx_word' id='word_1_364' title='bbox 731 3335 800 3377; x_wconf 90' lang='lat' dir='ltr'><strong>ne</strong></span> <span class='ocrx_word' id='word_1_365' title='bbox 829 3336 1059 3379; x_wconf 80' lang='lat' dir='ltr'><strong>excuses</strong></span> <span class='ocrx_word' id='word_1_366' title='bbox 1088 3339 1183 3388; x_wconf 86' lang='lat' dir='ltr'><strong>ea,</strong></span> <span class='ocrx_word' id='word_1_367' title='bbox 1216 3338 1338 3394; x_wconf 67' lang='lat' dir='ltr'><strong>qua:</strong></span> <span class='ocrx_word' id='word_1_368' title='bbox 1365 3325 1433 3379; x_wconf 91' lang='lat' dir='ltr'><strong>de</strong></span> <span class='ocrx_word' id='word_1_369' title='bbox 1469 3335 1520 3379; x_wconf 92' lang='lat' dir='ltr'><strong>te</strong></span> <span class='ocrx_word' id='word_1_370' title='bbox 1557 3326 1702 3380; x_wconf 85' lang='lat' dir='ltr'><strong>dicta</strong></span> <span class='ocrx_word' id='word_1_371' title='bbox 1754 3333 1884 3380; x_wconf 83' lang='lat' dir='ltr'><strong>sunt</strong></span> <span class='ocrx_word' id='word_1_372' title='bbox 1908 3366 1925 3393; x_wconf 93' lang='lat'><strong>,</strong></span> 
     </span>
    </p>
   </div>
   <div class='ocr_carea' id='block_1_64' title="bbox 352 3408 1928 3487">
    <p class='ocr_par' dir='ltr' id='par_1_64' title="bbox 352 3408 1928 3487">
     <span class='ocr_line' id='line_1_64' title="bbox 352 3408 1928 3487; baseline 0.004 -21"><span class='ocrx_word' id='word_1_373' title='bbox 352 3408 450 3467; x_wconf 76' lang='lat' dir='ltr'><strong>sed</strong></span> <span class='ocrx_word' id='word_1_374' title='bbox 481 3413 779 3483; x_wconf 87' lang='lat' dir='ltr'><strong>responde,</strong></span> <span class='ocrx_word' id='word_1_375' title='bbox 818 3416 962 3485; x_wconf 90' lang='lat' dir='ltr'><strong>quod</strong></span> <span class='ocrx_word' id='word_1_376' title='bbox 995 3413 1215 3485; x_wconf 85' lang='lat' dir='ltr'><strong>Ignorat</strong></span> <span class='ocrx_word' id='word_1_377' title='bbox 1250 3417 1377 3481; x_wconf 89' lang='lat' dir='ltr'><strong>alia,</strong></span> <span class='ocrx_word' id='word_1_378' title='bbox 1413 3433 1537 3487; x_wconf 67' lang='lat' dir='ltr'><strong>qua:</strong></span> <span class='ocrx_word' id='word_1_379' title='bbox 1568 3418 1702 3472; x_wconf 88' lang='lat' dir='ltr'><strong>mihi</strong></span> <span class='ocrx_word' id='word_1_380' title='bbox 1738 3418 1928 3473; x_wconf 87' lang='lat' dir='ltr'><strong>insunt</strong></span> 
     </span>
    </p>
   </div>
   <div class='ocr_carea' id='block_1_65' title="bbox 353 3507 1507 3577">
    <p class='ocr_par' dir='ltr' id='par_1_65' title="bbox 353 3507 1507 3577">
     <span class='ocr_line' id='line_1_65' title="bbox 353 3507 1507 3577; baseline 0.005 -16"><span class='ocrx_word' id='word_1_381' title='bbox 353 3507 537 3575; x_wconf 85' lang='lat' dir='ltr'><strong>mala;</strong></span> <span class='ocrx_word' id='word_1_382' title='bbox 572 3507 814 3577; x_wconf 88' lang='lat' dir='ltr'><strong>alioquin</strong></span> <span class='ocrx_word' id='word_1_383' title='bbox 846 3525 955 3563; x_wconf 90' lang='lat' dir='ltr'><strong>non</strong></span> <span class='ocrx_word' id='word_1_384' title='bbox 989 3510 1104 3565; x_wconf 90' lang='lat' dir='ltr'><strong>sola</strong></span> <span class='ocrx_word' id='word_1_385' title='bbox 1141 3511 1255 3566; x_wconf 62' lang='lat' dir='ltr'><strong>haec</strong></span> <span class='ocrx_word' id='word_1_386' title='bbox 1283 3512 1507 3567; x_wconf 89' lang='lat' dir='ltr'><strong>diceret.</strong></span> 
     </span>
    </p>
   </div>
   <div class='ocr_carea' id='block_1_66' title="bbox 901 3618 1380 3678">
    <p class='ocr_par' dir='ltr' id='par_1_66' title="bbox 901 3618 1380 3678">
     <span class='ocr_line' id='line_1_66' title="bbox 901 3618 1380 3678; baseline 0.004 -2"><span class='ocrx_word' id='word_1_387' title='bbox 901 3618 1131 3678; x_wconf 86' lang='lat' dir='ltr'><strong>CAPUT</strong></span> <span class='ocrx_word' id='word_1_388' title='bbox 1169 3621 1380 3678; x_wconf 82' lang='lat' dir='ltr'><strong>XLVII.</strong></span> 
     </span>
    </p>
   </div>
   <div class='ocr_carea' id='block_1_67' title="bbox 425 3706 1929 3789">
    <p class='ocr_par' dir='ltr' id='par_1_67' title="bbox 425 3706 1929 3789">
     <span class='ocr_line' id='line_1_67' title="bbox 425 3706 1929 3789; baseline 0.005 -23"><span class='ocrx_word' id='word_1_389' title='bbox 425 3706 546 3767; x_wconf 81' lang='lat' dir='ltr'><strong>Non</strong></span> <span class='ocrx_word' id='word_1_390' title='bbox 585 3721 669 3768; x_wconf 85' lang='lat' dir='ltr'><strong>est</strong></span> <span class='ocrx_word' id='word_1_391' title='bbox 699 3712 995 3770; x_wconf 88' lang='lat' dir='ltr'><strong>honestum</strong></span> <span class='ocrx_word' id='word_1_392' title='bbox 1035 3714 1089 3769; x_wconf 92' lang='lat' dir='ltr'><strong>in</strong></span> <span class='ocrx_word' id='word_1_393' title='bbox 1140 3716 1413 3771; x_wconf 90' lang='lat' dir='ltr'><strong>theatrum</strong></span> <span class='ocrx_word' id='word_1_394' title='bbox 1457 3717 1699 3786; x_wconf 89' lang='lat' dir='ltr'><strong>prodire,</strong></span> <span class='ocrx_word' id='word_1_395' title='bbox 1752 3728 1929 3789; x_wconf 87' lang='lat' dir='ltr'><strong>neque</strong></span> 
     </span>
    </p>
   </div>
   <div class='ocr_carea' id='block_1_68' title="bbox 359 3807 1925 3878">
    <p class='ocr_par' dir='ltr' id='par_1_68' title="bbox 359 3807 1925 3878">
     <span class='ocr_line' id='line_1_68' title="bbox 359 3807 1925 3878; baseline 0.006 -20"><span class='ocrx_word' id='word_1_396' title='bbox 359 3807 427 3859; x_wconf 73' lang='lat' dir='ltr'><strong>ad</strong></span> <span class='ocrx_word' id='word_1_397' title='bbox 457 3807 667 3875; x_wconf 86' lang='lat' dir='ltr'><strong>aliquos</strong></span> <span class='ocrx_word' id='word_1_398' title='bbox 699 3807 1000 3862; x_wconf 90' lang='lat' dir='ltr'><strong>audiendos</strong></span> <span class='ocrx_word' id='word_1_399' title='bbox 1035 3816 1273 3873; x_wconf 90' lang='lat' dir='ltr'><strong>temere,</strong></span> <span class='ocrx_word' id='word_1_400' title='bbox 1321 3818 1415 3863; x_wconf 92' lang='lat' dir='ltr'><strong>aut</strong></span> <span class='ocrx_word' id='word_1_401' title='bbox 1446 3808 1604 3865; x_wconf 79' lang='lat' dir='ltr'><strong>facile</strong></span> <span class='ocrx_word' id='word_1_402' title='bbox 1633 3810 1925 3878; x_wconf 88' lang='lat' dir='ltr'><strong>devenias;</strong></span> 
     </span>
    </p>
   </div>
   <div class='ocr_carea' id='block_1_69' title="bbox 358 3898 1931 3971">
    <p class='ocr_par' dir='ltr' id='par_1_69' title="bbox 358 3898 1931 3971">
     <span class='ocr_line' id='line_1_69' title="bbox 358 3898 1931 3971; baseline 0.003 -20"><span class='ocrx_word' id='word_1_403' title='bbox 358 3898 442 3952; x_wconf 88' lang='lat' dir='ltr'><strong>sin</strong></span> <span class='ocrx_word' id='word_1_404' title='bbox 472 3906 653 3953; x_wconf 88' lang='lat' dir='ltr'><strong>autem</strong></span> <span class='ocrx_word' id='word_1_405' title='bbox 686 3900 987 3955; x_wconf 89' lang='lat' dir='ltr'><strong>accesseris</strong></span> <span class='ocrx_word' id='word_1_406' title='bbox 1008 3939 1022 3964; x_wconf 88' lang='lat'><strong>,</strong></span> <span class='ocrx_word' id='word_1_407' title='bbox 1065 3899 1281 3955; x_wconf 90' lang='lat' dir='ltr'><strong>custodi</strong></span> <span class='ocrx_word' id='word_1_408' title='bbox 1333 3900 1673 3971; x_wconf 74' lang='lat' dir='ltr'><strong>gravitatem,</strong></span> <span class='ocrx_word' id='word_1_409' title='bbox 1714 3908 1768 3956; x_wconf 87' lang='lat' dir='ltr'><strong>et</strong></span> <span class='ocrx_word' id='word_1_410' title='bbox 1797 3917 1931 3957; x_wconf 75' lang='lat' dir='ltr'><strong>con~</strong></span> 
     </span>
    </p>
   </div>
   <div class='ocr_carea' id='block_1_70' title="bbox 360 3990 1858 4062">
    <p class='ocr_par' dir='ltr' id='par_1_70' title="bbox 360 3990 1858 4062">
     <span class='ocr_line' id='line_1_70' title="bbox 360 3990 1858 4062; baseline 0.002 -18"><span class='ocrx_word' id='word_1_411' title='bbox 360 3992 641 4057; x_wconf 78' lang='lat' dir='ltr'><strong>stantiam,</strong></span> <span class='ocrx_word' id='word_1_412' title='bbox 676 3990 951 4062; x_wconf 89' lang='lat' dir='ltr'><strong>simulque</strong></span> <span class='ocrx_word' id='word_1_413' title='bbox 980 4006 1132 4057; x_wconf 90' lang='lat' dir='ltr'><strong>cave,</strong></span> <span class='ocrx_word' id='word_1_414' title='bbox 1172 4007 1241 4046; x_wconf 89' lang='lat' dir='ltr'><strong>ne</strong></span> <span class='ocrx_word' id='word_1_415' title='bbox 1273 3991 1435 4047; x_wconf 84' lang='lat' dir='ltr'><strong>alicui</strong></span> <span class='ocrx_word' id='word_1_416' title='bbox 1463 3992 1539 4045; x_wconf 86' lang='lat' dir='ltr'><strong>sis</strong></span> <span class='ocrx_word' id='word_1_417' title='bbox 1571 4005 1858 4049; x_wconf 90' lang='lat' dir='ltr'><strong>onerosus.</strong></span> 
     </span>
    </p>
   </div>
   <div class='ocr_carea' id='block_1_71' title="bbox 893 4102 1394 4161">
    <p class='ocr_par' dir='ltr' id='par_1_71' title="bbox 893 4102 1394 4161">
     <span class='ocr_line' id='line_1_71' title="bbox 893 4102 1394 4161; baseline -0.008 0"><span class='ocrx_word' id='word_1_418' title='bbox 893 4103 1123 4161; x_wconf 85' lang='lat' dir='ltr'><strong>CAPUT</strong></span> <span class='ocrx_word' id='word_1_419' title='bbox 1160 4102 1394 4159; x_wconf 74' lang='lat' dir='ltr'><strong>XLVIII.</strong></span> 
     </span>
    </p>
   </div>
   <div class='ocr_carea' id='block_1_72' title="bbox 435 4218 1931 4287">
    <p class='ocr_par' dir='ltr' id='par_1_72' title="bbox 435 4218 1931 4287">
     <span class='ocr_line' id='line_1_72' title="bbox 435 4218 1931 4287; baseline 0.001 -12"><span class='ocrx_word' id='word_1_420' title='bbox 435 4218 572 4275; x_wconf 84' lang='lat' dir='ltr'><strong>Cum</strong></span> <span class='ocrx_word' id='word_1_421' title='bbox 634 4219 878 4275; x_wconf 80' lang='lat' dir='ltr'><strong>futurum</strong></span> <span class='ocrx_word' id='word_1_422' title='bbox 929 4222 1001 4277; x_wconf 87' lang='lat' dir='ltr'><strong>sit</strong></span> <span class='ocrx_word' id='word_1_423' title='bbox 1055 4234 1118 4276; x_wconf 89' lang='lat' dir='ltr'><strong>ut</strong></span> <span class='ocrx_word' id='word_1_424' title='bbox 1166 4236 1428 4277; x_wconf 85' lang='lat' dir='ltr'><strong>occurras</strong></span> <span class='ocrx_word' id='word_1_425' title='bbox 1482 4221 1646 4276; x_wconf 91' lang='lat' dir='ltr'><strong>alicui</strong></span> <span class='ocrx_word' id='word_1_426' title='bbox 1697 4236 1931 4287; x_wconf 91' lang='lat' dir='ltr'><strong>eorum,</strong></span> 
     </span>
    </p>
   </div>
   <div class='ocr_carea' id='block_1_73' title="bbox 2023 3050 2222 3105">
    <p class='ocr_par' dir='ltr' id='par_1_73' title="bbox 2023 3050 2222 3105">
     <span class='ocr_line' id='line_1_73' title="bbox 2023 3050 2222 3105; baseline 0 -1"><span class='ocrx_word' id='word_1_427' title='bbox 2023 3050 2222 3105; x_wconf 77' lang='grc' dir='ltr'>γραφε·</span> 
     </span>
    </p>
   </div>
   <div class='ocr_carea' id='block_1_74' title="bbox 2589 3140 3037 3210">
    <p class='ocr_par' dir='ltr' id='par_1_74' title="bbox 2589 3140 3037 3210">
     <span class='ocr_line' id='line_1_74' title="bbox 2589 3140 3037 3210; baseline -0.007 -11"><span class='ocrx_word' id='word_1_428' title='bbox 2589 3145 2842 3199; x_wconf 75' lang='grc' dir='ltr'><strong>ΚΕΦΑΛ.</strong></span> <span class='ocrx_word' id='word_1_429' title='bbox 2884 3140 3037 3210; x_wconf 64' lang='lat' dir='ltr'><strong>Ms&quot;.</strong></span> 
     </span>
    </p>
   </div>
   <div class='ocr_carea' id='block_1_75' title="bbox 2107 3227 3600 3305">
    <p class='ocr_par' dir='ltr' id='par_1_75' title="bbox 2107 3227 3600 3305">
     <span class='ocr_line' id='line_1_75' title="bbox 2107 3227 3600 3305; baseline -0.007 -15"><span class='ocrx_word' id='word_1_430' title='bbox 2107 3237 2233 3293; x_wconf 86' lang='grc' dir='ltr'>Ἐάν</span> <span class='ocrx_word' id='word_1_431' title='bbox 2254 3236 2339 3301; x_wconf 77' lang='grc' dir='ltr'><strong>τίς</strong></span> <span class='ocrx_word' id='word_1_432' title='bbox 2387 3253 2469 3289; x_wconf 92' lang='grc' dir='ltr'><strong>σοι</strong></span> <span class='ocrx_word' id='word_1_433' title='bbox 2516 3231 2835 3305; x_wconf 82' lang='grc' dir='ltr'>ἀπαγγέλλῃ</span> <span class='ocrx_word' id='word_1_434' title='bbox 2864 3233 2945 3285; x_wconf 85' lang='grc' dir='ltr'>ὅτι</span> <span class='ocrx_word' id='word_1_435' title='bbox 2974 3234 3003 3285; x_wconf 85' lang='grc' dir='ltr'>ὁ</span> <span class='ocrx_word' id='word_1_436' title='bbox 3028 3229 3177 3283; x_wconf 88' lang='grc' dir='ltr'>δεῖνά</span> <span class='ocrx_word' id='word_1_437' title='bbox 3210 3246 3271 3282; x_wconf 90' lang='grc' dir='ltr'><strong>σε</strong></span> <span class='ocrx_word' id='word_1_438' title='bbox 3307 3227 3500 3290; x_wconf 83' lang='grc' dir='ltr'>κακῶς</span> <span class='ocrx_word' id='word_1_439' title='bbox 3522 3227 3600 3281; x_wconf 80' lang='grc' dir='ltr'><strong>λέ-</strong></span> 
     </span>
    </p>
   </div>
   <div class='ocr_carea' id='block_1_76' title="bbox 2026 3320 3601 3402">
    <p class='ocr_par' dir='ltr' id='par_1_76' title="bbox 2026 3320 3601 3402">
     <span class='ocr_line' id='line_1_76' title="bbox 2026 3320 3601 3402; baseline -0.008 -18"><span class='ocrx_word' id='word_1_440' title='bbox 2026 3349 2133 3400; x_wconf 86' lang='grc' dir='ltr'>γει,</span> <span class='ocrx_word' id='word_1_441' title='bbox 2168 3330 2243 3402; x_wconf 80' lang='grc' dir='ltr'>μὴ</span> <span class='ocrx_word' id='word_1_442' title='bbox 2274 3327 2545 3398; x_wconf 79' lang='grc' dir='ltr'>ἀπολογοῦ</span> <span class='ocrx_word' id='word_1_443' title='bbox 2574 3326 2713 3397; x_wconf 82' lang='grc' dir='ltr'>πρὸς</span> <span class='ocrx_word' id='word_1_444' title='bbox 2737 3325 2807 3379; x_wconf 90' lang='grc' dir='ltr'><strong>τά</strong></span> <span class='ocrx_word' id='word_1_445' title='bbox 2837 3322 3119 3394; x_wconf 80' lang='grc' dir='ltr'>λεχθέντα,</span> <span class='ocrx_word' id='word_1_446' title='bbox 3144 3320 3261 3376; x_wconf 83' lang='grc' dir='ltr'>ἀλλ’</span> <span class='ocrx_word' id='word_1_447' title='bbox 3290 3320 3601 3388; x_wconf 72' lang='grc' dir='ltr'>ἀποκρίνου,</span> 
     </span>
    </p>
   </div>
   <div class='ocr_carea' id='block_1_77' title="bbox 2024 3413 3604 3493">
    <p class='ocr_par' dir='ltr' id='par_1_77' title="bbox 2024 3413 3604 3493">
     <span class='ocr_line' id='line_1_77' title="bbox 2024 3413 3604 3493; baseline -0.008 -16"><span class='ocrx_word' id='word_1_448' title='bbox 2024 3421 2158 3478; x_wconf 82' lang='grc' dir='ltr'>διότι</span> <span class='ocrx_word' id='word_1_449' title='bbox 2201 3416 2386 3493; x_wconf 61' lang='grc' dir='ltr'><strong>⁴Ι²ιγνόει</strong></span> <span class='ocrx_word' id='word_1_450' title='bbox 2423 3420 2491 3474; x_wconf 82' lang='grc' dir='ltr'><strong>τά</strong></span> <span class='ocrx_word' id='word_1_451' title='bbox 2523 3419 2659 3474; x_wconf 76' lang='grc' dir='ltr'>ἄλλα</span> <span class='ocrx_word' id='word_1_452' title='bbox 2692 3417 2763 3471; x_wconf 84' lang='grc' dir='ltr'><strong>τά</strong></span> <span class='ocrx_word' id='word_1_453' title='bbox 2787 3416 3059 3487; x_wconf 88' lang='grc' dir='ltr'>προσόντα</span> <span class='ocrx_word' id='word_1_454' title='bbox 3090 3429 3181 3485; x_wconf 89' lang='grc' dir='ltr'><strong>μοι</strong></span> <span class='ocrx_word' id='word_1_455' title='bbox 3200 3414 3371 3468; x_wconf 80' lang='grc' dir='ltr'>κακά·</span> <span class='ocrx_word' id='word_1_456' title='bbox 3400 3413 3522 3467; x_wconf 68' lang='grc' dir='ltr'>ἐπεὶ</span> <span class='ocrx_word' id='word_1_457' title='bbox 3550 3413 3604 3465; x_wconf 70' lang='grc' dir='ltr'>οὐ</span> 
     </span>
    </p>
   </div>
   <div class='ocr_carea' id='block_1_78' title="bbox 2027 3509 2745 3583">
    <p class='ocr_par' dir='ltr' id='par_1_78' title="bbox 2027 3509 2745 3583">
     <span class='ocr_line' id='line_1_78' title="bbox 2027 3509 2745 3583; baseline -0.006 -18"><span class='ocrx_word' id='word_1_458' title='bbox 2027 3512 2131 3567; x_wconf 74' lang='grc' dir='ltr'>κᾶν</span> <span class='ocrx_word' id='word_1_459' title='bbox 2161 3511 2338 3566; x_wconf 82' lang='grc' dir='ltr'>ταῦτα</span> <span class='ocrx_word' id='word_1_460' title='bbox 2363 3511 2501 3583; x_wconf 91' lang='grc' dir='ltr'>μόνα</span> <span class='ocrx_word' id='word_1_461' title='bbox 2538 3509 2745 3577; x_wconf 73' lang='grc' dir='ltr'>ἔλεγεν.</span> 
     </span>
    </p>
   </div>
   <div class='ocr_carea' id='block_1_79' title="bbox 2613 3614 3028 3673">
    <p class='ocr_par' dir='ltr' id='par_1_79' title="bbox 2613 3614 3028 3673">
     <span class='ocr_line' id='line_1_79' title="bbox 2613 3614 3028 3673; baseline -0.007 0"><span class='ocrx_word' id='word_1_462' title='bbox 2613 3618 2864 3673; x_wconf 78' lang='grc' dir='ltr'><strong>ΚΕΦΑΛ.</strong></span> <span class='ocrx_word' id='word_1_463' title='bbox 2894 3614 3028 3671; x_wconf 83' lang='lat' dir='ltr'><strong>MZ&#39;.</strong></span> 
     </span>
    </p>
   </div>
   <div class='ocr_carea' id='block_1_80' title="bbox 2100 3703 3609 3782">
    <p class='ocr_par' dir='ltr' id='par_1_80' title="bbox 2100 3703 3609 3782">
     <span class='ocr_line' id='line_1_80' title="bbox 2100 3703 3609 3782; baseline -0.008 -14"><span class='ocrx_word' id='word_1_464' title='bbox 2100 3714 2175 3768; x_wconf 78' lang='grc' dir='ltr'><strong>Οὐ</strong></span> <span class='ocrx_word' id='word_1_465' title='bbox 2216 3713 2379 3767; x_wconf 74' lang='grc' dir='ltr'>καλὸν</span> <span class='ocrx_word' id='word_1_466' title='bbox 2416 3712 2481 3767; x_wconf 83' lang='grc' dir='ltr'>τὸ</span> <span class='ocrx_word' id='word_1_467' title='bbox 2527 3708 2783 3782; x_wconf 80' lang='grc' dir='ltr'>παριέναι</span> <span class='ocrx_word' id='word_1_468' title='bbox 2824 3709 2904 3771; x_wconf 76' lang='grc' dir='ltr'><strong>εἰς</strong></span> <span class='ocrx_word' id='word_1_469' title='bbox 2943 3707 3193 3777; x_wconf 80' lang='grc' dir='ltr'>θέατρον,</span> <span class='ocrx_word' id='word_1_470' title='bbox 3234 3706 3321 3769; x_wconf 73' lang='grc' dir='ltr'><strong>εἰς</strong></span> <span class='ocrx_word' id='word_1_471' title='bbox 3351 3703 3609 3777; x_wconf 77' lang='grc' dir='ltr'>ἀκρόασεν</span> 
     </span>
    </p>
   </div>
   <div class='ocr_carea' id='block_1_81' title="bbox 2030 3797 3611 3877">
    <p class='ocr_par' dir='ltr' id='par_1_81' title="bbox 2030 3797 3611 3877">
     <span class='ocr_line' id='line_1_81' title="bbox 2030 3797 3611 3877; baseline -0.006 -16"><span class='ocrx_word' id='word_1_472' title='bbox 2030 3825 2212 3871; x_wconf 87' lang='grc' dir='ltr'>τινων,</span> <span class='ocrx_word' id='word_1_473' title='bbox 2264 3806 2339 3877; x_wconf 82' lang='grc' dir='ltr'><strong>μὴ</strong></span> <span class='ocrx_word' id='word_1_474' title='bbox 2380 3806 2525 3875; x_wconf 77' lang='grc' dir='ltr'>εἰκῆ,</span> <span class='ocrx_word' id='word_1_475' title='bbox 2572 3803 2711 3873; x_wconf 82' lang='grc' dir='ltr'>μήτε</span> <span class='ocrx_word' id='word_1_476' title='bbox 2750 3800 2948 3872; x_wconf 74' lang='grc' dir='ltr'>ῥᾳδίως</span> <span class='ocrx_word' id='word_1_477' title='bbox 2995 3798 3185 3869; x_wconf 83' lang='grc' dir='ltr'>πάριθι</span> <span class='ocrx_word' id='word_1_478' title='bbox 3222 3814 3238 3829; x_wconf 76' lang='grc' dir='ltr'><strong>ο</strong></span> <span class='ocrx_word' id='word_1_479' title='bbox 3295 3797 3518 3869; x_wconf 82' lang='grc' dir='ltr'>παριὼν</span> <span class='ocrx_word' id='word_1_480' title='bbox 3558 3798 3611 3851; x_wconf 79' lang='grc' dir='ltr'>δὲ</span> 
     </span>
    </p>
   </div>
   <div class='ocr_carea' id='block_1_82' title="bbox 2031 3890 3614 3969">
    <p class='ocr_par' dir='ltr' id='par_1_82' title="bbox 2031 3890 3614 3969">
     <span class='ocr_line' id='line_1_82' title="bbox 2031 3890 3614 3969; baseline -0.006 -16"><span class='ocrx_word' id='word_1_481' title='bbox 2031 3900 2091 3954; x_wconf 79' lang='grc' dir='ltr'><strong>τὸ</strong></span> <span class='ocrx_word' id='word_1_482' title='bbox 2125 3898 2341 3969; x_wconf 82' lang='grc' dir='ltr'>σεμνὸν,</span> <span class='ocrx_word' id='word_1_483' title='bbox 2371 3898 2466 3951; x_wconf 75' lang='grc' dir='ltr'><strong>καὶ</strong></span> <span class='ocrx_word' id='word_1_484' title='bbox 2500 3897 2561 3950; x_wconf 80' lang='grc' dir='ltr'>τὸ</span> <span class='ocrx_word' id='word_1_485' title='bbox 2590 3894 2871 3959; x_wconf 85' lang='grc' dir='ltr'>εὐσταθὲς,</span> <span class='ocrx_word' id='word_1_486' title='bbox 2914 3892 3012 3945; x_wconf 67' lang='grc' dir='ltr'><strong>κα)⁸</strong></span> <span class='ocrx_word' id='word_1_487' title='bbox 3038 3890 3155 3962; x_wconf 74' lang='grc' dir='ltr'><strong>ἃμα</strong></span> <span class='ocrx_word' id='word_1_488' title='bbox 3179 3890 3496 3961; x_wconf 81' lang='grc' dir='ltr'>ἀνεπαχθὲς</span> <span class='ocrx_word' id='word_1_489' title='bbox 3522 3891 3614 3960; x_wconf 72' lang='grc' dir='ltr'><strong>φύ-</strong></span> 
     </span>
    </p>
   </div>
   <div class='ocr_carea' id='block_1_83' title="bbox 2030 3989 2216 4043">
    <p class='ocr_par' dir='ltr' id='par_1_83' title="bbox 2030 3989 2216 4043">
     <span class='ocr_line' id='line_1_83' title="bbox 2030 3989 2216 4043; baseline -0.005 -1"><span class='ocrx_word' id='word_1_490' title='bbox 2030 3989 2216 4043; x_wconf 87' lang='grc' dir='ltr'>λασσε.</span> 
     </span>
    </p>
   </div>
   <div class='ocr_carea' id='block_1_84' title="bbox 2602 4095 3033 4152">
    <p class='ocr_par' dir='ltr' id='par_1_84' title="bbox 2602 4095 3033 4152">
     <span class='ocr_line' id='line_1_84' title="bbox 2602 4095 3033 4152; baseline 0 -2"><span class='ocrx_word' id='word_1_491' title='bbox 2602 4096 2855 4152; x_wconf 79' lang='grc' dir='ltr'><strong>ΚΕΦΑΛ.</strong></span> <span class='ocrx_word' id='word_1_492' title='bbox 2888 4095 3033 4150; x_wconf 86' lang='grc' dir='ltr'><strong>ΜΗ’.</strong></span> 
     </span>
    </p>
   </div>
   <div class='ocr_carea' id='block_1_85' title="bbox 2107 4199 3616 4281">
    <p class='ocr_par' dir='ltr' id='par_1_85' title="bbox 2107 4199 3616 4281">
     <span class='ocr_line' id='line_1_85' title="bbox 2107 4199 3616 4281; baseline -0.005 -15"><span class='ocrx_word' id='word_1_493' title='bbox 2107 4213 2278 4266; x_wconf 85' lang='grc' dir='ltr'>Ὅταν</span> <span class='ocrx_word' id='word_1_494' title='bbox 2323 4209 2430 4264; x_wconf 75' lang='grc' dir='ltr'>τινὶ</span> <span class='ocrx_word' id='word_1_495' title='bbox 2474 4207 2673 4281; x_wconf 81' lang='grc' dir='ltr'>μέλλῃς</span> <span class='ocrx_word' id='word_1_496' title='bbox 2720 4205 3069 4276; x_wconf 82' lang='grc' dir='ltr'>συμϐάλλειν,</span> <span class='ocrx_word' id='word_1_497' title='bbox 3127 4199 3371 4275; x_wconf 84' lang='grc' dir='ltr'>μάλιστα</span> <span class='ocrx_word' id='word_1_498' title='bbox 3411 4207 3521 4260; x_wconf 82' lang='grc' dir='ltr'>τῶν</span> <span class='ocrx_word' id='word_1_499' title='bbox 3565 4206 3616 4258; x_wconf 80' lang='grc' dir='ltr'>ὲν</span> 
     </span>
    </p>
   </div>
   <div class='ocr_carea' id='block_1_86' title="bbox 365 4293 1913 4383">
    <p class='ocr_par' dir='ltr' id='par_1_86' title="bbox 365 4310 1913 4383">
     <span class='ocr_line' id='line_1_86' title="bbox 365 4310 1913 4383; baseline 0.001 -18"><span class='ocrx_word' id='word_1_500' title='bbox 365 4310 605 4365; x_wconf 78' lang='lat' dir='ltr'><strong>maxime</strong></span> <span class='ocrx_word' id='word_1_501' title='bbox 633 4311 728 4380; x_wconf 88' lang='lat' dir='ltr'><strong>qui</strong></span> <span class='ocrx_word' id='word_1_502' title='bbox 767 4310 840 4365; x_wconf 91' lang='lat' dir='ltr'><strong>ob</strong></span> <span class='ocrx_word' id='word_1_503' title='bbox 867 4312 1223 4367; x_wconf 88' lang='lat' dir='ltr'><strong>eminentiam</strong></span> <span class='ocrx_word' id='word_1_504' title='bbox 1267 4322 1396 4367; x_wconf 89' lang='lat' dir='ltr'><strong>sunt</strong></span> <span class='ocrx_word' id='word_1_505' title='bbox 1434 4312 1617 4383; x_wconf 88' lang='lat' dir='ltr'><strong>aliqua</strong></span> <span class='ocrx_word' id='word_1_506' title='bbox 1653 4313 1913 4367; x_wconf 81' lang='lat' dir='ltr'><strong>existima</strong></span> 
     </span>
    </p>
   </div>
   <div class='ocr_carea' id='block_1_87' title="bbox 2056 4293 3616 4383">
    <p class='ocr_par' dir='ltr' id='par_1_87' title="bbox 2056 4297 3616 4376">
     <span class='ocr_line' id='line_1_87' title="bbox 2056 4297 3616 4376; baseline -0.005 -17"><span class='ocrx_word' id='word_1_507' title='bbox 2056 4306 2282 4376; x_wconf 59' lang='grc' dir='ltr'>ὅπεροχῇ</span> <span class='ocrx_word' id='word_1_508' title='bbox 2328 4300 2650 4363; x_wconf 84' lang='grc' dir='ltr'>δοκούντων,</span> <span class='ocrx_word' id='word_1_509' title='bbox 2686 4298 2925 4369; x_wconf 82' lang='grc' dir='ltr'>πρόϐαλε</span> <span class='ocrx_word' id='word_1_510' title='bbox 2964 4297 3179 4366; x_wconf 86' lang='grc' dir='ltr'>σεαυτῷ</span> <span class='ocrx_word' id='word_1_511' title='bbox 3205 4297 3262 4350; x_wconf 75' lang='grc' dir='ltr'>τί</span> <span class='ocrx_word' id='word_1_512' title='bbox 3295 4298 3369 4351; x_wconf 79' lang='grc' dir='ltr'>ἂν</span> <span class='ocrx_word' id='word_1_513' title='bbox 3401 4298 3616 4367; x_wconf 71' lang='grc' dir='ltr'>ἐποίησέ</span> 
     </span>
    </p>
   </div>
   <div class='ocr_carea' id='block_1_88' title="bbox 368 4386 1913 4474">
    <p class='ocr_par' dir='ltr' id='par_1_88' title="bbox 368 4402 1913 4474">
     <span class='ocr_line' id='line_1_88' title="bbox 368 4402 1913 4474; baseline 0.003 -19"><span class='ocrx_word' id='word_1_514' title='bbox 368 4402 536 4469; x_wconf 84' lang='lat' dir='ltr'><strong>tione,</strong></span> <span class='ocrx_word' id='word_1_515' title='bbox 585 4416 828 4472; x_wconf 88' lang='lat' dir='ltr'><strong>propone</strong></span> <span class='ocrx_word' id='word_1_516' title='bbox 864 4402 964 4457; x_wconf 86' lang='lat' dir='ltr'><strong>tibi</strong></span> <span class='ocrx_word' id='word_1_517' title='bbox 994 4404 1096 4473; x_wconf 84' lang='lat' dir='ltr'><strong>ipsi</strong></span> <span class='ocrx_word' id='word_1_518' title='bbox 1128 4404 1387 4474; x_wconf 87' lang='lat' dir='ltr'><strong>quidnam</strong></span> <span class='ocrx_word' id='word_1_519' title='bbox 1420 4404 1611 4459; x_wconf 85' lang='lat' dir='ltr'><strong>fecerit</strong></span> <span class='ocrx_word' id='word_1_520' title='bbox 1647 4405 1845 4474; x_wconf 83' lang='lat' dir='ltr'><strong>aliquis</strong></span> <span class='ocrx_word' id='word_1_521' title='bbox 1873 4420 1913 4459; x_wconf 88' lang='lat' dir='ltr'><strong>e:</strong></span> 
     </span>
    </p>
   </div>
   <div class='ocr_carea' id='block_1_89' title="bbox 2056 4386 3617 4474">
    <p class='ocr_par' dir='ltr' id='par_1_89' title="bbox 2056 4386 3617 4464">
     <span class='ocr_line' id='line_1_89' title="bbox 2056 4386 3617 4464; baseline -0.005 -15"><span class='ocrx_word' id='word_1_522' title='bbox 2056 4413 2123 4459; x_wconf 67' lang='grc' dir='ltr'>τις</span> <span class='ocrx_word' id='word_1_523' title='bbox 2145 4395 2254 4449; x_wconf 86' lang='grc' dir='ltr'><strong>τῶν</strong></span> <span class='ocrx_word' id='word_1_524' title='bbox 2278 4392 2570 4464; x_wconf 81' lang='grc' dir='ltr'>ὲναρέτων,</span> <span class='ocrx_word' id='word_1_525' title='bbox 2614 4391 2707 4443; x_wconf 82' lang='grc' dir='ltr'><strong>καὶ</strong></span> <span class='ocrx_word' id='word_1_526' title='bbox 2734 4389 2836 4443; x_wconf 81' lang='grc' dir='ltr'><strong>οὐκ</strong></span> <span class='ocrx_word' id='word_1_527' title='bbox 2866 4388 3165 4460; x_wconf 80' lang='grc' dir='ltr'>ἀπορήσεις</span> <span class='ocrx_word' id='word_1_528' title='bbox 3183 4386 3281 4439; x_wconf 76' lang='grc' dir='ltr'>τοῦ</span> <span class='ocrx_word' id='word_1_529' title='bbox 3313 4387 3617 4459; x_wconf 72' lang='grc' dir='ltr'>χρήσασθαι</span> 
     </span>
    </p>
   </div>
   <div class='ocr_carea' id='block_1_90' title="bbox 366 4492 1937 4566">
    <p class='ocr_par' dir='ltr' id='par_1_90' title="bbox 366 4492 1937 4566">
     <span class='ocr_line' id='line_1_90' title="bbox 366 4492 1937 4566; baseline 0 -20"><span class='ocrx_word' id='word_1_530' title='bbox 366 4492 501 4549; x_wconf 75' lang='lat' dir='ltr'><strong>viris</strong></span> <span class='ocrx_word' id='word_1_531' title='bbox 541 4493 740 4550; x_wconf 90' lang='lat' dir='ltr'><strong>virtute</strong></span> <span class='ocrx_word' id='word_1_532' title='bbox 770 4493 1034 4564; x_wconf 68' lang='lat' dir='ltr'><strong>praeditis,</strong></span> <span class='ocrx_word' id='word_1_533' title='bbox 1073 4494 1263 4563; x_wconf 89' lang='lat' dir='ltr'><strong>sicque</strong></span> <span class='ocrx_word' id='word_1_534' title='bbox 1296 4511 1406 4548; x_wconf 90' lang='lat' dir='ltr'><strong>non</strong></span> <span class='ocrx_word' id='word_1_535' title='bbox 1446 4494 1717 4566; x_wconf 81' lang='lat' dir='ltr'><strong>indigebis</strong></span> <span class='ocrx_word' id='word_1_536' title='bbox 1755 4495 1937 4551; x_wconf 90' lang='lat' dir='ltr'><strong>modo.</strong></span> 
     </span>
    </p>
   </div>
   <div class='ocr_carea' id='block_1_91' title="bbox 367 4586 1590 4657">
    <p class='ocr_par' dir='ltr' id='par_1_91' title="bbox 367 4586 1590 4657">
     <span class='ocr_line' id='line_1_91' title="bbox 367 4586 1590 4657; baseline 0.002 -17"><span class='ocrx_word' id='word_1_537' title='bbox 367 4596 480 4657; x_wconf 76' lang='lat' dir='ltr'><strong>quo</strong></span> <span class='ocrx_word' id='word_1_538' title='bbox 508 4586 764 4642; x_wconf 90' lang='lat' dir='ltr'><strong>decenter</strong></span> <span class='ocrx_word' id='word_1_539' title='bbox 794 4597 846 4641; x_wconf 89' lang='lat' dir='ltr'><strong>te</strong></span> <span class='ocrx_word' id='word_1_540' title='bbox 874 4601 1030 4655; x_wconf 75' lang='lat' dir='ltr'><strong>geras</strong></span> <span class='ocrx_word' id='word_1_541' title='bbox 1072 4586 1126 4639; x_wconf 91' lang='lat' dir='ltr'><strong>in</strong></span> <span class='ocrx_word' id='word_1_542' title='bbox 1160 4602 1220 4640; x_wconf 89' lang='lat' dir='ltr'><strong>re</strong></span> <span class='ocrx_word' id='word_1_543' title='bbox 1248 4596 1590 4642; x_wconf 88' lang='lat' dir='ltr'><strong>occurrente.</strong></span> 
     </span>
    </p>
   </div>
   <div class='ocr_carea' id='block_1_92' title="bbox 931 4694 1381 4752">
    <p class='ocr_par' dir='ltr' id='par_1_92' title="bbox 931 4694 1381 4752">
     <span class='ocr_line' id='line_1_92' title="bbox 931 4694 1381 4752; baseline -0.009 0"><span class='ocrx_word' id='word_1_544' title='bbox 931 4695 1159 4752; x_wconf 78' lang='lat' dir='ltr'><strong>CAPUT</strong></span> <span class='ocrx_word' id='word_1_545' title='bbox 1195 4694 1381 4750; x_wconf 89' lang='lat' dir='ltr'><strong>XLIX.</strong></span> 
     </span>
    </p>
   </div>
   <div class='ocr_carea' id='block_1_93' title="bbox 439 4806 1946 4881">
    <p class='ocr_par' dir='ltr' id='par_1_93' title="bbox 439 4806 1946 4881">
     <span class='ocr_line' id='line_1_93' title="bbox 439 4806 1946 4881; baseline -0.003 -14"><span class='ocrx_word' id='word_1_546' title='bbox 439 4806 673 4881; x_wconf 79' lang='lat' dir='ltr'><strong>Quando</strong></span> <span class='ocrx_word' id='word_1_547' title='bbox 700 4814 767 4869; x_wconf 88' lang='lat' dir='ltr'><strong>ad</strong></span> <span class='ocrx_word' id='word_1_548' title='bbox 811 4812 1048 4881; x_wconf 87' lang='lat' dir='ltr'><strong>aliquem</strong></span> <span class='ocrx_word' id='word_1_549' title='bbox 1092 4810 1325 4864; x_wconf 90' lang='lat' dir='ltr'><strong>ventitas</strong></span> <span class='ocrx_word' id='word_1_550' title='bbox 1374 4825 1438 4863; x_wconf 90' lang='lat' dir='ltr'><strong>ex</strong></span> <span class='ocrx_word' id='word_1_551' title='bbox 1490 4810 1559 4863; x_wconf 91' lang='lat' dir='ltr'><strong>iis</strong></span> <span class='ocrx_word' id='word_1_552' title='bbox 1609 4809 1703 4877; x_wconf 91' lang='lat' dir='ltr'><strong>qui</strong></span> <span class='ocrx_word' id='word_1_553' title='bbox 1748 4823 1946 4878; x_wconf 85' lang='lat' dir='ltr'><strong>magna</strong></span> 
     </span>
    </p>
   </div>
   <div class='ocr_carea' id='block_1_94' title="bbox 2040 4485 2856 4564">
    <p class='ocr_par' dir='ltr' id='par_1_94' title="bbox 2040 4485 2856 4564">
     <span class='ocr_line' id='line_1_94' title="bbox 2040 4485 2856 4564; baseline -0.005 -21"><span class='ocrx_word' id='word_1_554' title='bbox 2040 4489 2423 4564; x_wconf 78' lang='grc' dir='ltr'>προσηκόντως</span> <span class='ocrx_word' id='word_1_555' title='bbox 2445 4486 2523 4559; x_wconf 85' lang='grc' dir='ltr'>τῷ</span> <span class='ocrx_word' id='word_1_556' title='bbox 2543 4485 2856 4558; x_wconf 75' lang='grc' dir='ltr'>ἐμπεσόντι.</span> 
     </span>
    </p>
   </div>
   <div class='ocr_carea' id='block_1_95' title="bbox 2623 4689 3031 4746">
    <p class='ocr_par' dir='ltr' id='par_1_95' title="bbox 2623 4689 3031 4746">
     <span class='ocr_line' id='line_1_95' title="bbox 2623 4689 3031 4746; baseline -0.007 -1"><span class='ocrx_word' id='word_1_557' title='bbox 2623 4689 2873 4746; x_wconf 81' lang='grc' dir='ltr'><strong>ΚΕΦΑΛ.</strong></span> <span class='ocrx_word' id='word_1_558' title='bbox 2900 4689 3031 4742; x_wconf 84' lang='grc' dir='ltr'><strong>ΜΘ’.</strong></span> 
     </span>
    </p>
   </div>
   <div class='ocr_carea' id='block_1_96' title="bbox 2118 4800 3614 4879">
    <p class='ocr_par' dir='ltr' id='par_1_96' title="bbox 2118 4800 3614 4879">
     <span class='ocr_line' id='line_1_96' title="bbox 2118 4800 3614 4879; baseline -0.011 -13"><span class='ocrx_word' id='word_1_559' title='bbox 2118 4812 2287 4865; x_wconf 84' lang='grc' dir='ltr'>Ὅταν</span> <span class='ocrx_word' id='word_1_560' title='bbox 2336 4806 2527 4879; x_wconf 78' lang='grc' dir='ltr'>φοιτᾷς</span> <span class='ocrx_word' id='word_1_561' title='bbox 2568 4804 2705 4876; x_wconf 88' lang='grc' dir='ltr'>πρός</span> <span class='ocrx_word' id='word_1_562' title='bbox 2754 4821 2878 4859; x_wconf 87' lang='grc' dir='ltr'>τινα</span> <span class='ocrx_word' id='word_1_563' title='bbox 2922 4802 3033 4856; x_wconf 85' lang='grc' dir='ltr'><strong>τῶν</strong></span> <span class='ocrx_word' id='word_1_564' title='bbox 3090 4800 3235 4871; x_wconf 78' lang='grc' dir='ltr'>μέγα</span> <span class='ocrx_word' id='word_1_565' title='bbox 3287 4800 3614 4871; x_wconf 83' lang='grc' dir='ltr'>δυναμένων,</span> 
     </span>
    </p>
   </div>
   <div class='ocr_carea' id='block_1_97' title="bbox 372 4890 1913 4977">
    <p class='ocr_par' dir='ltr' id='par_1_97' title="bbox 372 4900 1913 4976">
     <span class='ocr_line' id='line_1_97' title="bbox 372 4900 1913 4976; baseline -0.005 -15"><span class='ocrx_word' id='word_1_566' title='bbox 372 4913 634 4976; x_wconf 66' lang='lat' dir='ltr'><strong>praestant</strong></span> <span class='ocrx_word' id='word_1_567' title='bbox 678 4912 977 4976; x_wconf 88' lang='lat' dir='ltr'><strong>potestate,</strong></span> <span class='ocrx_word' id='word_1_568' title='bbox 1014 4903 1112 4957; x_wconf 89' lang='lat' dir='ltr'><strong>tibi</strong></span> <span class='ocrx_word' id='word_1_569' title='bbox 1145 4901 1248 4972; x_wconf 91' lang='lat' dir='ltr'><strong>ipsi</strong></span> <span class='ocrx_word' id='word_1_570' title='bbox 1282 4900 1446 4973; x_wconf 66' lang='grc'><strong>346</strong></span> <span class='ocrx_word' id='word_1_571' title='bbox 1482 4914 1745 4970; x_wconf 80' lang='lat' dir='ltr'><strong>prepone,</strong></span> <span class='ocrx_word' id='word_1_572' title='bbox 1799 4915 1913 4969; x_wconf 83' lang='lat' dir='ltr'><strong>quo</strong></span> 
     </span>
    </p>
   </div>
   <div class='ocr_carea' id='block_1_98' title="bbox 2056 4890 3615 4977">
    <p class='ocr_par' dir='ltr' id='par_1_98' title="bbox 2056 4890 3615 4977">
     <span class='ocr_line' id='line_1_98' title="bbox 2056 4890 3615 4977; baseline -0.01 -18"><span class='ocrx_word' id='word_1_573' title='bbox 2056 4904 2287 4977; x_wconf 85' lang='grc' dir='ltr'>πρόϐαλε</span> <span class='ocrx_word' id='word_1_574' title='bbox 2316 4900 2528 4972; x_wconf 88' lang='grc' dir='ltr'>σεαυτῷ</span> <span class='ocrx_word' id='word_1_575' title='bbox 2553 4941 2569 4968; x_wconf 93' lang='grc'><strong>,</strong></span> <span class='ocrx_word' id='word_1_576' title='bbox 2598 4900 2679 4953; x_wconf 86' lang='grc' dir='ltr'>ὅτι</span> <span class='ocrx_word' id='word_1_577' title='bbox 2718 4898 2818 4968; x_wconf 76' lang='grc' dir='ltr'>οὐχ</span> <span class='ocrx_word' id='word_1_578' title='bbox 2848 4897 3101 4967; x_wconf 85' lang='grc' dir='ltr'>εὑρήσεις</span> <span class='ocrx_word' id='word_1_579' title='bbox 3133 4890 3294 4950; x_wconf 79' lang='grc' dir='ltr'>αὐτὸν</span> <span class='ocrx_word' id='word_1_580' title='bbox 3320 4893 3475 4947; x_wconf 76' lang='grc' dir='ltr'>ἔνδον</span> <span class='ocrx_word' id='word_1_581' title='bbox 3498 4936 3513 4959; x_wconf 86' lang='grc'><strong>,</strong></span> <span class='ocrx_word' id='word_1_582' title='bbox 3549 4894 3615 4946; x_wconf 80' lang='grc' dir='ltr'>ὃτι</span> 
     </span>
    </p>
   </div>
   <div class='ocr_carea' id='block_1_99' title="bbox 370 4985 1913 5065">
    <p class='ocr_par' dir='ltr' id='par_1_99' title="bbox 370 4992 1911 5065">
     <span class='ocr_line' id='line_1_99' title="bbox 370 4992 1911 5065; baseline -0.005 -12"><span class='ocrx_word' id='word_1_583' title='bbox 370 5008 498 5053; x_wconf 86' lang='lat' dir='ltr'><strong>eum</strong></span> <span class='ocrx_word' id='word_1_584' title='bbox 548 5013 655 5053; x_wconf 92' lang='lat' dir='ltr'><strong>non</strong></span> <span class='ocrx_word' id='word_1_585' title='bbox 713 4998 961 5052; x_wconf 88' lang='lat' dir='ltr'><strong>invenies</strong></span> <span class='ocrx_word' id='word_1_586' title='bbox 998 4996 1182 5062; x_wconf 86' lang='lat' dir='ltr'><strong>intus,</strong></span> <span class='ocrx_word' id='word_1_587' title='bbox 1236 4997 1383 5065; x_wconf 86' lang='lat' dir='ltr'><strong>quod</strong></span> <span class='ocrx_word' id='word_1_588' title='bbox 1419 4992 1760 5058; x_wconf 79' lang='lat' dir='ltr'><strong>excluderis,</strong></span> <span class='ocrx_word' id='word_1_589' title='bbox 1802 5006 1911 5062; x_wconf 91' lang='lat' dir='ltr'><strong>quo</strong></span> 
     </span>
    </p>
   </div>
   <div class='ocr_carea' id='block_1_100' title="bbox 2056 4985 3615 5065">
    <p class='ocr_par' dir='ltr' id='par_1_100' title="bbox 2056 4985 3615 5065">
     <span class='ocr_line' id='line_1_100' title="bbox 2056 4985 3615 5065; baseline -0.012 -13"><span class='ocrx_word' id='word_1_590' title='bbox 2056 4995 2474 5065; x_wconf 72' lang='grc' dir='ltr'>ἀποκλεισθήσῃ,</span> <span class='ocrx_word' id='word_1_591' title='bbox 2512 4994 2595 5047; x_wconf 84' lang='grc' dir='ltr'><strong>ὅτι</strong></span> <span class='ocrx_word' id='word_1_592' title='bbox 2616 4985 3087 5060; x_wconf 77' lang='grc' dir='ltr'>ἔντιναχθήσονταί</span> <span class='ocrx_word' id='word_1_593' title='bbox 3109 5003 3190 5039; x_wconf 92' lang='grc' dir='ltr'><strong>σοι</strong></span> <span class='ocrx_word' id='word_1_594' title='bbox 3224 4988 3282 5038; x_wconf 79' lang='grc' dir='ltr'><strong>αἱ</strong></span> <span class='ocrx_word' id='word_1_595' title='bbox 3312 4985 3481 5055; x_wconf 79' lang='grc' dir='ltr'>θύραι</span> <span class='ocrx_word' id='word_1_596' title='bbox 3504 5026 3518 5048; x_wconf 87' lang='grc'><strong>,</strong></span> <span class='ocrx_word' id='word_1_597' title='bbox 3546 4986 3615 5038; x_wconf 74' lang='grc' dir='ltr'>ὅτι</span> 
     </span>
    </p>
   </div>
   <div class='ocr_carea' id='block_1_101' title="bbox 378 5074 1913 5162">
    <p class='ocr_par' dir='ltr' id='par_1_101' title="bbox 378 5086 1911 5162">
     <span class='ocr_line' id='line_1_101' title="bbox 378 5086 1911 5162; baseline -0.008 -11"><span class='ocrx_word' id='word_1_598' title='bbox 378 5096 474 5151; x_wconf 90' lang='lat' dir='ltr'><strong>tibi</strong></span> <span class='ocrx_word' id='word_1_599' title='bbox 507 5096 655 5150; x_wconf 80' lang='lat' dir='ltr'><strong>fores</strong></span> <span class='ocrx_word' id='word_1_600' title='bbox 692 5094 1060 5160; x_wconf 77' lang='lat' dir='ltr'><strong>excutientur,</strong></span> <span class='ocrx_word' id='word_1_601' title='bbox 1103 5091 1248 5162; x_wconf 89' lang='lat' dir='ltr'><strong>quod</strong></span> <span class='ocrx_word' id='word_1_602' title='bbox 1283 5092 1331 5146; x_wconf 91' lang='lat' dir='ltr'><strong>is</strong></span> <span class='ocrx_word' id='word_1_603' title='bbox 1365 5090 1432 5145; x_wconf 91' lang='lat' dir='ltr'><strong>de</strong></span> <span class='ocrx_word' id='word_1_604' title='bbox 1462 5100 1514 5143; x_wconf 92' lang='lat' dir='ltr'><strong>te</strong></span> <span class='ocrx_word' id='word_1_605' title='bbox 1560 5102 1669 5141; x_wconf 88' lang='lat' dir='ltr'><strong>non</strong></span> <span class='ocrx_word' id='word_1_606' title='bbox 1698 5086 1911 5141; x_wconf 89' lang='lat' dir='ltr'><strong>curabit</strong></span> 
     </span>
    </p>
   </div>
   <div class='ocr_carea' id='block_1_102' title="bbox 2056 5074 3614 5162">
    <p class='ocr_par' dir='ltr' id='par_1_102' title="bbox 2056 5074 3614 5158">
     <span class='ocr_line' id='line_1_102' title="bbox 2056 5074 3614 5158; baseline -0.011 -15"><span class='ocrx_word' id='word_1_607' title='bbox 2056 5091 2108 5143; x_wconf 79' lang='grc' dir='ltr'><strong>οὐ</strong></span> <span class='ocrx_word' id='word_1_608' title='bbox 2140 5088 2382 5158; x_wconf 85' lang='grc' dir='ltr'>φροντιεῖ</span> <span class='ocrx_word' id='word_1_609' title='bbox 2398 5102 2514 5149; x_wconf 89' lang='grc' dir='ltr'>σου,</span> <span class='ocrx_word' id='word_1_610' title='bbox 2537 5085 2639 5139; x_wconf 82' lang='grc' dir='ltr'><strong>κᾶν</strong></span> <span class='ocrx_word' id='word_1_611' title='bbox 2662 5083 2758 5136; x_wconf 81' lang='grc' dir='ltr'><strong>σὺν</strong></span> <span class='ocrx_word' id='word_1_612' title='bbox 2776 5082 2959 5143; x_wconf 84' lang='grc' dir='ltr'>αὐτοῖς</span> <span class='ocrx_word' id='word_1_613' title='bbox 2987 5078 3160 5132; x_wconf 73' lang='grc' dir='ltr'>ἐλθεῖν</span> <span class='ocrx_word' id='word_1_614' title='bbox 3194 5076 3439 5147; x_wconf 77' lang='grc' dir='ltr'>καθήκῃ,</span> <span class='ocrx_word' id='word_1_615' title='bbox 3462 5074 3614 5129; x_wconf 78' lang='grc' dir='ltr'>ἐλθὼν</span> 
     </span>
    </p>
   </div>
   <div class='ocr_carea' id='block_1_103' title="bbox 379 5183 1951 5258">
    <p class='ocr_par' dir='ltr' id='par_1_103' title="bbox 379 5183 1951 5258">
     <span class='ocr_line' id='line_1_103' title="bbox 379 5183 1951 5258; baseline -0.005 -16"><span class='ocrx_word' id='word_1_616' title='bbox 379 5189 538 5258; x_wconf 79' lang='lat' dir='ltr'><strong>siqhe</strong></span> <span class='ocrx_word' id='word_1_617' title='bbox 565 5189 716 5256; x_wconf 86' lang='lat' dir='ltr'><strong>ipsos</strong></span> <span class='ocrx_word' id='word_1_618' title='bbox 772 5185 1063 5240; x_wconf 89' lang='lat' dir='ltr'><strong>convenire</strong></span> <span class='ocrx_word' id='word_1_619' title='bbox 1102 5183 1268 5239; x_wconf 70' lang='lat' dir='ltr'><strong>fuerit</strong></span> <span class='ocrx_word' id='word_1_620' title='bbox 1300 5190 1753 5243; x_wconf 84' lang='lat' dir='ltr'><strong>consentaneum,</strong></span> <span class='ocrx_word' id='word_1_621' title='bbox 1795 5193 1951 5235; x_wconf 86' lang='lat' dir='ltr'><strong>acce-</strong></span> 
     </span>
    </p>
   </div>
   <div class='ocr_carea' id='block_1_104' title="bbox 2049 5167 3613 5253">
    <p class='ocr_par' dir='ltr' id='par_1_104' title="bbox 2049 5167 3613 5253">
     <span class='ocr_line' id='line_1_104' title="bbox 2049 5167 3613 5253; baseline -0.015 -18"><span class='ocrx_word' id='word_1_622' title='bbox 2049 5180 2184 5253; x_wconf 82' lang='grc' dir='ltr'>φέρε</span> <span class='ocrx_word' id='word_1_623' title='bbox 2217 5180 2288 5233; x_wconf 85' lang='grc' dir='ltr'>τὰ</span> <span class='ocrx_word' id='word_1_624' title='bbox 2318 5177 2605 5249; x_wconf 89' lang='grc' dir='ltr'>γενόμενα,</span> <span class='ocrx_word' id='word_1_625' title='bbox 2640 5174 2734 5228; x_wconf 75' lang='grc' dir='ltr'>καὶ</span> <span class='ocrx_word' id='word_1_626' title='bbox 2766 5172 3036 5243; x_wconf 82' lang='grc' dir='ltr'>μηδέποτε</span> <span class='ocrx_word' id='word_1_627' title='bbox 3082 5172 3241 5241; x_wconf 71' lang='grc' dir='ltr'>εἴπῃς</span> <span class='ocrx_word' id='word_1_628' title='bbox 3287 5169 3457 5231; x_wconf 73' lang='grc' dir='ltr'>αὐτὸς</span> <span class='ocrx_word' id='word_1_629' title='bbox 3494 5167 3613 5237; x_wconf 72' lang='grc' dir='ltr'>πρὸς</span> 
     </span>
    </p>
   </div>
   <div class='ocr_carea' id='block_1_105' title="bbox 379 5260 1913 5348">
    <p class='ocr_par' dir='ltr' id='par_1_105' title="bbox 379 5272 1911 5348">
     <span class='ocr_line' id='line_1_105' title="bbox 379 5272 1911 5348; baseline -0.005 -15"><span class='ocrx_word' id='word_1_630' title='bbox 379 5280 517 5335; x_wconf 85' lang='lat' dir='ltr'><strong>dens</strong></span> <span class='ocrx_word' id='word_1_631' title='bbox 549 5278 743 5343; x_wconf 86' lang='lat' dir='ltr'><strong>tolera,</strong></span> <span class='ocrx_word' id='word_1_632' title='bbox 782 5293 904 5348; x_wconf 69' lang='lat' dir='ltr'><strong>qua:</strong></span> <span class='ocrx_word' id='word_1_633' title='bbox 933 5277 1072 5331; x_wconf 83' lang='lat' dir='ltr'><strong>ﬁunt</strong></span> <span class='ocrx_word' id='word_1_634' title='bbox 1096 5316 1110 5338; x_wconf 91' lang='lat'><strong>,</strong></span> <span class='ocrx_word' id='word_1_635' title='bbox 1152 5286 1207 5331; x_wconf 88' lang='lat' dir='ltr'><strong>et</strong></span> <span class='ocrx_word' id='word_1_636' title='bbox 1256 5289 1526 5344; x_wconf 90' lang='lat' dir='ltr'><strong>nusquam</strong></span> <span class='ocrx_word' id='word_1_637' title='bbox 1556 5274 1705 5327; x_wconf 89' lang='lat' dir='ltr'><strong>dicas</strong></span> <span class='ocrx_word' id='word_1_638' title='bbox 1738 5272 1853 5341; x_wconf 90' lang='lat' dir='ltr'><strong>ipse</strong></span> <span class='ocrx_word' id='word_1_639' title='bbox 1882 5286 1911 5325; x_wconf 90' lang='lat' dir='ltr'><strong>a</strong></span> 
     </span>
    </p>
   </div>
   <div class='ocr_carea' id='block_1_106' title="bbox 2056 5260 3614 5348">
    <p class='ocr_par' dir='ltr' id='par_1_106' title="bbox 2056 5260 3614 5341">
     <span class='ocr_line' id='line_1_106' title="bbox 2056 5260 3614 5341; baseline -0.009 -15"><span class='ocrx_word' id='word_1_640' title='bbox 2056 5272 2262 5338; x_wconf 76' lang='grc' dir='ltr'>ἑαυτὸν,</span> <span class='ocrx_word' id='word_1_641' title='bbox 2292 5272 2374 5324; x_wconf 81' lang='grc' dir='ltr'>ὅτι</span> <span class='ocrx_word' id='word_1_642' title='bbox 2406 5271 2508 5324; x_wconf 79' lang='grc' dir='ltr'><strong>οὐκ</strong></span> <span class='ocrx_word' id='word_1_643' title='bbox 2533 5264 2601 5341; x_wconf 82' lang='grc' dir='ltr'>ἦν</span> <span class='ocrx_word' id='word_1_644' title='bbox 2627 5265 2905 5321; x_wconf 84' lang='grc' dir='ltr'>τοσούτου·</span> <span class='ocrx_word' id='word_1_645' title='bbox 2938 5263 3202 5318; x_wconf 66' lang='grc' dir='ltr'>ἰδιωτικὸν</span> <span class='ocrx_word' id='word_1_646' title='bbox 3228 5261 3363 5332; x_wconf 88' lang='grc' dir='ltr'><strong>γάρ,</strong></span> <span class='ocrx_word' id='word_1_647' title='bbox 3400 5261 3496 5316; x_wconf 84' lang='grc' dir='ltr'>καί</span> <span class='ocrx_word' id='word_1_648' title='bbox 3518 5260 3614 5313; x_wconf 74' lang='grc' dir='ltr'>δια-</span> 
     </span>
    </p>
   </div>
   <div class='ocr_carea' id='block_1_107' title="bbox 380 5363 1952 5440">
    <p class='ocr_par' dir='ltr' id='par_1_107' title="bbox 380 5363 1952 5440">
     <span class='ocr_line' id='line_1_107' title="bbox 380 5363 1952 5440; baseline -0.004 -16"><span class='ocrx_word' id='word_1_649' title='bbox 380 5371 617 5440; x_wconf 82' lang='lat' dir='ltr'><strong>teipsum</strong></span> <span class='ocrx_word' id='word_1_650' title='bbox 653 5389 666 5423; x_wconf 91' lang='lat'>:</span> <span class='ocrx_word' id='word_1_651' title='bbox 696 5371 808 5440; x_wconf 80' lang='lat' dir='ltr'><strong>Ego</strong></span> <span class='ocrx_word' id='word_1_652' title='bbox 862 5384 970 5423; x_wconf 88' lang='lat' dir='ltr'><strong>non</strong></span> <span class='ocrx_word' id='word_1_653' title='bbox 1024 5368 1162 5422; x_wconf 86' lang='lat' dir='ltr'><strong>tanti</strong></span> <span class='ocrx_word' id='word_1_654' title='bbox 1213 5367 1487 5431; x_wconf 78' lang='lat' dir='ltr'><strong>:estimor;</strong></span> <span class='ocrx_word' id='word_1_655' title='bbox 1540 5365 1591 5418; x_wconf 92' lang='lat' dir='ltr'><strong>id</strong></span> <span class='ocrx_word' id='word_1_656' title='bbox 1641 5363 1785 5418; x_wconf 90' lang='lat' dir='ltr'><strong>enim</strong></span> <span class='ocrx_word' id='word_1_657' title='bbox 1839 5364 1952 5431; x_wconf 87' lang='lat' dir='ltr'><strong>ple-</strong></span> 
     </span>
    </p>
   </div>
   <div class='ocr_carea' id='block_1_108' title="bbox 387 5454 1952 5531">
    <p class='ocr_par' dir='ltr' id='par_1_108' title="bbox 387 5454 1952 5531">
     <span class='ocr_line' id='line_1_108' title="bbox 387 5454 1952 5531; baseline -0.005 -14"><span class='ocrx_word' id='word_1_658' title='bbox 387 5458 569 5517; x_wconf 83' lang='lat' dir='ltr'><strong>beium</strong></span> <span class='ocrx_word' id='word_1_659' title='bbox 619 5472 856 5528; x_wconf 85' lang='lat' dir='ltr'><strong>est,‘ac</strong></span> <span class='ocrx_word' id='word_1_660' title='bbox 906 5463 1095 5517; x_wconf 88' lang='lat' dir='ltr'><strong>tritum</strong></span> <span class='ocrx_word' id='word_1_661' title='bbox 1141 5461 1292 5531; x_wconf 85' lang='lat' dir='ltr'><strong>jam,</strong></span> <span class='ocrx_word' id='word_1_662' title='bbox 1346 5468 1398 5515; x_wconf 89' lang='lat' dir='ltr'><strong>et</strong></span> <span class='ocrx_word' id='word_1_663' title='bbox 1442 5458 1719 5527; x_wconf 77' lang='lat' dir='ltr'><strong>vulgatum</strong></span> <span class='ocrx_word' id='word_1_664' title='bbox 1774 5454 1952 5525; x_wconf 87' lang='lat' dir='ltr'><strong>quoad</strong></span> 
     </span>
    </p>
   </div>
   <div class='ocr_carea' id='block_1_109' title="bbox 385 5554 678 5619">
    <p class='ocr_par' dir='ltr' id='par_1_109' title="bbox 385 5554 678 5619">
     <span class='ocr_line' id='line_1_109' title="bbox 385 5554 678 5619; baseline 0.003 -12"><span class='ocrx_word' id='word_1_665' title='bbox 385 5554 678 5619; x_wconf 73' lang='lat' dir='ltr'><strong>exteriora,</strong></span> 
     </span>
    </p>
   </div>
   <div class='ocr_carea' id='block_1_110' title="bbox 2052 5358 2849 5437">
    <p class='ocr_par' dir='ltr' id='par_1_110' title="bbox 2052 5358 2849 5437">
     <span class='ocr_line' id='line_1_110' title="bbox 2052 5358 2849 5437; baseline -0.008 -18"><span class='ocrx_word' id='word_1_666' title='bbox 2052 5365 2386 5437; x_wconf 82' lang='grc' dir='ltr'>ϐεϐλημένον</span> <span class='ocrx_word' id='word_1_667' title='bbox 2418 5363 2555 5435; x_wconf 84' lang='grc' dir='ltr'>πρὸς</span> <span class='ocrx_word' id='word_1_668' title='bbox 2573 5360 2642 5415; x_wconf 81' lang='grc' dir='ltr'><strong>τά</strong></span> <span class='ocrx_word' id='word_1_669' title='bbox 2669 5358 2849 5423; x_wconf 75' lang='grc' dir='ltr'>ἐκτός.</span> 
     </span>
    </p>
   </div>
  </div>
