3808 6226
93 260 244 331 1305

698 380 949 435 ΚΕΦΑΛ.
1001 382 1082 436 N'.

174 493 270 547 Ἐν
320 496 438 558 ταῖς
489 494 727 564 ὁμιλίαις
786 495 1006 549 ἀπέστω
1058 497 1117 550 τὸ
1176 497 1282 551 τῶν
1336 499 1501 553 αὐτοῦ
1560 519 1683 555 τινα

94 584 299 653 ἔργων,
334 585 430 638 καὶ
466 584 729 638 κινδύνων
760 587 853 638 ἐπὶ
887 586 1049 651 πολὺ,
1077 587 1171 641 καὶ
1198 590 1451 660 ἀμέτρως
1480 592 1683 661 μεμνῆ-

94 679 225 731 σθαι
247 696 262 710 ’
299 679 360 731 οὐ
390 679 498 749 γὰρ
525 678 600 743 ῶς
632 696 713 733 σοι
736 678 833 752 ἡδύ
868 684 985 734 ἐστι
1015 682 1123 735 τῶν
1155 683 1260 736 σῶν
1288 684 1548 737 κινδύνων
1588 702 1683 754 με·

1359 270 1703 335 EPlCTETI
1739 273 2123 339 MANUALE.

1706 393 1755 453 Δ

3214 274 3354 339 i306

2290 432 2295 439 .
2400 390 2627 448 CAPUT
2665 390 2727 447 ι.

1851 506 1910 560 1η
1938 506 2228 576 colloquiis
2270 505 2633 560 familiaribus
2676 504 2854 567 absit,
2904 511 2965 557 ut
3008 502 3350 573 plerumque,

1782 612 1848 652 ac
1884 598 2176 653 immodice
2203 598 2386 667 aliqua
2431 612 2461 651 e
2508 597 2615 651 tuis
2663 596 2942 665 operibus,
2981 610 3046 650 ac
3097 595 3355 665 periculis

1783 704 2214 753 commemores;
2250 704 2350 743 nec
2396 689 2542 742 enim
2579 687 2702 742 aliis
2734 696 2817 742 est
2860 687 3055 749 dulce,
3098 702 3220 756 quae
3260 686 3357 740 tibi

97 769 361 839 μνῆσθαι,
387 769 531 824 οὕτω
562 772 784 835 καὶτοῖς
810 772 990 837 ἄλλοις
1010 773 1109 845 ἡδύ
1139 776 1253 826 ἐστι
1283 774 1393 829 τῶν
1433 793 1517 829 σοι
1544 792 1683 847 συμ-

1818 781 2135 850 ontigerunt
2180 780 2370 834 audire
2420 778 2757 847 frequenter,
2802 787 2862 833 ut
2908 793 3076 833 suave
3125 786 3210 832 est
3260 776 3357 831 tibi

94 860 414 933 ϐεϐηκότων
440 863 661 927 πυκνῶς
681 864 923 919 ἀκούειν.

686 977 939 1033 ΚΕΦΑΛ.
974 978 1101 1032 NA’.

183 1086 437 1141 Ἀπέστω
461 1088 519 1142 δὲ
568 1090 663 1142 καὶ
703 1090 765 1142 τὸ
793 1089 1004 1157 γέλωτα
1032 1092 1226 1155 κινεῖν,
1266 1088 1552 1161 ὀλισθηρὸς
1578 1089 1688 1161 γὰρ

1788 880 2007 926 tuorum
2038 871 2404 942 periculorum
2440 870 2772 923 meminisse.

2399 980 2627 1038 CAPUT
2668 980 2753 1037 LI.

1859 1099 1965 1155 Sed
2019 1102 2182 1154 etiam
2238 1098 2403 1164 absit,
2463 1106 2525 1152 ut
2579 1098 2753 1151 risum
2817 1110 3219 1150 commoveas:
3271 1096 3362 1151 ille

99 1178 128 1232 ὁ
177 1180 385 1251 τρόπος
422 1182 502 1245 είς
549 1182 837 1248 ἰδιωτικὸν,
887 1184 980 1236 καὶ
1020 1184 1167 1253 μάλα
1203 1183 1385 1246 ἱκανὸς
1412 1182 1512 1255 τὴν
1557 1181 1689 1235 αἰδὼ

1816 1193 1991 1262 ιιιὶρρε
2035 1192 2231 1246 modus
2262 1192 2316 1245 in
2360 1191 2636 1260 vulgarem
2680 1188 3132 1243 consuetudinem
3165 1188 3363 1257 proeli-

101 1272 200 1344 τὴν
238 1274 373 1343 πρὸς
405 1273 464 1326 σὲ
492 1273 599 1326 τῶν
634 1274 859 1345 πλησίον
889 1278 1123 1329 ἀνεῖναι.

694 1476 945 1531 ΚΕΦᾹΛ.
987 1476 1113 1530 NB’.

189 1584 519 1655 Ἐπισφαλὲς
553 1584 611 1639 δέ
642 1585 737 1639 καὶ⁵
774 1586 836 1638 τὸ
881 1588 963 1650 είς
999 1587 1380 1658 αἰσχρολογίαν
1408 1588 1688 1659 ἐμπεσεῖν·

1789 1287 1873 1341 vis
1905 1296 2022 1351 est;
2054 1293 2107 1338 et
2134 1284 2290 1337 valde
2319 1283 2549 1338 idoneus
2586 1282 2656 1337 ad
2690 1281 3065 1351 proximorum
3112 1295 3364 1336 revereri-

1792 1380 1930 1432 tiam‘
1959 1376 2054 1431 tibi
2089 1376 2330 1431 debitam
2364 1373 2797 1429 diminuendam.

2388 1487 2615 1546 CAPUT
2654 1487 2764 1545 Lll.

1866 1606 2242 1660 Periculosum
2275 1612 2359 1659 est
2392 1604 2555 1658 etiam
2591 1604 2645 1658 in
2689 1603 3082 1673 turpiloquium
3113 1601 3362 1672 prolabi:

107 1677 239 1730 ὅταν
263 1673 357 1731 οὖν
382 1678 561 1749 συμϐῇ
593 1696 645 1731 τι
672 1678 911 1732 τοιοῦτον
943 1679 1039 1732 ἐὰν
1078 1680 1175 1749 μὲν
1203 1679 1459 1750 εὔκαιρον
1556 1719 1570 1741 ,
1599 1680 1693 1729 καὶ

1816 1694 2014 1766 luando
2039 1695 2220 1763 itaque
2250 1692 2456 1762 aliquid
2486 1691 2797 1760 huiusmodi
2825 1688 3148 1760 contigerit,
3190 1688 3234 1741 si
3269 1687 3367 1740 ad-

108 1769 412 1841 ἐπίπληξον
431 1769 509 1840 τῷ
536 1771 908 1843 προσελθόντιο
951 1773 1081 1825 εἰδὲ
1114 1774 1209 1843 μὴ,
1246 1772 1323 1842 τῷ
1346 1774 1405 1826 σὲ
1450 1772 1692 1825 ἀποσιω-

110 1864 308 1933 πῆσαι,
340 1865 432 1917 καὶ
470 1864 812 1935 ἐρυθριάσαι,
846 1865 941 1918 καὶ
972 1866 1384 1936 σκυθρωπάσιι,
1418 1863 1574 1935 δῆλος
1612 1862 1698 1930 γί-

110 1972 202 2007 νου
233 1954 600 2027 δυσχεραίνων
628 1954 708 2026 τῷ
740 1956 903 2028 λόγῳ.

697 2178 950 2231 ΚΕΦΑΛ.
985 2177 1033 2231 Ν
1038 2177 1109 2230 Γ’.

182 2290 361 2343 Ὅταν
388 2289 580 2361 ἡδονῆς
608 2306 755 2354 τινος
783 2292 1083 2359 φαντασίαν
1110 2289 1282 2361 λάϐῃς
1302 2290 1555 2361 καθάπερ
1607 2288 1701 2341 ἐπὶ

109 2379 219 2431 τῶν
270 2379 464 2445 ἄλλων,
500 2378 742 2447 φύλασσε
777 2379 1001 2433 σεαυτὸν
1033 2380 1109 2451 μὴ
1161 2379 1554 2450 συναρπασθῇς
1608 2380 1700 2431 ὑπ’

110 2470 308 2539 αὐτῆς,
335 2470 469 2523 ἀλλά
495 2469 803 2535 ἐκδεξάσθω
853 2486 913 2522 σε
940 2471 1003 2523 τὸ
1031 2472 1263 2543 πρᾶγμα
1303 2471 1399 2522 καὶ
1430 2468 1701 2540 ἀναϐολήν

108 2574 259 2624 τινα,
282 2560 433 2631 παρὰ
458 2558 670 2630 σεαυτῷ
690 2559 844 2626 λάϐε,
872 2558 1061 2614 ἔπειτα
1084 2558 1354 2631 μνήσθητι
1374 2559 1583 2628 ἀμφοτέ
1594 2575 1702 2628 ρων

110 2650 223 2704 τῶν
254 2651 484 2721 χρόνων,
529 2651 651 2705 καθ’
680 2652 740 2704 ὄν
780 2668 839 2705 τε
880 2652 1204 2723 ἀπήλαυσας
1231 2649 1330 2720 τῆς
1361 2649 1579 2721 ἡδονῆς,
1610 2650 1704 2702 καὶ¹

112 2742 237 2795 καθ’
297 2741 356 2795 ὃν
406 2741 722 2804 ἀπολαύσας
760 2741 985 2812 ὕστερον
1040 2744 1346 2813 ματανοεῖς,
1385 2741 1482 2795 καλ¹
1538 2741 1702 2805 αὐτὸς

115 2834 331 2906 σεαυτῷ
378 2834 628 2905 λοιδόρει,
687 2835 781 2888 καὶ
829 2835 1039 2897 τούτοις
1086 2833 1322 2898 ἀντίθες,
1364 2834 1512 2898 ὅπως
1558 2833 1700 2887 ἀπο-

114 2928 382 2995 σχόμενος
426 2927 709 2997 χαιρήσεις
750 2927 842 2980 καὶ
880 2926 1189 2989 ἐπαινέσεις
1240 2925 1402 2988 αὐτὸς
1451 2925 1698 2989 σεαυτὸν,

113 3020 210 3071 ἐὰν
240 3019 299 3071 δέ
329 3018 582 3089 εὔκαιρον
622 3021 763 3089 φανῇ
811 3018 1051 3087 ἅψασθαι
1078 3016 1174 3070 τοῦ
1212 3016 1376 3089 ἔργου
1404 3057 1420 3082 ,
1462 3017 1697 3088 πρόσεχε

116 3110 192 3180 μὴ
221 3110 437 3182 ἡττήσῃ
462 3126 523 3161 σε
551 3109 612 3161 τὸ
648 3110 917 3181 προσηνὲς
951 3108 1140 3173 αὑτοῦ,
1181 3110 1276 3162 καὶ
1324 3109 1445 3179 ἡδὺ,
1471 3109 1565 3162 καὶ
1604 3109 1702 3160 ἐπ-

114 3200 358 3269 αγωγὸν,
390 3199 506 3254 ἀλλ’
545 3199 805 3253 ἀντιτίθει
842 3200 1005 3252 πόσον
1034 3198 1256 3269 ἄμεινον
1301 3199 1364 3253 τὸ
1409 3198 1704 3254 συνειδέναι

117 3290 334 3362 σεαυτῷ
356 3289 561 3361 ταύτην
585 3290 685 3360 τὴν
716 3290 874 3359 νίκην
910 3288 1240 3361 νενικηκότι.

701 3588 953 3643 ΚΕΦᾹΛ.
1000 3588 1124 3641 ΝΔ’.

185 3712 363 3765 Ὀταν
396 3709 670 3778 διαγνοὺς,
699 3709 727 3762 ὃ
754 3725 809 3760 τι
840 3706 1091 3777 ποιητέον
1125 3705 1207 3759 σοί
1235 3704 1355 3759 ἐστι
1374 3706 1553 3775 ποιῇς,
1574 3703 1707 3774 μηδὲ

118 3805 345 3859 πώποτε
368 3802 549 3876 φύγῃς
576 3800 811 3871 ὀφθῆναι
864 3800 1126 3869 πράσσων
1157 3797 1311 3863 αὐτὸ,
1359 3796 1463 3849 κᾶν
1494 3794 1708 3849 ἀλλοῖόν

116 3914 170 3952 τι
204 3898 257 3951 οῖ
299 3895 484 3949 πολλοι
515 3893 646 3964 περὶ
683 3890 849 3945 αὑτοῦ
883 3890 1149 3962 μέλλωσιν
1177 3888 1601 3959 ὑπολαμϐάνειν.
1641 3887 1705 3941 El

122 3989 225 4059 μὲν
300 3988 409 4057 γὰρ
481 3986 581 4039 οὐκ
672 3984 847 4055 ὀρθῶς
928 3985 1100 4046 ποιεῖς
1184 3982 1316 4034 αὐτὸ
1396 3981 1458 4033 τὸ
1526 3979 1708 4050 ἔργον,

118 4079 314 4145 φεῦγε,
347 4080 396 4131 εί
425 4077 482 4130 δέ
511 4076 707 4149 ὀρθῶς,
740 4076 792 4129 τί
839 4074 979 4145 φοϐῇ
1022 4076 1147 4137 τοὺς
1179 4073 1580 4144 ἐπιπλήξοντας
1610 4073 1710 4126 οὑκ

118 4167 295 4240 ὀρθῶς
312 4185 328 4234 ;

707 4300 960 4353 ΚΕΦΑΛ.
996 4299 1123 4352 NE'.

1798 1788 1902 1843 erit
1945 1784 2363 1856 opportunitas,
2412 1783 2631 1851 increpa
2672 1781 3234 1851 appropinquantem;
3281 1779 3365 1832 sin

1799 1887 2007 1943 autem,
2039 1876 2387 1939 conticendo,
2420 1890 2487 1929 ac
2518 1873 2915 1938 erubescendo,
2945 1872 3264 1941 vultumque
3288 1880 3369 1923 tc-

1799 1970 1997 2025 tricum
2034 1968 2273 2038 gerendo
2303 1965 2529 2023 ostende
2574 1966 2718 2037 quod
2768 1964 3008 2036 graviter
3053 1963 3164 2018 fers
3207 1960 3370 2016 talem

1800 2077 2136 2119 sermonem.

2382 2170 2609 2227 CAPUT
2648 2167 2782 2224 Llll.

1871 2289 2103 2357 Quando
2135 2283 2443 2358 cuiuspiam
2476 2286 2769 2355 voluptatis
2800 2282 3117 2354 imaginatio
3150 2280 3246 2335 tibi
3281 2296 3372 2335 su-

1801 2383 2130 2454 pervenerit,
2172 2382 2381 2437 custodi
2417 2390 2469 2435 te
2496 2378 2655 2451 3&7
2686 2379 2887 2448 ipsum,
2923 2385 2983 2431 ut
3013 2376 3067 2429 in
3113 2375 3256 2441 aliis,
3305 2389 3375 2427 ne

1802 2480 1869 2532 ab
1921 2492 1984 2532 ea
2034 2476 2367 2546 corripiaris,
2411 2475 2505 2529 sed
2545 2490 2633 2527 res
2677 2482 2730 2527 te
2786 2480 3090 2541 exspectet,
3140 2479 3193 2523 et
3230 2468 3374 2539 apud

1804 2568 2039 2637 teipsum
2077 2566 2309 2636 quadam
2348 2576 2497 2620 utere
2541 2564 2831 2627 dilatione;
2883 2570 3156 2616 memento
3183 2559 3377 2614 deinde

1805 2662 2091 2729 utriusque
2123 2657 2403 2728 temporis,
2436 2666 2549 2710 tum
2586 2655 2725 2725 ejus,
2762 2668 2871 2723 quo
2900 2654 3229 2721 voluptatem
3260 2650 3373 2719 iam

1802 2751 2112 2822 percepisti,
2170 2760 2283 2804 tum
2332 2749 2496 2813 illius,
2533 2761 2673 2816 quo,
2731 2755 3016 2815 postquam
3046 2744 3377 2811 voluptatem

1802 2842 2147 2911 perceperis,
2205 2843 2423 2893 demum
2464 2846 2516 2891 te
2559 2835 2867 2905 pmnitebit,
2922 2843 3085 2903 atque
3134 2834 3247 2901 ipse
3280 2833 3378 2887 tibl

1803 2932 2097 3003 exprobra,
2129 2939 2183 2985 et
2212 2929 2330 2983 istis
2362 2942 2573 2997 oppone
2609 2926 2732 2988 hoc,
2783 2924 2989 2978 scilicet
3019 2932 3377 2992 quantopere,

1804 3026 1849 3080 si
1887 3022 2238 3086 abstinueris,
2265 3019 2548 3091 gaudebis,
2589 3027 2644 3072 et
2672 3018 2787 3086 ipse
2821 3016 3072 3070 laudabis
3110 3015 3378 3084 teipsum;

1806 3126 1864 3172 at
1887 3118 1933 3173 si
1964 3124 2331 3186 opportunum
2364 3111 2611 3165 videatur
2640 3124 2778 3178 opus
2809 3107 3047 3177 aggredi,
3097 3120 3184 3181 ne,
3234 3102 3381 3172 quod

1807 3211 1864 3263 in
1888 3222 1953 3263 eo
1978 3205 2279 3276 jucundum
2307 3210 2412 3268 est,
2441 3210 2496 3255 et
2528 3198 2776 3261 dulcedo,
2820 3207 2982 3266 atque
3020 3194 3294 3257 illecebra,
3328 3201 3382 3246 te

1808 3305 2014 3366 vincat,
2046 3302 2139 3356 sed
2172 3313 2385 3369 oppone
2430 3298 2553 3360 hoc,
2590 3302 2797 3364 quanto
2837 3291 3097 3345 nimirum
3132 3288 3235 3343 erit
3264 3302 3380 3341 me-

1807 3398 1914 3452 lius
1949 3395 2045 3449 tibi
2076 3392 2180 3463 ipsi
2213 3392 2493 3447 conscium
2526 3404 2665 3453 esse,
2702 3386 2847 3456 quod
2897 3383 3057 3438 talem
3094 3377 3381 3451 reportasti

1805 3491 2111 3547 victoriam.

2393 3596 2622 3651 CAPUT
2664 3594 2796 3650 LIV.

1878 3715 2109 3781 Quando
2144 3712 2311 3768 facies
2339 3711 2565 3780 aliquid,
2602 3726 2726 3764 cum
2770 3705 3048 3768 statueris,
3094 3703 3235 3773 quod
3283 3701 3381 3756 tibi

1810 3808 2114 3864 faciendum
2144 3807 2233 3869 sit,
2272 3820 2338 3859 ne
2368 3820 2607 3873 unquam
2639 3802 2817 3871 fugias
2865 3799 3059 3861 videri,
3092 3798 3221 3851 dum
3251 3795 3381 3849 illud

1810 3901 1975 3962 facis,
2009 3899 2110 3954 etsi
2144 3897 2297 3952 multi
2327 3897 2394 3951 de
2430 3896 2549 3964 ipso
2579 3891 2945 3949 existimaturi
2971 3890 3080 3944 sint
3104 3889 3380 3943 diversum

1811 3989 2128 4059 quidpiam;
2165 3987 2212 4040 si
2258 3987 2403 4041 enim
2447 3986 2551 4040 tale
2582 3998 2721 4053 opus
2760 3982 2985 4036 minime
3028 3988 3171 4033 recte
3215 3977 3381 4041 facis,

1814 4083 1971 4149 fuge;
2003 4079 2047 4134 si
2082 4094 2211 4131 vero
2252 4086 2419 4141 recte,
2454 4076 2649 4146 ecquid
2698 4074 2859 4128 times
2900 4087 2995 4126 eos
3048 4072 3140 4141 qui
3186 4080 3238 4124 te
3276 4084 3384 4123 non

1814 4180 1964 4227 recte
1997 4170 2295 4240 culpabunt
2314 4170 2337 4221 ?

2413 4295 2639 4352 CAPUT
2678 4295 2787 4350 LV.

193 4413 342 4485 Πρὸς
369 4415 466 4484 μὲν
487 4412 549 4467 τδ
578 4410 957 4480 διεζευγμένον
988 4410 1229 4482 μεγάλην
1248 4409 1337 4481 ἔχε
1363 4409 1539 4476 ἀξίαν,
1573 4410 1696 4481 πρὸς

1886 4417 2053 4472 Valde
2095 4417 2318 4486 dignum
2368 4413 2573 4469 habeas
2608 4411 2659 4465 id
2702 4410 2846 4481 quod
2893 4425 2923 4464 a
2971 4418 3023 4464 te
3054 4408 3389 4478 disiunctum

120 4507 182 4559 τὸ
234 4502 719 4575 συμπεπλεγμένον
762 4502 819 4555 δὲ
854 4501 1131 4565 ἀπαξίαν,
1188 4501 1330 4555 οὕτω
1372 4502 1467 4555 καὶ
1501 4502 1562 4555 τὸ
1612 4501 1710 4571 τὴν

126 4596 301 4665 μείζω
341 4594 535 4667 μερίδα
573 4591 899 4657 ἐκλέξασθαι
930 4592 1069 4662 πρὸς
1106 4594 1207 4663 μὲν
1248 4592 1309 4645 τὸ
1341 4592 1499 4662 σῶμα
1539 4593 1709 4662 ἐχέτω

123 4688 305 4753 ἀξίαν,
333 4688 468 4759 πρὸς
506 4687 562 4740 δὲ
596 4686 883 4739 κοινωνίαν
917 4687 976 4738 ἐν
1014 4686 1257 4739 ἑστιάσει
1298 4680 1408 4739 οἷον
1438 4686 1516 4739 δεῖ
1544 4686 1714 4756 φυλά-

125 4780 216 4847 ξαι
270 4780 506 4844 ἀπαξίαν
552 4778 687 4850 ἔχει.
712 4780 883 4831 Ὅταν
911 4775 1005 4831 οὖν
1043 4778 1329 4849 συνεσθίῃς
1378 4780 1599 4850 ἑταίρῳ,
1635 4780 1710 4851 μὴ

128 4868 294 4937 μόνον
344 4867 443 4939 τὴν
475 4870 611 4941 πρὸς
648 4870 710 4923 τὸ
744 4871 904 4940 σῶμα
946 4868 1104 4934 ἀξίαν
1142 4870 1249 4923 τῶν
1293 4873 1710 4941 παρακειμένων

129 4959 256 5028 ὅρα,
291 4958 428 5014 ἀλλά
456 4962 551 5015 καὶ
594 4962 697 5031 τὴν
727 4962 861 5033 πρὸς
891 4962 981 5015 τὸν
1015 4963 1323 5031 ἑστιάτορα,
1359 4958 1470 5015 οἷον
1501 4962 1582 5015 δεῖ
1611 4980 1712 5031 φυ-

128 5048 417 5121 λαχθῆναι.

1815 4521 1930 4577 est;
1970 4509 2065 4563 tibi
2114 4523 2243 4563 vero
2293 4507 2649 4576 coniunctum
2690 4503 2744 4556 in
2792 4501 2937 4556 nullo
2972 4501 3145 4568 pretio
3181 4509 3387 4552 teneas.

1817 4605 1908 4659 Sic
1941 4604 2136 4659 electio
2166 4600 2393 4669 maioris
2420 4596 2690 4668 portionis
2716 4600 2971 4663 respectu
3001 4590 3244 4658 corporis
3287 4588 3387 4641 ha-

1816 4696 1941 4751 beat
1994 4694 2213 4764 quidem
2264 4692 2519 4746 meritum
2556 4688 2929 4755 condignum,
2988 4681 3080 4736 sed
3140 4688 3388 4747 respectu

1816 4786 2222 4843 communionis
2284 4784 2339 4837 in
2392 4781 2680 4842 convivio,
2735 4777 2862 4847 quid
2921 4773 3128 4829 scilicet
3178 4777 3391 4839 oportet

1817 4894 2053 4941 servare,
2108 4878 2292 4931 minus
2342 4873 2503 4928 habet
2552 4871 2847 4931 meritum,
2902 4880 2999 4920 seu
3048 4862 3387 4932 dignitatem.

1820 4973 2050 5039 Quando
2097 4970 2261 5038 igitur
2304 4983 2428 5022 cum
2463 4964 2634 5020 sodali
2667 4959 2996 5023 convivaris,
3052 4971 3162 5009 non
3213 4956 3388 5008 solum

1818 5062 2081 5132 respicias
2111 5060 2451 5129 dignitatem,
2484 5070 2608 5125 quae
2637 5053 2703 5106 ad
2738 5065 2939 5119 corpus
2979 5048 3189 5109 attinet,
3221 5058 3389 5132 appo:

130 5141 361 5195 sitorum
389 5182 405 5209 ,
457 5145 552 5199 sed
616 5159 736 5199 eam
786 5143 1071 5200 considera
1127 5144 1485 5217 dignitatem,
1541 5166 1705 5221 quam
1747 5123 1948 5213 haberi;
2010 5123 2197 5210 ἀθὴρ(
2241 5123 2578 5211 convivator,
2615 5146 2743 5215 quid
2791 5143 3052 5197 nimirum
3093 5144 3306 5206 oportet
3334 5123 3392 5185 υι

131 5243 406 5289 servetur.

702 5373 952 5429 ΚΕΦΔΛ.
980 5373 1126 5442 Nq'.

210 5479 337 5534 Ἐάν
357 5480 497 5551 ὑπὲρ
531 5482 760 5554 δύναμιν
796 5484 1069 5558 ἀναλάϐῃς
1094 5503 1148 5539 τι
1189 5486 1495 5557 πρόσωπον,
1527 5488 1622 5544 καὶ
1650 5490 1710 5544 ἐν

2294 5368 2466 5441 348
2500 5365 2728 5423 CAPUT
2769 5364 2905 5418 LVI.

1882 5487 1939 5542 Si
1972 5485 2210 5555 aliquam
2244 5499 2403 5553 supra
2439 5483 2585 5535 vircs
2630 5478 2939 5549 susceperis
2970 5491 3286 5547 personam,
3331 5482 3386 5529 et

127 5569 301 5642 τούτῳ
320 5573 708 5649 ἠσχημόνησας
737 5577 828 5631 καὶ
853 5577 882 5630 ὃ
897 5577 1130 5648 ἡδύνασο
1153 5578 1524 5653 ἐκπληρῶσαι,
1547 5580 1696 5637 τοῦτ(

1816 5580 1863 5635 in
1888 5579 1990 5633 hac
2011 5575 2263 5631 indecore
2288 5584 2337 5629 te
2360 5573 2595 5645 gessisti,
2625 5582 2739 5628 tum
2764 5569 3100 5641 dercliquisti
3122 5567 3171 5622 id
3196 5566 3347 5621 etiau
3367 5603 3383 5631 ,

132 5664 443 5731 κατέλιπες.

1810 5670 1959 5742 quod
1990 5668 2261 5739 complere
2291 5667 2583 5740 potuisses.
