3808 6226
414 283 546 346 1307

981 399 1213 458 CAPUT
1273 401 1429 458 LVII.

481 510 951 577 Quemadmodum
997 515 1138 569 inter
1192 517 1580 572 ambulandum
1614 518 1869 585 attendis,
1917 537 1988 576 ne

410 601 622 656 insilias
650 602 825 668 clavo,
870 613 964 658 aut
993 622 1060 659 ne
1096 616 1246 660 tuum
1281 609 1467 676 pedem
1503 611 1870 680 distorqueas,
1912 614 1986 668 ita

407 695 648 759 attende,
697 711 766 751 ne
813 697 887 750 lui
938 700 1102 752 animi
1168 702 1533 771 principatum
1582 704 1777 771 laedas;
1825 714 1989 774 atque

407 787 512 842 hoc
547 787 592 842 si
622 803 955 858 unoquoque
993 790 1046 844 in
1079 806 1242 862 opere
1272 793 1709 860 observabimus,
1738 798 1986 854 securius

407 880 846 950 unumquodque
885 896 1022 951 opus
1056 883 1460 952 aggrediemur.

973 995 1202 1050 CAPUT
1242 996 1421 1053 LVIII.

478 1106 732 1164 Mensura
768 1111 1138 1180 possessionis
1167 1121 1254 1166 est
1295 1127 1494 1182 corpus
1523 1113 1988 1185 uniuscujusque,

414 1199 564 1254 sicuti
604 1216 696 1270 pes
729 1203 1125 1268 calceamenti;
1183 1204 1227 1257 si
1275 1204 1440 1274 igitur
1481 1204 1534 1258 in
1583 1205 1686 1260 hoc
1733 1207 1988 1270 steteris,

413 1308 730 1349 mensuram
768 1298 1049 1363 servabis;
1104 1299 1188 1351 sin
1221 1299 1623 1367 pertransieris,
1661 1299 1772 1369 jam
1823 1300 1990 1355 veluti

415 1400 509 1452 per
539 1401 779 1455 praeceps
813 1385 942 1442 ferri
979 1403 1265 1443 necessum
1301 1399 1403 1452 est,
1445 1399 1502 1444 ut
1556 1391 1720 1444 etiam
1770 1390 1823 1444 in
1875 1392 1990 1444 cal-

414 1487 695 1532 ceamento
743 1479 801 1530 fit
845 1480 890 1534 si
940 1481 1129 1549 pedem
1172 1482 1303 1537 illud
1351 1482 1837 1551 superexcesserit,
1878 1483 1992 1537 sive

415 1567 706 1622 deauratus
743 1569 813 1624 sit
842 1570 1081 1637 calceus,
1118 1571 1234 1626 sive
1281 1587 1611 1642 purpureus,
1663 1572 1774 1626 sive
1820 1572 1990 1626 inter-

415 1670 649 1726 pnnclus
683 1679 695 1714 :
739 1665 856 1730 ejus
888 1662 1054 1726 enim,
1091 1663 1235 1732 quod
1269 1664 1438 1718 semel
1467 1678 1630 1734 supra
1677 1679 1991 1719 mensuram

415 1757 517 1813 est,
551 1751 817 1805 terminus
847 1752 1028 1807 nullus
1053 1763 1156 1808 est.

1005 1863 1233 1920 CAPUT
1272 1865 1412 1921 LIX.

485 1970 728 2028 Femina:
762 1975 946 2030 statim
983 1976 1109 2032 inde
1152 1977 1220 2032 ab
1261 1978 1422 2032 annis
1450 1975 1863 2048 quatuordecim
1897 1991 1994 2031 vo-

415 2074 609 2119 cantur
650 2081 679 2119 a
715 2067 848 2121 viris
875 2068 1110 2122 domina:
1137 2086 1151 2134 ;
1197 2069 1441 2124 videntes
1493 2070 1658 2140 igitur
1679 2070 1827 2141 quod
1859 2070 1994 2125 nihil

416 2158 564 2212 aliud
605 2159 738 2228 ipsis
783 2171 1054 2230 superest,
1103 2177 1266 2232 quam
1305 2163 1654 2218 solummodo
1686 2164 1889 2219 cubare
1918 2166 1995 2218 si-

418 2251 528 2304 mul
582 2266 704 2304 cunt
740 2251 892 2318 viris,
947 2253 1220 2322 incipiunt
1259 2252 1491 2307 formam
1539 2254 1805 2320 excolere,
1846 2263 1900 2309 et
1938 2254 1993 2308 in

418 2341 524 2395 hoc
570 2358 694 2411 spes
739 2359 927 2398 omnes
981 2344 1200 2400 habere.
1250 2346 1480 2416 Dignum
1534 2354 1616 2400 est
1663 2347 1885 2416 itaque,
1938 2355 1996 2400 ut

416 2432 612 2493 sciant,
645 2433 792 2503 quod
837 2451 944 2488 non
985 2436 1092 2489 alia
1135 2436 1246 2490 ulla
1287 2437 1355 2490 de
1401 2437 1564 2508 349
1591 2453 1757 2492 causa
1787 2437 1995 2491 honore

417 2523 759 2590 alliriuntur,
808 2541 969 2596 quam
1017 2542 1082 2580 eo
1140 2528 1286 2598 quod
1333 2539 1596 2600 apparent
1641 2540 1881 2596 ornatae,
1931 2543 1995 2583 ac

419 2619 742 2672 verecunda:
768 2618 821 2672 in
854 2620 1236 2690 temperantia.

1014 2731 1237 2791 CAPUT
1275 2735 1386 2790 LX.

489 2844 710 2901 IIebetis
738 2846 940 2916 ingenii
973 2848 1188 2917 signum
1219 2857 1304 2904 est
1330 2849 1382 2903 in
1414 2849 1520 2915 his,
1553 2866 1676 2920 quae
1704 2850 1769 2906 ad
1794 2866 1995 2920 corpus

418 2937 696 3008 pertinent
725 2937 942 3006 penitus
971 2938 1202 3003 versari,
1238 2940 1388 2996 velut
1432 2941 1674 2996 exerceri
1717 2951 1777 2995 ut
1820 2942 1994 3011 pluri-

1896 291 2198 352 SPURIA.

3566 287 3698 352 1303

2686 406 2936 462 ΚΕΦΔΛ.
2973 403 3098 460 ΝΖ’.

2172 522 2261 576 Ἐν
2288 521 2366 592 τῷ
2404 521 2729 590 περιπατεῖν
2763 520 3012 592 καθάπερ
3059 517 3353 590 προσέχεις
3385 519 3470 590 μὴ
3503 520 3698 590 ἐπιϐῇς

2091 614 2226 685 ἥλῳ,
2259 615 2291 686 ἢ
2336 614 2576 686 στρέφῃς
2605 614 2696 666 τὸν
2728 614 2865 666 πόδα
2896 630 3012 678 σου,
3043 611 3188 666 οὕτω
3218 611 3460 682 πρόσεχε
3496 613 3578 682 μὴ
3611 615 3700 666 καὶ

2087 705 2149 758 τὸ
2171 705 2495 776 ἡγεμονικὸν
2527 704 2764 775 βλάϐτῃς
2799 704 2860 756 τὸ
2887 704 3140 770 σεαυτοῦ,
3177 705 3271 757 καὶ
3300 703 3470 756 τοῦτο
3497 704 3599 755 ἐὰν
3622 706 3698 772 ἐφ’

2090 798 2321 851 ἑκάστου
2368 798 2533 868 ἔργου
2567 795 3073 866 παραφυλάξωμεν,
3113 796 3544 867 ἀσφαλέστερον
3570 797 3702 865 ess.

2094 889 2236 961 μεθα
2269 891 2504 945 ἑκάστου
2535 888 2720 960 ἔργου.

2670 1000 2924 1053 ΚΕΦΑΛ.
2963 1000 3099 1055 NH’.

2162 1112 2378 1184 Μέτρον
2409 1113 2655 1182 κτήσεως
2683 1111 2744 1165 τὸ
2775 1111 2933 1182 σῶμα
2955 1112 3188 1165 ἑκάστου
3211 1111 3285 1175 ὡς
3312 1113 3343 1166 ὁ
3377 1111 3530 1175 ποῦς
3571 1113 3706 1167 ὕπο-

2092 1201 2356 1271 δήματος.
2406 1201 2529 1253 Ἐὰν
2560 1201 2655 1253 ἐπὶ
2681 1199 2874 1253 τούτου
2906 1204 3059 1272 στῇς,
3095 1201 3352 1270 φυλάξεις
3379 1203 3443 1254 τὸ
3478 1203 3705 1273 μέτρον,

2097 1291 2192 1344 ἐὰν
2215 1291 2271 1344 δὲ
2308 1291 2556 1363 ὑπερϐῇς
2581 1292 2656 1355 ὡς
2685 1292 2826 1345 κατὰ
2849 1293 3095 1364 κρημνοῦ
3125 1293 3308 1347 λοιπὸν
3333 1295 3566 1364 ἀνάγκη
3614 1297 3704 1365 ςέ-

2097 1383 2306 1454 ρεσθαι,
2341 1384 2598 1455 καθάπερ
2651 1389 2745 1437 καὶ
2772 1385 2864 1436 ἐπὶ
2885 1384 2978 1437 τοῦ
3009 1385 3377 1457 ὑποδήματος,
3407 1388 3516 1440 ἐὰν
3542 1390 3709 1458 ὑπερ-

2095 1476 2163 1548 ϐῇ
2198 1477 2290 1529 τὸν
2316 1476 2473 1544 πόδα,
2503 1475 2734 1546 γίνεται,
2761 1479 2872 1530 εἴτε
2900 1478 3244 1550 κατάχρυσον
3272 1480 3563 1550 ὑπόδημα,
3599 1483 3706 1534 εἴτε

2093 1567 2430 1639 πορφυροῦν,
2473 1568 2585 1621 εἴτε
2638 1570 2930 1640 κεντητόν·
2970 1569 3066 1622 τοῦ
3108 1570 3217 1642 γὰρ
3255 1571 3408 1637 ἅπαξ
3441 1573 3594 1643 ὑπὲρ
3650 1571 3707 1624 τὸ

2097 1659 2297 1731 μέτρον
2319 1659 2445 1732 ὅρος
2481 1659 2655 1724 οὐδείς
2677 1661 2847 1716 ἐστιν.

2683 1861 2938 1916 ΚΕΦΑΛ.
2972 1861 3101 1916 NG'.

2165 1974 2231 2028 Al
2266 1975 2527 2044 γυναῖκες
2549 1974 2712 2036 εὐθὺς
2757 1975 2864 2027 ἀπὸ
2921 1974 3186 2046 τέσσαρες
3236 1976 3334 2029 καὶ
3377 1976 3524 2029 δέκα
3570 1977 3710 2028 ἐτῶν

2096 2065 2204 2119 ὑπὸ
2232 2067 2340 2119 τῶν
2360 2067 2569 2138 ἀνδρῶν
2597 2066 2784 2137 κύριαι
2806 2065 3099 2120 καλοῦνται
3127 2083 3141 2095 ·
3170 2067 3474 2137 τοιγαροῦν
3496 2068 3708 2138 ὁρῶσαι

2095 2157 2180 2211 ὃτι
2201 2157 2330 2212 ἄλλο
2355 2159 2453 2230 μὲν
2479 2159 2634 2212 οὐδὲν
2663 2159 2854 2222 αὑταῖς
2883 2159 3166 2229 πρόσεστι,
3196 2160 3362 2228 μόνον
3388 2159 3444 2212 δὲ
3481 2177 3708 2225 συγκοι-

2099 2247 2306 2318 μᾶσθαι
2340 2250 2453 2311 τοῖς
2479 2249 2759 2318 ἀνδράσιν,
2795 2249 3057 2319 ἄρχονται
3087 2249 3572 2312 καλλωπίζεσθαι,
3600 2253 3708 2303 κάν

2095 2337 2271 2409 τούτῳ
2299 2338 2478 2403 πάσας
2512 2339 2656 2411 ἔχειν
2691 2341 2790 2404 τὰς
2819 2340 3058 2403 ἐλπίδας.
3091 2340 3392 2410 Προσέχειν
3431 2336 3532 2392 οὖν
3563 2341 3708 2404 ἄξιον

2097 2431 2184 2484 ἵνα
2257 2431 2571 2499 αἴσθωνται,
2643 2434 2727 2487 ὅτι
2799 2435 2888 2487 ἐπ’
2949 2434 3124 2486 οὐδενὶ
3187 2434 3335 2504 ἄλλῳ
3400 2434 3705 2503 τιμῶνται,

2095 2525 2129 2595 ἢ
2169 2524 2249 2596 τῷ
2292 2525 2518 2596 κόσμιαι
2559 2525 2874 2596 φαίνεσθαι,
2915 2530 3010 2580 καὶ
3042 2526 3339 2597 αἰδήμονες
3380 2527 3441 2578 ἐν
3484 2543 3704 2597 σωφρο-

2098 2614 2256 2686 σύνῃ.

2703 2731 2959 2785 ΚΕΦΑΛ.
3000 2728 3090 2795 1Ξ’.

2178 2845 2407 2916 ’Δφυτας
2437 2847 2660 2917 σημεῖον
2676 2846 2738 2900 τὸ
2759 2846 3115 2917 ἐνδιατρίϐειν
3137 2849 3250 2910 τοῖς
3272 2847 3406 2918 περὶ
3427 2845 3491 2900 τὸ
3525 2846 3702 2913 σῶμα.

2095 2935 2208 2992 οἷον
2246 2939 2341 2992 ἐπὶ
2392 2939 2528 2992 πολὺ
2576 2938 2987 3008 γυμνάζεσθαι,
3020 2939 3052 3009 ἢ
3085 2939 3178 2991 ἐπὶ
3215 2939 3354 2993 πολὺ
3389 2940 3603 2992 ἐσθίειν
3628 2981 3641 2998 ,
3673 2940 3702 3006 ἦ

421 3045 592 3093 mum,
631 3041 725 3083 aut
759 3029 991 3084 multum
1037 3030 1343 3097 comedere,
1379 3041 1477 3086 aut
1504 3032 1630 3102 plus
1667 3032 1872 3097 bibere,
1901 3041 1996 3088 aut

2149 3031 2202 3084 πὶ
2230 3031 2366 3085 πολὺ
2394 3031 2591 3096 πίνειν,
2621 3030 2654 3102 ἢ
2684 3032 2776 3084 ἐπὶ
2803 3031 2939 3085 πολὺ
2969 3033 3295 3086 ἀποπατεῖν.
3343 3032 3513 3085 Ἀλλά
3542 3031 3706 3084 ταῦτα

420 3131 666 3174 ventrem
726 3119 1071 3190 frequentius
1116 3138 1459 3191 exonerare,
1515 3124 1609 3178 sed
1668 3138 1731 3178 ea
1781 3124 2000 3194 quidem

2149 3122 2212 3176 ,ὲν
2240 3124 2299 3176 ὲν
2328 3092 2593 3194 παρέργῲ
2616 3092 2892 3194 ποιητέον,
2933 3125 3063 3195 περὶ
3093 3123 3150 3177 δὲ
3179 3123 3280 3194 τὴν
3307 3110 3550 3195 γνώμην
3575 3125 3706 3175 ἔστω

420 3212 727 3283 peragenda
781 3222 910 3268 sunt
947 3214 1140 3282 obiter,
1174 3215 1357 3270 omnis
1392 3231 1520 3271 vero
1558 3229 1689 3270 cura
1740 3214 1814 3270 sit
1857 3215 2006 3272 circa

423 3315 683 3361 mentem.

1011 3419 1240 3478 CAPUT
1279 3419 1418 3476 LXI.

499 3527 730 3596 Quando
758 3529 1031 3601 quispiam
1079 3533 1223 3588 male
1253 3532 1385 3602 quid
1431 3530 1653 3596 fecerit,
1697 3538 1794 3586 aut
1837 3530 2008 3586 male-

426 3621 631 3676 dixerit
679 3621 815 3687 tibi,
857 3635 1150 3691 memento,
1184 3625 1332 3695 quod
1370 3623 1520 3689 facit,
1568 3633 1664 3678 aut
1709 3625 1861 3689 dicit,
1909 3639 2009 3694 pu-

428 3723 553 3767 tans
582 3713 687 3769 sibi
731 3715 1060 3771 conveniens
1108 3731 1264 3782 esse;
1308 3707 1425 3771 fieri
1469 3731 1599 3770 vero
1638 3730 1747 3771 non
1795 3723 2006 3786 potest,

429 3813 492 3859 ut
518 3807 636 3876 ipse
667 3815 932 3876 sequatur
979 3807 1245 3878 quidquid
1294 3808 1391 3862 tibi
1429 3808 1675 3871 videtur,
1721 3808 1814 3863 sed
1862 3807 2008 3875 quod

432 3899 574 3965 sibi;
616 3899 795 3968 itaque
833 3899 879 3954 si
915 3899 1056 3955 male
1101 3900 1204 3969 ipsi
1240 3900 1524 3964 videatur,
1561 3900 1651 3954 ille
1686 3899 1847 3954 laesus
1885 3908 1966 3953 est
1990 3940 2005 3964 ,

436 3995 628 4058 utpote
656 3988 750 4056 qui
779 3987 880 4042 fuit
913 3991 1192 4056 deceptus.
1253 3987 1311 4042 Si
1343 3988 1467 4058 quis
1498 3989 1698 4043 etenim
1726 3988 2008 4042 veritatem

432 4093 733 4133 connexam
784 4079 951 4134 fuerit
1000 4080 1258 4150 opinatus
1310 4095 1432 4134 esse
1471 4079 1850 4146 mendacium,
1898 4093 2009 4132 non

433 4171 623 4226 laesum
665 4179 748 4225 est
797 4186 1107 4226 connexum
1137 4172 1383 4242 (scilicet
1429 4172 1754 4240 veritatis),
1787 4172 1880 4225 sed
1925 4170 2007 4233 is,

434 4262 531 4332 qui
572 4261 675 4315 fuit
704 4262 984 4331 deceptus.
1033 4261 1114 4316 Tu
1159 4278 1289 4336 ergo
1331 4263 1588 4316 incitatus
1613 4262 1817 4326 abhis,
1855 4276 2008 4315 man-

2107 3216 2143 3284 ἡ
2169 3215 2319 3270 πᾶσα
2348 3215 2681 3286 ἐπιστροφή.

2702 3415 2946 3469 ΚΕΦΑΛ.
2980 3415 3102 3471 EA’.

2180 3529 2352 3584 Ὅταν
2395 3545 2480 3592 τις
2513 3529 2698 3593 κακῶς
2728 3546 2781 3582 τι
2825 3533 2979 3601 ποιῇ,
3088 3530 3280 3592 κακῶς
3316 3548 3379 3583 σε
3413 3530 3572 3604 λέγῃ,
3610 3533 3699 3601 μέ-

2111 3637 2285 3692 μνησο
2310 3622 2390 3674 ὅτι
2412 3620 2675 3691 καθήκειν
2692 3619 2842 3690 αὑτῷ
2863 3621 3112 3690 οἰόμενος
3142 3623 3306 3683 ποιεῖ,
3333 3621 3368 3688 ἢ
3403 3621 3560 3689 λέγει
3582 3639 3596 3650 ’
3613 3624 3697 3690 οὐχ

2106 3708 2220 3767 οἷόν
2269 3731 2331 3767 τε
2371 3709 2463 3768 οὖν
2523 3713 2836 3767 ἀκολουθεῖν
2882 3713 3047 3766 αὐτὸν
3091 3713 3168 3784 τῷ
3222 3729 3305 3766 σοι
3354 3716 3696 3784 φαινομένῳ,

2107 3804 2248 3858 ἀλλὰ
2291 3804 2368 3876 τῷ
2401 3805 2572 3876 αὐτῷ,
2613 3805 2755 3858 ὥστε
2787 3807 2835 3858 εί
2875 3805 3062 3870 κακῶς
3092 3804 3241 3874 αὐτῷ
3273 3807 3540 3873 φαίνεται
3566 3807 3697 3858 ἐκεῖ-

2109 3913 2199 3961 νος
2240 3895 2579 3966 βέϐλαπται,
2613 3897 2762 3958 ὅστις
2803 3895 2995 3967 ὥσπερ
3051 3897 3145 3949 καὶ
3185 3896 3539 3966 ἐξηπάτηται
3565 3913 3578 3926 ο
3617 3897 3700 3947 καὶ

2109 3987 2218 4059 γὰρ
2254 3989 2316 4042 τὸ
2363 3988 2564 4058 ἀληθὲς
2616 3989 3114 4059 συμπεπλεγμένον
3164 3989 3262 4040 ὲάν
3307 4006 3398 4050 τις
3458 3987 3700 4058 ὑπολάϐῃ

2108 4081 2326 4151 ψεῦδος,
2366 4082 2428 4135 οὑ
2474 4082 2535 4134 τὸ
2590 4081 3083 4150 συμπεπλεγμένον
3134 4080 3462 4150 βέϐλαπται,
3512 4081 3628 4134 ἀλλ’
3675 4082 3698 4131 ὁ

2110 4173 2496 4244 ἐξαπατηθείς.
2556 4174 2689 4227 Ἀπὸ
2731 4174 2937 4227 τούτων
2968 4173 3293 4245 ὁρμώμενος
3335 4177 3539 4245 πράως
3569 4173 3699 4237 ἔξεις

2111 4269 2247 4339 πρὸς
2274 4269 2364 4320 τὸν
2388 4268 2730 4338 λοιδοροῦντα
2759 4285 2774 4300 ⁸
2802 4268 3142 4339 ἐπιφθέγγου
3174 4269 3285 4339 γὰρ
3311 4268 3404 4339 ἐφ’
3440 4270 3690 4331 ἑκάστου,

436 4362 594 4407 sueto
637 4354 746 4408 eris
795 4353 980 4408 animo
1027 4369 1154 4424 erga
1184 4355 1611 4421 convitiantem;
1648 4353 1790 4408 unde
1843 4353 1898 4407 in
1950 4368 2000 4408 re

2149 4378 2193 4413 τι
2223 4360 2398 4427 ἔδοξεν
2427 4361 2598 4432 αὐτῷ.

437 4446 678 4517 qualibet
730 4446 996 4517 quidquid
1039 4447 1140 4518 ipsi
1193 4445 1358 4502 fuerit
1399 4447 1579 4502 visum
1625 4446 1915 4516 responde.

1002 4555 1233 4611 CAPUT
1289 4554 1447 4612 LXII.

510 4668 864 4738 Quaecunque
893 4683 981 4723 res
1011 4669 1150 4724 duas
1189 4669 1352 4725 habet
1384 4684 1569 4735 ansas,
1599 4668 1742 4724 hanc
1772 4669 2014 4739 quidem,

441 4779 565 4832 quae
609 4761 814 4832 gestari
864 4770 1073 4831 potest,
1117 4761 1347 4815 alteram
1392 4776 1555 4823 vero.
1588 4776 1711 4830 quae
1750 4759 2019 4830 portatilis

445 4867 552 4907 non
581 4860 703 4917 est;
746 4850 794 4906 si
824 4865 955 4919 ergo
989 4849 1161 4904 frater
1192 4849 1290 4904 tibi
1331 4848 1531 4904 inferat
1558 4849 1839 4918 injuriam,
1871 4849 2022 4903 illinc

447 4959 514 5000 ne
551 4940 858 5012 prehendas
894 4942 1020 5007 hoc,
1070 4941 1216 5010 quod
1251 4941 1513 4995 nimirum
1549 4939 1680 4996 fecit
1724 4940 2016 5010 injuriam;

447 5035 565 5090 haec
610 5033 754 5089 enim
811 5047 945 5087 ansa
991 5032 1110 5102 ejus
1153 5042 1271 5100 est,
1315 5048 1438 5103 quae
1488 5032 1695 5103 gestari
1754 5048 1864 5088 non
1923 5048 2022 5103 po-

448 5135 585 5193 test;
634 5141 822 5180 verum
867 5125 996 5180 inde
1045 5125 1250 5196 potius,
1301 5126 1449 5197 quod
1499 5125 1690 5191 frater,
1737 5125 1884 5197 quod
1933 5141 2024 5182 so-

447 5217 622 5283 dalis,
666 5225 722 5272 et
768 5217 874 5273 hoc
913 5217 1327 5288 apprehendes,
1372 5226 1558 5288 utpote
1592 5215 1738 5288 quod
1777 5227 1862 5273 est
1892 5232 2020 5287 por-

450 5309 620 5362 tatile.

918 5415 1082 5486 350
1117 5413 1347 5472 CAPUT
1387 5414 1566 5470 LXIII.

521 5509 911 5578 lIujuscemodi
952 5524 1235 5565 sermones
1268 5518 1397 5564 sunt
1437 5508 1727 5564 inordinati
1771 5525 1784 5561 :
1828 5509 1942 5579 Ego
1976 5519 2026 5564 te

457 5598 777 5669 locupletior
826 5616 982 5663 sum,
1035 5601 1203 5671 igitur
1240 5615 1341 5670 ego
1396 5609 1447 5655 te
1490 5600 1701 5656 melior.
1766 5600 1847 5655 Illi
1897 5618 2027 5658 vero

462 5690 634 5758 magis
662 5691 894 5747 ordinati
927 5712 938 5747 :
980 5691 1092 5764 Ego
1123 5702 1173 5749 te
1209 5694 1530 5765 locupletior
1558 5712 1573 5762 ;
1599 5711 1726 5766 ergo
1761 5712 1878 5752 mea
1906 5711 2027 5766 pos-

2700 4562 2952 4617 ΚΕΦΑΛ.
2976 4558 3094 4616 EB’.

2191 4670 2305 4722 Πᾶν
2331 4670 2568 4741 πρᾶγμα
2601 4671 2696 4725 δύο
2723 4671 2838 4743 ἔχει
2881 4672 3086 4738 λαϐὰς,
3120 4671 3220 4744 τὴν
3258 4673 3360 4744 μὲν
3397 4674 3693 4744 ἀφόρητον,

2117 4757 2218 4829 τὴν
2249 4760 2306 4814 δὲ
2339 4762 2583 4833 φορητὴν
2606 4779 2620 4794 ο
2649 4762 2744 4816 ἐὰν
2773 4758 2865 4816 οὖν
2899 4763 3125 4832 ἀδελφός
3152 4780 3210 4815 σε
3237 4763 3427 4833 ἀδικῇ,
3465 4763 3695 4816 ἐντεῦθεν

2119 4850 2254 4903 αὐτὸ
2289 4850 2364 4920 μὴ
2393 4851 2654 4923 λάμϐανε,
2676 4854 2757 4907 ’ότι
2779 4855 2974 4910 ἀδικεῖο
3011 4854 3148 4924 αὐτὴ
3180 4855 3292 4924 γὰρ
3320 4857 3354 4926 ἡ
3388 4855 3534 4925 λαϐὴ
3568 4857 3696 4907 ἔστιν

2119 4941 2286 4994 αὑτοῦ
2352 4941 2412 4994 οὐ
2488 4945 2697 5014 φορητή
2731 4960 2746 4975 ο
2855 4943 2994 4998 ἀλλὰ
3064 4944 3281 4997 ἐκεῖθεν
3354 4945 3565 5014 μᾶλλον
3625 4945 3694 4994 ὅτι

2121 5032 2366 5102 ἀδελφὸς,
2397 5036 2482 5090 ὅτι
2507 5035 2820 5108 σύντροφος,
2847 5038 2941 5091 καὶ⁵
2972 5036 3118 5109 λήψῃ
3145 5036 3282 5089 αὐτὸ
3304 5037 3450 5090 καθὸ
3481 5035 3696 5106 φόρητὸν

2123 5126 2293 5182 ἐστιν.

2693 5413 2943 5468 ΚΕΦΑΛ.
2984 5413 3096 5469 EI".

2195 5502 2352 5563 Οὗτοι
2379 5509 2428 5562 οἱ
2453 5507 2602 5576 λόγοι
2621 5505 2965 5570 ἀσύντακτοι,
2987 5503 3127 5573 Ἐγώ
3162 5522 3257 5557 σου
3285 5504 3691 5574 πλουσιώτερος.

2126 5601 2248 5671 ὲγὸΐ
2273 5603 2380 5673 ἄρα
2423 5618 2518 5654 σου
2552 5599 2831 5671 κρείττων.
2881 5596 3022 5668 Ἐγὼ
3055 5614 3151 5650 σου
3197 5596 3530 5664 λογιώτερος
3558 5640 3569 5660 ,
3599 5596 3690 5663 ἐγώ

2130 5713 2223 5749 σου
2255 5695 2361 5765 ἄρα
2401 5692 2666 5764 κρείττων
2693 5709 2707 5726 ·
2754 5691 2952 5746 ἐκεῖνοι
2984 5689 3042 5743 δὲ
3076 5689 3280 5758 μᾶλλον
3333 5692 3683 5744 συντακτικοὶ.
