3808 6226
23 298 183 365 I309

1330 307 1679 372 EPICTETI
1717 312 2105 379 MANUALE.

3186 317 3325 385 1310

24 416 200 485 Ἑγώ
229 433 345 471 σου
368 414 789 489 πλουσιώτερος.
807 416 875 471 Ἦ
897 416 1006 490 ἐμὴ
1028 418 1139 492 ἄρα
1171 420 1368 493 κτῆσις
1402 424 1668 496 κρείττων

1808 429 1948 485 essio
1980 438 2072 484 tua
2104 427 2287 499 potior
2307 437 2427 497 est;
2465 443 2568 500 ego
2596 428 2937 500 eloquentior
2972 441 3043 500 te,
3072 447 3191 487 mea
3221 449 3352 502 ergo

23 509 129 579 τῆς
191 508 344 578 σῆς.
400 508 543 578 Ἐγώ
594 526 691 563 σου
740 510 1090 584 λογιώτερος,
1135 514 1169 586 ἠ
1217 515 1327 587 ἐμὴ
1366 515 1477 587 ἄρα
1522 517 1669 582 λέξις

23 604 129 669 τῆς
191 602 320 673 σῆς
360 602 662 675 κρείσσων,
721 603 786 657 σύ
828 602 887 657 δέ
936 619 1001 673 γε
1044 603 1170 660 οὐτε
1216 609 1410 679 κτῆσις
1448 603 1500 661 εἴ
1540 606 1667 663 οὐτε

23 693 219 759 λέξις.

669 808 921 864 ΚΕΦΑΛ.
965 805 1082 864 ΞΔ’.

103 923 481 988 Λούεταίτὶς
506 922 743 995 ταχέως,
776 924 855 995 μὴ
880 924 1043 996 εἴπῃς
1069 923 1151 978 ὃτι
1179 924 1390 991 κακῶς,
1417 925 1555 981 ἀλλά
1585 926 1670 981 δτι

23 1016 313 1085 ταχέως·
355 1015 499 1070 πίνει
526 1033 615 1081 τις
655 1016 822 1069 πολὺν
846 1012 1008 1082 οῑνον,
1042 1016 1119 1089 μὴ
1145 1016 1305 1090 εἴπῃς
1342 1019 1425 1071 ὅτι
1459 1017 1668 1084 κακῶς,

25 1109 166 1162 ἀλλ’
214 1109 314 1161 ὃτι
350 1108 540 1174 πολὺν,
584 1108 754 1181 πρινὴ
789 1108 899 1180 γὰρ
945 1108 1039 1163 τοῦ
1072 1110 1276 1178 γνῶναι
1320 1111 1381 1164 τὸ
1414 1112 1669 1182 πρᾶγμα,

26 1198 229 1252 πόθεν
251 1197 475 1254 οἷσθαεί
497 1200 686 1265 κακῶς
702 1218 718 1266 ;
735 1199 924 1264 Οὕτως
938 1201 1000 1255 οὐ
1019 1199 1360 1272 συμϐήσεταί
1389 1217 1469 1253 σοι
1495 1199 1671 1255 ἄλλων

36 1288 157 1359 μὶν
214 1289 534 1360 φαντασίας
567 1290 983 1362 καταληπικάς
1015 1289 1319 1362 λαμϐάνειν
1344 1333 1359 1360 ,
1394 1290 1578 1356 ἄλλοις
1611 1291 1669 1344 δέ

38 1381 603 1452 συγκατατίθεσθαι.
1540 1394 1541 1397 ‘

668 1574 926 1631 ΚΕΦΛΛ.
958 1573 1077 1631 EE’.

127 1687 424 1761 Μηδαμοῦ
452 1689 677 1743 σεαυτὸν
711 1690 876 1762 εἴπῃς
906 1689 1220 1760 φιλόσοφον,
1259 1688 1398 1763 μηδέ
1424 1689 1578 1744 λάλει
1612 1690 1676 1744 τδ

1716 504 1717 507 η
1771 520 1942 576 dictio
1982 530 2074 575 tua
2106 520 2476 589 praestantior.
2505 518 2587 575 Tu
2622 534 2803 577 autem
2832 537 2932 578 nec
2968 527 3243 592 possessio
3270 541 3353 587 es,

1771 628 1954 684 neque
1992 613 2180 669 dictio.

2331 806 2560 866 CAPUT
2601 810 2787 866 LXIV.

1841 922 2079 979 Lavatur
2124 923 2247 993 quis
2282 925 2395 979 cito
2417 965 2433 990 ,
2466 940 2532 979 ne
2556 925 2800 989 dixeris,
2852 924 2996 994 quod
3033 924 3172 979 male
3197 964 3211 986 ,
3259 923 3351 978 sed

1772 1018 1919 1088 quod
1958 1017 2239 1084 celeriter;
2276 1017 2412 1071 bibit
2441 1016 2640 1086 aliquis
2674 1017 2906 1070 multum
2938 1016 3069 1079 vini,
3107 1032 3173 1070 ne
3196 1016 3351 1069 dixe-

1774 1108 1885 1174 ris,
1926 1108 2070 1176 quod
2105 1108 2267 1170 male,
2305 1123 2492 1162 verum
2533 1107 2677 1177 quod
2726 1107 2992 1175 multum;
3034 1110 3351 1178 priusquam

1772 1199 1917 1254 enim
1951 1214 2065 1252 rem
2118 1199 2450 1267 dignoveris,
2504 1201 2644 1255 unde
2679 1200 2787 1255 scis
2819 1200 2865 1254 si
2898 1200 3070 1253 male?
3119 1198 3210 1253 Sic
3245 1215 3353 1252 mm

1772 1290 2050 1361 continget
2082 1291 2178 1345 tibi
2226 1291 2448 1361 assequi
2494 1290 2725 1345 aliorum
2772 1291 3186 1361 imaginationes
3221 1308 3355 1344 con-

1773 1383 2124 1454 prehensioni
2160 1383 2460 1453 subjectus,
2495 1392 2589 1438 aut
2618 1384 2672 1438 in
2699 1384 2942 1439 eamdem
2971 1384 3201 1439 aliorum
3229 1400 3356 1439 sen-

1773 1478 1996 1533 tentiam
2029 1476 2382 1531 descendere.

2338 1587 2568 1645 CAPUT
2621 1587 2780 1643 LXV.

1855 1702 2057 1760 Nullibi
2107 1704 2491 1775 philosophum
2530 1704 2761 1772 teipsum
2797 1701 3000 1756 dixeris
3024 1740 3039 1765 ,
3080 1716 3181 1756 nec
3211 1700 3355 1771 apud

49 1782 206 1835 πολὺ
234 1783 301 1835 ἐν
330 1779 569 1846 ἰδιώταις
597 1783 730 1852 περὶ
756 1782 869 1835 τῶν
894 1778 1433 1855 θεωρημάτων-οἷον
1462 1785 1522 1839 ἐν
1544 1802 1682 1856 συμ-

1808 1797 2067 1866 mperitos
2118 1796 2361 1865 plebeios
2400 1796 2632 1849 multum
2683 1793 2895 1862 garrias
2927 1793 2994 1848 de
3025 1792 3354 1863 Speculatio-

54 1875 282 1945 ποσὶῳ,
338 1874 414 1946 μὴ
442 1874 570 1944 λέγε
603 1873 722 1940 πῶς
749 1875 830 1929 δεῖ
858 1875 1082 1941 ἐσθίειν,
1108 1876 1225 1931 ἀλλ’
1260 1875 1407 1929 ἔσθιε
1442 1877 1517 1940 ὡς
1547 1877 1625 1931 δει
1659 1894 1676 1910 ο

57 1968 340 2037 μέμνησο
382 1967 491 2038 γὰρ
532 1967 618 2023 ὅτι
663 1965 836 2031 οὕτως
876 1968 1258 2041 ἀφῃρήκεισαν
1302 1972 1351 2023 οἱ
1401 1969 1679 2039 φιλόσοφοι

57 2058 429 2129 πανταχόθεν
454 2058 518 2113 τὸ
548 2058 920 2114 ἐπιδεικτικὸν
958 2060 1099 2114 ὥστε
1133 2062 1371 2133 ἦρχοντο
1404 2061 1543 2132 πρὸς
1580 2063 1681 2115 αὐ-

58 2154 204 2215 τοὺς
250 2151 574 2223 βουλόμενοι
610 2153 702 2207 ὑπ’
756 2153 942 2209 αὐτῶν
986 2154 1269 2224 φιλόσοφοι
1325 2155 1679 2226 συσταθῆναι,

61 2247 331 2299 κακεῖνοι
360 2246 649 2317 ἀπήγαγον
669 2246 890 2311 αὐτούς.
915 2246 1101 2312 Οὕτως
1126 2248 1405 2320 ἠνείχοντο
1431 2246 1684 2319 παρορώ-

66 2356 271 2410 μενοι.

670 2455 927 2511 Item.
961 2452 1098 2524 Eq'.

147 2569 327 2623 Ὠστε
362 2568 469 2623 κᾶν
513 2568 643 2640 περὶ
671 2567 1032 2640 θεωρήματός
1079 2584 1226 2632 τινος
1255 2567 1473 2639 ἐμπέσῃ
1514 2567 1676 2637 λόγος

72 2660 134 2715 ἐν
166 2659 441 2724 ἰδιώταις,
473 2658 654 2714 σιώπα
702 2658 762 2713 τὸ
787 2659 947 2714 πολύ.
980 2659 1174 2728 Μέγας
1218 2659 1328 2730 γὰρ
1360 2660 1389 2712 ό
1441 2660 1688 2724 κίνδυνος

74 2753 253 2817 εὐθὺς
302 2752 499 2823 ἐμέσαι
540 2751 578 2807 ἃ.
610 2751 712 2805 οὐκ
755 2750 985 2821 ἔπεψας,
1026 2752 1122 2805 καὶ
1153 2752 1282 2805 ὅταν
1324 2751 1454 2822 εἴπῃ
1497 2752 1580 2804 σοί
1606 2768 1689 2815 τις

77 2845 162 2899 δτι
209 2844 373 2899 οὐδὲν
421 2839 618 2912 οἶσθα,
653 2843 751 2898 καὶ
784 2843 850 2896 σύ
901 2842 977 2914 μὴ
1016 2843 1263 2915 δειχθῇς·
1299 2843 1421 2896 τότε
1468 2844 1575 2898 ἴσθι
1606 2844 1689 2897 ὅτι

77 2937 233 3008 ἄρχῃ
279 2933 376 2989 τοῦ
417 2933 605 3007 ἔργου·
637 2935 762 2989 ἐπεὶ
801 2935 897 2989 καὶ
940 2936 1009 2990 τὰ
1075 2936 1329 3006 πρόϐατα
1374 2935 1435 2989 οὐ
1495 2935 1689 3007 χόρτον

82 3030 332 3101 φέροντα
353 3030 467 3093 τοῖς
482 3028 738 3100 ποιμέσιν
762 3028 1091 3083 ἐπιδεικνύει
1114 3029 1278 3082 πόσον
1306 3028 1528 3098 ἔφαγεν,
1554 3028 1690 3083 ἀλλά

1782 1890 1969 1956 nibus;
2008 1890 2175 1956 velut,
2216 1889 2269 1943 in
2296 1888 2545 1942 convivio
2574 1902 2643 1941 ne
2673 1887 2824 1941 dicas
2854 1888 3127 1957 quomodo
3168 1900 3354 1941 come-

1780 1983 1910 2038 dere
1951 1991 2187 2052 oportet,
2232 1980 2327 2036 sed
2359 1980 2582 2034 comede
2620 1985 2679 2033 ut
2725 1979 2879 2033 decet
2913 1992 3165 2032 :memor
3208 1978 3355 2032 enim

1782 2081 1920 2136 esto,
1953 2072 2099 2138 quod
2139 2070 2212 2125 ita
2249 2072 2593 2125 sustulerunt
2648 2070 3005 2139 undecunque
3038 2069 3358 2124 ostentatio-

1783 2180 1905 2220 nem
1932 2163 2263 2235 phiIOSOphi,
2284 2173 2341 2218 ut
2367 2178 2491 2218 cum
2513 2163 2578 2217 ad
2605 2162 2753 2237 ipsos
2778 2161 3098 2217 accederent
3118 2161 3209 2231 qui
3238 2162 3358 2232 phi-

1785 2256 1995 2326 losophi
2058 2256 2129 2310 ab
2171 2255 2239 2310 iis
2284 2255 2491 2309 institui
2552 2254 2827 2321 volebant,
2876 2254 2954 2309 illi
3004 2253 3357 2324 depellerent,

1787 2349 1878 2405 isti
1904 2357 2085 2402 autem
2121 2348 2195 2401 ita
2217 2345 2521 2417 perferrent
2558 2345 2806 2416 neglecti.

2355 2457 2582 2515 CAPUT
2619 2459 2802 2515 LXVI.

1858 2556 2046 2627 Itaque
2072 2554 2324 2625 quamvis
2352 2554 2493 2623 apud
2534 2553 2774 2623 plebeios
2804 2567 2987 2608 sermo
3016 2551 3266 2606 inciderit
3295 2551 3364 2607 de

1789 2651 1971 2720 aliqua
2002 2648 2397 2718 speculatione,
2442 2646 2599 2717 351
2643 2647 2743 2702 siie
2778 2656 2837 2701 ut
2867 2647 3194 2716 plurimum;
3246 2662 3365 2700 ma-

1791 2758 1957 2812 gnum
1998 2756 2193 2811 nempe
2239 2740 2539 2810 periculum
2591 2747 2675 2793 est
2714 2739 2896 2793 statim
2943 2752 3193 2791 evomere
3243 2752 3366 2806 quae

1792 2850 1900 2889 non
1952 2832 2296 2897 concoxisti;
2347 2839 2401 2884 et
2452 2829 2672 2899 quando
2723 2828 2819 2883 tibi
2860 2828 3004 2882 dicet
3052 2827 3361 2897 quispiam,

1792 2928 1936 2999 quod
1968 2925 2098 2980 nihil
2130 2925 2258 2989 scis,
2301 2931 2356 2978 et
2406 2931 2461 2977 tu
2515 2937 2621 2977 non
2667 2922 3008 2985 ostenderis,
3041 2922 3179 2975 scito
3214 2931 3365 2986 tunc,

1792 3018 1939 3089 quod
1989 3016 2316 3087 principium
2368 3014 2551 3084 operis
2598 3021 2718 3078 est;
2753 3011 3193 3082 quandoquidem
3239 3026 3369 3065 oves

83 3122 188 3193 τὴν
229 3122 408 3194 νομὴν
462 3120 572 3175 ἔσω
643 3120 915 3191 πέψαντα,
978 3121 1114 3192 ἐρίῳ
1176 3120 1282 3186 ἔξω
1349 3119 1530 3190 φέρει,
1594 3121 1684 3174 καὶ

1808 3126 1905 3165 ιιοη
1974 3109 2267 3165 ostendunt
2304 3106 2617 3176 pastoribus
2661 3114 2926 3173 quantum
2988 3103 3365 3167 comederint,

86 3213 353 3282 γάλακτι.
402 3212 514 3267 Καὶ
574 3211 638 3264 σὺ
688 3210 870 3264 τοίνυν
924 3210 1000 3283 μὴ
1047 3210 1117 3264 τὰ
1184 3210 1523 3281 θεωρήματα
1575 3212 1690 3272 τοῖς

94 3304 347 3370 ἰδιώταις
387 3302 737 3370 ἐπιδείκνυε,
777 3301 915 3357 ἀλλά
954 3301 1025 3357 τά
1061 3301 1159 3356 ἀπ’
1190 3301 1374 3357 αὐτῶν
1414 3300 1691 3370 πεφθέντα

94 3399 265 3469 ἔργα.

710 3686 960 3740 ΚΕΦΑΛ.
994 3682 1112 3743 ΞΖ’.

180 3786 359 3840 Ὅταν
381 3782 616 3847 εὐτελῶς
650 3777 701 3836 εἶ
724 3781 1073 3853 ἡρμοσμένος
1107 3779 1175 3834 τὰ
1218 3779 1363 3835 κατά
1401 3780 1583 3852 σῶμα’
1622 3782 1696 3854 μὴ

111 3876 458 3942 καλλωπίζου
491 3877 584 3930 ἐπὶ
623 3874 819 3944 τούτῳ.
854 3872 994 3942 Μηδ⁹
1034 3871 1102 3926 ἂν
1135 3870 1281 3943 ὕδωρ
1307 3872 1469 3944 πίνῃς
1495 3874 1560 3926 ἐκ
1589 3872 1696 3926 πά·-

113 3989 214 4044 σης
249 3970 508 4042 ἀφορμῆς
551 3968 698 4037 λέγε,
734 3967 817 4020 ὅτι
867 3964 1013 4035 ὕδωρ
1060 3964 1259 4028 πίνεις,
1307 3963 1410 4018 κᾶν
1460 3965 1700 4034 ἀσκῆσαι

114 4080 245 4117 ποτε
276 4061 410 4133 πρὸς
454 4059 615 4114 πόνον
649 4057 880 4128 θελήσῃς
922 4052 1136 4123 σεαυτῷ
1164 4053 1262 4108 καὶ
1305 4055 1381 4125 μὴ
1412 4058 1528 4117 τοῖς
1572 4055 1698 4121 ἔξω.

113 4157 206 4227 Μὴ
232 4157 361 4218 τοὺς
393 4151 715 4225 ἀνδριάντας
743 4145 1119 4219 περιλάμϐανε
1138 4185 1154 4209 ,
1188 4145 1325 4199 ἀλλά
1355 4145 1525 4216 διψῶν
1567 4163 1701 4199 ποτε

118 4245 387 4317 σφοδρῶς,
440 4244 743 4298 ἐπίσπασαι
779 4236 985 4311 ψυχροῦ
1026 4235 1243 4302 ὓδατος,
1286 4237 1383 4293 καὶ
1407 4238 1700 4306 ἔκπτυσον,

118 4341 215 4395 καὶ
244 4340 435 4412 μηδενὶ
464 4338 648 4409 εἴπῃς.

704 4540 957 4595 ΚΕΦΑΛ.
993 4538 1122 4592 ΞΗ’.

205 4631 441 4687 ’ἰδιώτου
480 4630 689 4693 στάσις,
730 4628 823 4683 καὶ
850 4627 1160 4700 χαρακτὴρ,
1198 4622 1457 4694 οὐδεμίαν
1488 4623 1620 4674 ποτέ
1647 4617 1708 4684 ἐξ

127 4726 319 4780 ἑαυτοῦ
353 4723 631 4795 προσδοκᾷ
658 4720 924 4791 ὠφέλειαν
945 4762 961 4787 ,
990 4720 1024 4792 ἢ
1064 4717 1293 4790 βλάϐην,
1323 4715 1440 4770 ἀλλ’
1472 4713 1581 4768 ἀπὸ
1597 4711 1708 4765 τῶν

128 4817 253 4882 ἔξω.
294 4814 590 4884 Φιλοσόφου
637 4812 847 4875 στάσις,
876 4809 972 4865 καὶ
1002 4808 1292 4881 χαρακτὴρ
1341 4806 1525 4860 πᾶσαν
1564 4799 1709 4871 ὠφέ-

128 4908 298 4977 λειαν,
328 4907 426 4962 καὶ¹
460 4905 687 4977 βλάϐην,
712 4901 772 4969 ἐξ
800 4902 994 4956 ἐαυτοῦ
1027 4899 1323 4974 προσδοκᾷ.

712 5100 966 5155 ΚΕΦΑΛ.
1000 5097 1119 5154 ΞΘ¹.

200 5200 442 5270 Σημεῖόν
486 5194 892 5269 προκόπτοντος
940 5193 1136 5247 οὐδένα
1172 5190 1334 5261 ψέγει
1381 5187 1710 5260 προχείρως,

137 5292 326 5347 οὐδένα
351 5290 646 5363 μέμφεται,
667 5286 843 5341 οὐδενὶ
863 5285 1107 5355 ἐγκαλεῖ,
1129 5284 1230 5338 κάν
1259 5299 1345 5346 τις
1371 5281 1533 5335 αὐτὸν
1552 5282 1713 5334 ἐπαι-

140 5388 224 5457 νῇ,
268 5382 544 5454 καταγελᾷ
586 5378 681 5436 τοῦ
725 5378 1078 5443 ἐπαινοῦντος
1114 5377 1278 5432 αὐτὸν
1327 5374 1459 5446 παρ’
1500 5371 1677 5443 ἐαυτῷ
1696 5412 1713 5438 ,

143 5479 239 5533 κάν
268 5478 412 5550 ψέγῃ
437 5477 541 5530 οὐκ
583 5473 958 5542 ἀπολογεῖται.
989 5471 1235 5543 Περίεισι
1276 5469 1335 5523 δέ
1377 5467 1632 5539 καθάπερ
1665 5469 1715 5520 οἱ

144 5565 817 5642 ἄρρωστοι-εὐλαϐούμενοί
845 5583 898 5621 τι
922 5564 1144 5636 κινῆσαι
1164 5562 1274 5618 τῶν
1296 5559 1716 5631 καθισταμένων

67 5658 79 5689 λ
149 5663 273 5733 πρὶν
302 5661 462 5731 πῆξιν
491 5656 701 5714 λαϐεῖν.

1792 3201 2016 3256 herbam
2052 3197 2412 3269 proferentes,
2444 3197 2538 3253 sed
2585 3196 2727 3262 lana,
2777 3211 2841 3251 ac
2889 3196 3028 3249 lacte
3062 3195 3371 3265 producunt

1792 3293 1929 3348 foris
1961 3290 2219 3362 pabulum
2246 3328 2261 3354 ,
2308 3304 2434 3343 cum
2482 3289 2629 3343 intus
2670 3287 3043 3343 concoxerint.
3083 3287 3272 3355 Itaque
3312 3295 3369 3340 tu

1795 3399 2020 3454 quoque
2060 3397 2130 3436 ne
2160 3382 2269 3436 cito
2319 3379 2587 3451 imperitis
2635 3378 3036 3449 speculationes
3084 3377 3369 3443 exhibeas,

1794 3474 1888 3530 sed
1944 3488 2111 3545 opera
2153 3472 2222 3527 ab
2268 3470 2336 3527 iis
2386 3469 2630 3541 (scilicet
2680 3467 3177 3539 speculationibus)
3231 3480 3371 3522 con-

1795 3572 1969 3621 cocta.

2344 3671 2576 3731 CAPUT
2614 3668 2824 3727 LXVII.

1869 3767 2102 3836 Quando
2140 3764 2375 3822 tenuiter
2412 3764 2684 3835 aptaveris
2725 3778 2825 3827 ea,
2884 3775 3007 3831 quae
3052 3758 3120 3815 ad
3172 3772 3370 3828 corpus

1797 3863 2089 3935 pertinent,
2115 3875 2184 3915 nc
2228 3857 2477 3928 glorieris
2518 3870 2682 3925 super
2730 3855 2868 3920 hoc;
2903 3863 2953 3907 et
2988 3850 3036 3906 si
3081 3867 3145 3905 ex
3178 3851 3371 3921 quavis

1799 3952 2090 4009 occasione
2130 3965 2328 4019 aquam
2361 3948 2539 4010 bibas,
2571 3960 2638 4000 ne
2668 3944 2839 4007 dicas,
2872 3943 3017 4013 quod
3064 3957 3260 4012 aquam
3291 3940 3373 3996 bi-

1801 4039 1924 4104 bis;
1956 4051 2194 4106 cumque
2226 4035 2294 4089 ad
2324 4034 2539 4089 labores
2573 4032 2813 4087 exerceri
2836 4032 3094 4096 volueris,
3126 4031 3218 4085 tibi
3247 4030 3373 4101 ipsi,

1801 4139 1855 4185 et
1893 4143 2002 4183 non
2039 4128 2167 4194 his,
2216 4126 2309 4196 qui
2367 4136 2494 4181 sunt
2540 4125 2781 4180 exterius
2816 4125 2867 4179 id
2906 4134 3093 4179 notum
3141 4124 3255 4191 fac;
3307 4139 3377 4179 ne

1804 4222 2152 4293 amplectaris
2204 4230 2454 4286 statuas,
2508 4218 2604 4275 sed
2653 4221 2977 4290 quandoque
3030 4218 3379 4273 vehementer

1805 4315 2021 4380 sitiens,
2066 4312 2225 4368 hauri
2262 4311 2513 4383 frigidam
2555 4325 2775 4381 aquam,
2805 4319 2860 4365 et
2898 4325 3095 4382 expue,
3142 4308 3379 4364 nemini-

1806 4422 1915 4479 que
1952 4406 2178 4463 dixeris.

2341 4514 2567 4572 CAPUT
2605 4514 2834 4570 LXVIII.

1878 4609 2104 4675 Plebeii,
2135 4610 2256 4666 sive
2286 4608 2522 4679 imperiti
2556 4618 2750 4673 status,
2769 4617 2824 4663 et
2862 4616 2990 4663 nota
3017 4607 3249 4663 :nullam
3278 4625 3382 4663 un-

1809 4719 1974 4775 quam
2021 4718 2087 4758 ex
2124 4703 2307 4771 seipso
2341 4707 2624 4771 exspectat
2655 4699 2943 4755 utilitatem
2968 4738 2985 4764 ,
3020 4708 3114 4754 aut
3158 4716 3382 4765 noxam,

1810 4796 1906 4853 sed
1940 4794 2008 4849 ab
2046 4793 2157 4858 his,
2194 4807 2317 4863 quae
2356 4801 2487 4847 sunt
2520 4800 2695 4846 extra.
2742 4791 3066 4863 Philosophi
3099 4790 3343 4847 conditio
3368 4832 3385 4859 ,

1810 4898 1866 4944 et
1894 4887 2157 4943 indicium
2213 4901 2432 4942 omnem
2467 4886 2774 4952 utilitatem,
2813 4894 2867 4941 et
2908 4900 3107 4940 noxam
3143 4900 3174 4940 a
3204 4884 3389 4955 seipso

1810 4986 2109 5050 exspectat.

2367 5088 2600 5145 CAPUT
2640 5086 2827 5144 LXIX.

1885 5184 2111 5255 Signum
2142 5182 2476 5251 proiicientis
2512 5183 2823 5237 :neminem
2860 5181 3210 5253 reprehendit
3256 5196 3392 5237 con~

1815 5277 2034 5342 testim,
2083 5274 2350 5329 neminem
2395 5273 2599 5338 laudat,
2639 5272 2705 5327 de
2746 5273 2965 5328 nemine
3001 5273 3388 5342 conqueritur,

1816 5377 2039 5426 accusat
2074 5366 2386 5433 neminem;
2421 5374 2475 5420 et
2505 5366 2549 5420 si
2592 5364 2717 5436 quis
2749 5365 2928 5435 ipsum
2965 5364 3205 5419 dilaudet
3227 5403 3243 5429 ,
3294 5366 3392 5418 de-

1816 5463 1956 5520 ridet
1985 5460 2146 5532 352
2177 5459 2319 5530 apud
2357 5460 2599 5528 seipsum
2641 5457 3060 5521 diiaudatorem,
3097 5466 3153 5512 et
3191 5458 3236 5513 si
3269 5458 3394 5527 quis

1817 5551 2201 5623 reprehendat,
2234 5565 2341 5603 non
2377 5564 2436 5604 se
2457 5548 2736 5614 defendit;
2765 5548 3021 5603 circumit
3043 5563 3171 5602 vero
3198 5564 3393 5618 quem-

1820 5644 2114 5700 admodum
2158 5641 2384 5706 iulirmi,
2440 5641 2536 5711 qui
2587 5650 2783 5697 cavent
2818 5657 2887 5696 ne
2934 5640 3063 5711 quid
3114 5640 3390 5695 stabilium

1819 5744 2216 5803 commoveant,
2253 5744 2541 5805 antequam
2583 5742 2869 5792 resumant-
2902 5734 3248 5790 soliditatem.
