3808 6226
438 310 571 376 ῒ311

991 418 1221 476 CAPUT
1271 419 1434 476 LXX.

500 525 657 591 Quod
689 525 734 581 si
763 526 887 595 quis
912 526 979 580 de
1004 536 1055 581 te
1093 529 1220 597 quid
1262 529 1483 598 dixerit,
1533 546 1601 587 ne
1647 530 1928 599 advertas;
1958 531 2013 586 id

432 620 580 674 enim
622 620 865 673 nondum
901 628 982 674 est
1022 630 1195 674 luunt.
2012 612 2013 615 I

990 736 1221 794 CAPUT
1271 736 1459 793 LXXI.

509 844 808 915 Quousque
852 845 1067 899 tandem
1116 846 1488 915 procrastinas
1534 846 1757 916 optimis
1793 845 2016 916 quibus-

438 950 545 1005 que
606 933 826 1004 dignum
891 934 1120 1002 teipsum
1194 934 1495 1000 exhibere,
1568 949 1634 989 ac
1704 934 2015 989 nullatenus

440 1043 757 1101 sermonem.
829 1027 1177 1097 prmtergredi
1248 1026 1675 1095 explanantem?
1744 1026 2015 1096 Accepisti

440 1122 882 1193 speculationes,
942 1120 1218 1190 quomodo
1268 1119 1528 1173 nimirum
1597 1126 1873 1188 Oporteret
1921 1134 2016 1175 eas

442 1214 713 1268 intellectu
765 1213 1006 1282 assequi,
1056 1227 1148 1266 eas
1184 1219 1468 1266 assecutus
1510 1224 1617 1265 es:
1654 1211 1870 1281 qualem
1917 1210 2017 1265 ad-

442 1304 549 1359 huc
599 1303 877 1358 doctorem
932 1309 1259 1370 exspectas,
1312 1308 1373 1355 ut
1433 1301 1488 1353 in
1552 1301 1643 1354 illo
1714 1299 1792 1353 tui
1846 1299 2019 1368 ipsius

440 1396 833 1452 correctionem
888 1395 1165 1464 reponas?
1196 1391 1315 1448 Non
1361 1393 1658 1447 etiamnum
1703 1392 2020 1447 adolescen-

444 1487 591 1541 tulus
645 1500 742 1553 es,
789 1486 883 1541 sed
932 1488 1016 1539 vir
1041 1485 1154 1555 jam
1212 1494 1370 1538 aetate
1418 1481 1685 1553 perfecta;
1745 1483 1928 1552 itaque
1971 1482 2018 1537 si

442 1578 769 1648 neglexeris,
817 1589 870 1633 et
917 1577 1070 1647 piger
1105 1578 1204 1638 sis,
1250 1585 1304 1630 et
1347 1590 1563 1646 semper
1614 1574 1785 1630 facias
1820 1589 2020 1644 propo-

446 1672 612 1727 situm
649 1684 713 1724 ex
765 1672 1067 1740 proposito,
1111 1679 1274 1737 atque
1320 1667 1457 1722 alios
1503 1666 1623 1722 dies
1676 1682 1841 1736 super
1882 1667 2021 1722 alios

1906 314 2208 381 SPURIA.

3587 322 3720 387 I312

2707 426 2961 483 ΚΕΦᾹΔ.
3012 430 3089 483 0'.

2185 539 2306 591 Ὀτι
2338 537 2383 592 δ’
2415 538 2480 592 ἂν
2511 540 2609 611 ὲρῇ
2633 557 2717 603 τις
2746 542 2873 614 περὶ
2896 541 3014 610 σοῦ,
3046 543 3123 615 μὴ
3153 540 3536 616 ἐπιστρέφου,
3560 545 3717 596 τοῦτ

2114 630 2224 701 γὰρ
2254 631 2354 684 οὐκ
2383 630 2463 683 ἔτι
2492 630 2581 685 σόν
2608 634 2777 687 ἐστιν.

2697 748 2947 801 ΚΕΦΑΛ.
2978 748 3103 801 OA’.

2186 858 2282 920 Εἰς
2311 859 2465 911 ποῖον
2510 858 2592 913 ἐτι
2624 859 2819 931 χρόνον
2848 861 3121 933 ἀναϐάλλῃ
3162 861 3228 915 τὸ
3268 861 3382 917 τῶν
3413 862 3713 933 βελτίστας*

2115 946 2302 1012 ἀξιοῦν
2330 947 2522 1001 ἑαυτὸν
2539 951 2633 1003 καὶ
2656 952 2712 1003 ὲν
2734 950 2911 1004 οὐδενὶ
2939 953 3297 1023 παραϐαίνειν
3323 952 3419 1009 τὸν
3448 953 3709 1022 διαιροῦν

2115 1058 2185 1095 τα
2210 1041 2389 1109 λόγον;
2430 1041 2785 1112 Παρείληφας
2818 1042 2888 1096 τὰ
2918 1042 3275 1114 θεωρήματα,
3311 1037 3397 1107 οἷς
3434 1043 3557 1097 ἔδει
3587 1061 3707 1113 cui;

2117 1132 2358 1199 ϐάλλειν,
2399 1133 2807 1206 συμϐέϐληκας,
2843 1139 2992 1189 ποῖον
3014 1136 3341 1191 διδάσκαλον
3375 1136 3721 1207 προσδοκᾷς.

2118 1225 2207 1277 ἵνα
2226 1225 2305 1289 εἰς
2325 1225 2531 1280 ἐκεῖνον
2549 1227 2792 1298 ὑπερθῇς
2811 1226 2910 1297 τὴν
2927 1227 3301 1300 ἐπανόρθωσιν
3323 1229 3427 1299 τὴν
3451 1227 3725 1291 σεαυτοῦ;

2119 1314 2233 1368 Οὐκ
2261 1314 2341 1369 ἔτι
2386 1310 2439 1368 εἴ
2476 1317 2792 1386 μειράκιον.
2823 1316 2959 1370 ἀλλὰ
2984 1318 3123 1388 ἀνὴρ
3164 1317 3266 1388 ἤδη
3297 1317 3549 1383 τέλειος.
3596 1317 3715 1369 Ὲὲι

2118 1404 2211 1461 οὖν
2243 1407 2543 1482 ἀμελήσῃς,
2573 1407 2666 1461 καὶ
2700 1407 3046 1480 ρᾳθυμήσῃς,
3075 1410 3170 1462 καὶ
3204 1410 3292 1463 ἀεὶ
3323 1410 3632 1481 προθέσεις
3664 1411 3724 1461 ὲγ

2120 1498 2435 1569 προθέσεως
2464 1503 2625 1571 ποιῇς
2656 1502 2750 1555 καὶ
2786 1502 3001 1572 ἡμέρας
3037 1501 3201 1565 ἄλλας
3247 1501 3336 1554 ἐπ’
3374 1501 3581 1564 ἄλλαις
3616 1501 3723 1572 δρία

2122 1589 2235 1653 ζεις
2283 1588 2401 1659 μεθ’
2442 1589 2507 1655 ἃς
2553 1591 2827 1663 προσέχῃς
2874 1589 3104 1660 σεαυτῷ,
3162 1590 3351 1661 λήσεις
3393 1590 3634 1643 σεαυτὸν
3665 1590 3723 1641 οὐ

2122 1680 2428 1751 προκόψας,
2470 1681 2586 1736 ἀλλ’
2639 1683 2855 1753 ἰδιώτης
2892 1682 3245 1747 διατελέσεις,
3302 1683 3402 1736 καὶ
3447 1681 3595 1747 ζῶν,
3636 1684 3727 1735 καὶ

443 1761 762 1832 przeliuieris
788 1802 803 1825 ,
846 1770 968 1830 post
1015 1776 1152 1830 quos
1198 1761 1293 1815 tibi
1329 1761 1431 1829 ipsi
1481 1759 1768 1827 attendas,
1820 1759 2017 1815 latebis
2048 1784 2081 1840 Β

2191 1772 2496 1844 τοθνήσκων.
2537 1775 2674 1844 Ἤδη
2709 1770 2804 1827 οὗν
2835 1774 3058 1827 σεαυτὸν
3081 1772 3303 1827 ὲκϐιοῦν
3338 1773 3497 1838 ἔθιζε
3528 1772 3607 1835 ὡς
3636 1773 3727 1824 τέ-

444 1854 701 1921 teipsum,
744 1853 897 1907 nullo
935 1870 962 1905 ιι
1004 1862 1057 1907 te
1100 1867 1393 1922 progressu
1437 1850 1604 1916 facto,
1647 1851 1740 1907 sed
1789 1866 1933 1907 unus
1983 1866 2014 1907 ο

2191 1880 2279 1927 ιον,
2311 1862 2386 1926 ὡς
2421 1865 2823 1934 προκόπτοντα,
2854 1866 2949 1918 καὶ
2982 1867 3093 1918 πᾶν
3118 1864 3181 1919 τὸ
3206 1864 3503 1935 βέλτιστον
3538 1864 3729 1933 φαινέ-

445 1945 600 2016 plebe
633 1946 839 2009 vivens,
869 1953 1034 2014 atque
1067 1945 1308 2000 moriens
1346 1945 1613 2011 exsistes;
1662 1958 1810 1998 nunc
1850 1943 2015 2012 igitur

2194 1972 2285 2008 νον
2324 1955 2467 2009 ἔστω
2493 1973 2575 2010 σοι
2621 1958 2789 2028 νόμος
2812 1959 3168 2030 ἀπαράϐατος
3189 2000 3205 2023 ,
3235 1958 3339 2011 κᾶν
3374 1958 3655 2011 ἐπιπονόν
3680 1974 3730 2009 τι

446 2035 773 2092 assuefacito
802 2037 1034 2107 teipsum
1069 2039 1143 2091 ita
1184 2037 1342 2092 vitam
1373 2037 1589 2108 degere,
1620 2044 1679 2093 ut
1720 2036 2014 2107 perfectus,

2204 2048 2259 2100 ετ
2282 2065 2336 2101 τι
2361 2048 2458 2119 ἡδὺ
2497 2048 2530 2119 ἢ
2560 2048 2790 2115 ἔνδοξον,
2814 2050 2847 2122 ἦ
2877 2050 3065 2116 ἄδοξον
3088 2050 3444 2123 προσάγηται
3497 2068 3586 2103 σε.
3620 2052 3730 2104 Μέ·

447 2138 509 2181 ιιι
556 2129 886 2198 proliciens,
933 2136 986 2183 et
1027 2130 1291 2199 quidquid
1324 2131 1587 2199 optimum
1636 2144 1758 2185 esse
1807 2129 2021 2183 videtur

2191 2157 2296 2210 quo
2317 2140 2401 2193 ὅτι
2421 2139 2519 2193 νῦν
2545 2144 2574 2195 ὁ
2605 2140 2775 2211 ἁγὼν,
2808 2144 2907 2196 καὶ
2927 2145 3010 2197 ὅτι
3039 2144 3140 2214 ἤδη
3166 2144 3408 2215 πάρεστι
3436 2143 3514 2195 τὰ
3531 2142 3730 2211 Ὀλύμ-

440 2221 517 2276 sit
540 2221 634 2274 tibi
660 2222 746 2293 lex
774 2221 1121 2287 inviolabilis,
1161 2234 1214 2276 et
1251 2222 1294 2276 si
1317 2222 1649 2276 laboriosum
1674 2221 1777 2287 sit;
1807 2222 1851 2275 si
1891 2220 2023 2290 quid

2191 2250 2238 2296 α,
2282 2234 2377 2286 καὶ
2415 2235 2516 2288 οὐκ
2562 2234 2710 2289 ἔστιν
2748 2235 3155 2289 ἀναϐάλλεσθαι
3196 2236 3303 2290 οὐκ
3349 2237 3459 2300 ἔτι,
3514 2234 3614 2287 καὶ
3650 2236 3728 2287 ὅτι

444 2327 629 2375 suave,
654 2313 696 2366 si
725 2312 854 2381 quid
874 2312 1194 2382 gloriosum,
1210 2321 1305 2367 aut
1327 2312 1754 2383 ignominiosum
1773 2312 1871 2366 tibi
1896 2326 2025 2381 pro-

2191 2324 2274 2396 ιρὰ
2308 2325 2440 2396 μίαν
2490 2320 2660 2397 ἧτταν
2704 2328 2802 2381 καὶ
2830 2326 3033 2382 ἔνδοσιν
3058 2370 3073 2392 ,
3110 2329 3203 2381 καὶ
3243 2327 3561 2380 ἀπόλλυται
3596 2343 3728 2396 προ-

444 2415 701 2473 ponalur,
731 2414 1020 2468 memento,
1046 2405 1190 2473 quod
1218 2420 1361 2459 nunc
1377 2413 1652 2460 certamen
1673 2412 1852 2468 est,et
1879 2405 2024 2473 quod

2192 2416 2289 2487 πὴ,
2333 2418 2428 2471 καὶ
2471 2418 2724 2483 σώζεται.
2781 2420 2896 2473 Καὶ
2945 2419 3161 2483 Παῦλος
3216 2419 3368 2472 οὕτω
3415 2418 3725 2471 διετέλεσεν

443 2513 590 2553 nunc
638 2499 846 2553 instant
896 2497 1169 2573 Olympia,
1213 2511 1424 2567 necque
1490 2497 1761 2552 ullatenus
1800 2496 2016 2552 diﬂerre

2191 2510 2217 2561 εὶ
2239 2509 2456 2565 πάντων
2497 2512 2755 2581 προάγων
2784 2512 2975 2565 ἑαυτὸν
3018 2512 3212 2581 μηδενὶ
3242 2510 3396 2580 ἄλλῳ
3437 2510 3732 2581 προσέχειν

446 2590 592 2657 licet,
628 2601 681 2645 et
708 2590 852 2660 quod
884 2606 977 2660 per
1016 2606 1178 2644 uuam
1218 2590 1449 2655 cladem,
1493 2598 1548 2644 et
1594 2589 2015 2653 remissionem,

2191 2597 2265 2669 τῷ
2287 2598 2450 2669 λόγῳ·
2476 2602 2540 2655 σὺ
2561 2601 2617 2654 δὲ
2648 2602 2742 2655 καὶ
2772 2602 2821 2654 εἰ
2857 2602 3026 2672 μήπω
3062 2601 3273 2664 Παῦλος
3296 2596 3373 2667 εἴ,
3403 2600 3483 2663 ὡς
3522 2599 3731 2661 Παῦλος

445 2690 494 2732 et
537 2682 676 2749 perit
729 2696 1048 2750 progressus
1074 2719 1089 2744 ,
1155 2689 1207 2735 et
1242 2681 1503 2735 salvatur.
1558 2678 1764 2736 Paulus
1801 2696 2020 2751 quoque

2191 2708 2267 2744 lat.
2297 2691 2622 2764 βουλόμενος
2664 2694 2906 2765 ὀφείλεις
2937 2694 3111 2766 βιοῦν.

444 2770 605 2843 353
666 2774 747 2828 sic
794 2773 1020 2841 peregit,
1063 2772 1115 2825 in
1186 2774 1443 2829 omnibus
1505 2775 1744 2843 seipsum
1793 2776 2057 2843 incitans,
2103 2792 2164 2836 ut
2218 2787 2352 2841 nulli
2401 2789 2495 2843 alii
2537 2791 2614 2844 rei
2663 2790 2943 2855 intendat,
2990 2803 3155 2859 quam
3204 2786 3403 2842 verba
3450 2784 3539 2840 τιι
3586 2798 3731 2840 γεω.

440 2863 548 2915 etsi
600 2862 843 2916 nondum
887 2863 964 2918 sis
1012 2862 1233 2926 Paulus,
1282 2864 1448 2918 debes
1502 2864 1575 2917 ita
1623 2864 1825 2930 vivere,
1867 2880 1932 2919 ac
1982 2866 2028 2919 si
2067 2873 2307 2933 volueris
2353 2892 2475 2934 esse
2515 2879 2740 2937 Paulus.

994 2977 1222 3034 CAPUT
1263 2977 1474 3033 LXXII.
2053 2972 2081 3028 ε

2710 2994 2963 3048 ΚΕΦΑΛ.
3012 2992 3135 3049 OB'.

518 3090 706 3146 Potest
736 3091 954 3161 quidem
990 3090 1115 3161 quis
1151 3107 1235 3146 me
1286 3091 1555 3159 occidere,
1610 3090 1810 3147 laedere
1843 3102 2026 3148 autem

2220 3105 2566 3160 Ἀποκτεῖναι
2588 3105 2689 3176 μὲν
2723 3104 2807 3170 τίς
2837 3123 2906 3176 με
2934 3104 3185 3169 δύναται,
3230 3100 3447 3174 βλάψαι
3496 3101 3559 3155 δὲ
3581 3098 3665 3155 οὗ.

446 3186 697 3241 minime.

995 3298 1222 3356 CAPUT
1254 3295 1485 3353 LXXIII.

2726 3299 2979 3354 ΚΕΦΑΔ.
3007 3300 3126 3355 Ol".

526 3413 789 3486 Praecepit
819 3416 960 3471 enim
982 3414 1263 3482 Dominus,
1298 3425 1359 3470 ut
1396 3431 1514 3479 eos,
1543 3415 1636 3485 qui
1665 3430 1772 3470 non
1805 3421 2036 3484 possunt

2213 3412 2559 3483 Παρήγγειλε
2586 3412 2697 3484 γὰρ
2729 3415 2758 3467 ὁ
2793 3412 2999 3483 Κύριος
3030 3414 3107 3483 μὴ
3141 3412 3488 3483 δυναμένους
3539 3413 3725 3483 βλάψαι

455 3508 670 3575 laedere,
720 3524 831 3563 non
870 3508 1158 3564 timeamus
1183 3549 1197 3573 ,
1243 3508 1432 3562 dicens
1470 3525 1485 3562 :
1525 3524 1545 3561 ι
1584 3504 1661 3561 Ne
1695 3506 1931 3562 timeatis
1969 3507 2038 3561 ab

2191 3506 2222 3576 ὴ
2262 3506 2544 3574 φοϐεῖσθαι
2572 3506 2771 3575 λέγων,
2815 3526 2835 3558 ι
2871 3507 2964 3576 Μὴ
2995 3506 3273 3575 φοϐηθῆτε
3298 3507 3415 3560 ἀπὸ
3459 3507 3575 3560 τῶν
3600 3508 3725 3560 ἀπο-

456 3600 568 3665 IIIS,
600 3601 690 3669 qui
716 3601 973 3655 occidunt
996 3616 1218 3669 corpus,
1244 3601 1484 3654 animam
1512 3614 1642 3654 vero
1664 3614 1771 3654 non
1803 3606 2040 3668 possunt

2191 3599 2460 3654 ιεινόντων
2499 3600 2562 3653 τὸ
2607 3600 2787 3669 σῶμα,
2828 3598 2924 3669 τὴν
2972 3599 3029 3651 δὲ
3061 3598 3245 3670 ψυχὴν
3296 3600 3379 3670 μὴ
3420 3599 3724 3669 δυναμένων

459 3694 749 3760 occidere;
797 3694 984 3748 timete
1031 3708 1162 3747 vero
1209 3693 1383 3763 magis
1425 3708 1572 3751 eum.
1624 3692 1718 3762 qui
1776 3700 1955 3761 potest
1989 3699 2045 3746 et

2191 3694 2481 3757 ποκτεῖναι,
2521 3690 2799 3763 φοϐήθητε
2840 3690 2896 3744 δὲ
2942 3691 3144 3760 μᾶλλον
3176 3691 3273 3744 τὸν
3306 3691 3620 3760 δυνάμενον
3644 3688 3724 3741 καὶ

460 3786 725 3853 animam,
759 3797 815 3842 et
862 3803 1062 3856 corpus
1107 3787 1335 3856 perdere
1385 3785 1440 3840 in
1491 3786 1737 3856 gehenna
1767 3784 1835 3839 ”.
1885 3802 1905 3837 ι
1941 3784 2044 3854 ipsi

2191 3784 2336 3854 υχὴν,
2361 3786 2457 3838 καὶ
2485 3783 2644 3854 σῶμα
2670 3782 2933 3836 ἀπολέσαι
2962 3784 3020 3835 ἐν
3048 3782 3267 3855 γεέννῃ,
3294 3800 3315 3834 ι
3342 3782 3515 3853 Αὐτῷ
3542 3784 3578 3853 ἡ
3604 3778 3718 3843 δέει

457 3878 630 3948 gloria
672 3878 726 3933 in
758 3880 976 3935 saacula.
1012 3880 1205 3953 Amen.

2191 3892 2223 3938 ης
2265 3876 2390 3938 τοὺς
2429 3872 2657 3937 αἰῶνας.
2702 3873 2896 3944 Ἀμήν.

1285 4255 1798 4346 ΔΕΗΓΗΣΙΣ
1825 4253 2055 4339 ΤΟΥ
2098 4250 2440 4338 ΑΓΙΟΥ
2496 4250 2920 4338 ΝΕΙΛΟΥ

466 4444 604 4514 Περὶ
632 4442 847 4512 Πάχων
871 4441 1139 4511 πόλεμον
1167 4440 1457 4514 πορνικρν
1472 4436 1819 4514 πάσχοντος
1972 4432 2533 4514 νιξιᾱιντοςέἝτε-ροι
2564 4432 2961 4514 δὲ-ξέγουσιν,
2980 4427 3137 4488 εἶναι
3158 4432 3271 4489 τοῦ
3303 4434 3626 4505 Ἐυατριου
3659 4404 3722 4505 (II

1382 4503 1734 4579 ὀμοίωρὸιαὶ
1770 4510 1801 4560 ό
1825 4508 1954 4577 μετ’
1985 4504 2183 4572 αὐτὴν
2217 4503 2580 4575 δογματικός
2611 4504 2811 4574 λόγος.

2046 4684 2116 4697 —

1508 4822 2026 4903 NARRATIO
2088 4821 2170 4898 S.
2227 4820 2311 4897 P.
2355 4821 2422 4900 N
2470 4816 2692 4898 NILI

465 5006 633 5080 335
661 5006 733 5061 De
759 4983 969 5060 ΡαὲΙιοιι
992 5006 1218 5074 patiente
1239 5002 1429 5058 bellum
1450 5000 1822 5080 meretricium,
1846 5007 1894 5053 et
1913 4998 2169 5052 vincente.
2196 4997 2305 5080 Atii
2325 4996 2641 5080 vero_dicunt
2665 4996 2879 5069 Evagrii
2909 5011 3039 5064 esse,
3070 5004 3128 5051 ut
3154 4997 3321 5052 etiam
3338 4999 3600 5069 eum,qu
3621 4998 3722 5052 ub-

1620 5072 1875 5140 sequt'tur,
1902 5083 2193 5123 sermonem
2220 5069 2607 5140 dogmaticum.

1129 5359 1361 5419 CAPUT
1399 5360 1441 5418 I.

550 5479 799 5550 Contigit
840 5476 1155 5547 aliquando,
1174 5483 1236 5530 ut
1256 5474 1471 5531 feminae
1488 5474 1924 5544 concupiscentia
1940 5487 2058 5527 mo-

478 5572 614 5626 lesta
637 5570 770 5625 mihi
787 5577 950 5634 esset,
968 5583 1033 5624 ac
1053 5577 1165 5623 tum
1189 5568 1242 5623 in
1265 5568 1833 5639 cogitationibus,tum
1856 5566 1911 5619 in
1964 5581 2063 5620 no—

2718 5352 2971 5411 ΚΕΦΔΛ.
3012 5352 3092 5408 Δ’.

2231 5467 2437 5543 Συνέϐη
2494 5467 2626 5523 ποτὲ
2669 5467 2967 5540 ὀχληθῆναι
3020 5482 3090 5537 με
3140 5463 3416 5538 ἐπιθυμίᾳ
3469 5464 3725 5536 γυναικὸς,

2163 5565 2259 5618 καὶ
2300 5563 2608 5633 δυσφορεῖν,
2661 5562 2755 5615 καὶ
2797 5559 2934 5631 πρὸς
2973 5559 3101 5623 τοὺς
3137 5556 3445 5629 λογισμοὺς
3488 5560 3584 5613 καὶ
3612 5556 3724 5629 πρὸς

548 5724 637 5794 (ι)
674 5722 801 5781 Erat
825 5726 880 5780 in
913 5727 1250 5796 manuscrip.
1279 5723 1466 5781 codice
1498 5723 1687 5778 titulus
1719 5738 1731 5778 ε
1758 5720 1849 5774 τοῦ
1875 5720 2036 5788 ἁγίου
2060 5717 2291 5789 Evagrio
2316 5716 2609 5789 ascriptus,
2633 5728 2797 5786 quem
2824 5710 3018 5770 delevi.
3045 5706 3183 5767 Vide
3219 5706 3421 5767 Notas.
