3808 6226
54 279 161 346 .313

1274 270 1617 335 EPICTETI
1654 267 2044 331 MANUALE.

3146 258 3302 325 1314

54 402 118 459 κάς
148 390 450 465 φαντασίας
476 391 578 453 τὰς
620 388 964 458 νυκτερινὰς,
997 384 1088 438 καὶ
1124 385 1289 452 ἐγγὺς
1314 385 1603 454 γενόμενος

1741 382 1915 438 turnis
1933 379 2531 437 visionilmsdiﬂiculter
2549 394 2669 435 eam
2688 379 2972 435 tolerarem
3000 395 3015 445 ;
3038 393 3299 450 cumque.

58 485 113 537 οὗ
148 482 385 549 ἐξελθεῖν
409 482 509 550 τῆς
546 480 754 549 ἐρήμου
788 475 1101 538 έλαύνοντός
1134 493 1201 545 με
1226 474 1321 527 τοῦ
1355 474 1561 536 πάθους
1582 492 1595 504 ·

54 577 133 637 οἷς
189 574 288 643 μὲν
319 572 556 640 γείτοσιν
597 571 753 639 ἐμοῖς
793 569 895 625 οὐκ
942 566 1217 638 ἀνεθέμην
1259 567 1321 619 τὸ
1367 566 1601 635 πρᾶγμα

59 664 145 717 ὗτε
172 664 255 735 τῷ
276 663 578 732 διδασκάλῳ
608 659 872 731 Εὑλογίῳ,
920 658 1224 730 λεληθότως
1256 659 1314 721 δὲ
1344 658 1603 731 παραϐάς

54 758 130 810 ,ὼν
174 759 257 820 είς
291 757 392 827 τὴν
438 754 781 826 πανέρημον,
824 752 1222 822 συνετύγχανον
1271 752 1365 807 ἐπὶ
1387 751 1603 821 ἡμέρας

53 848 330 905 ίεκαπέντε
356 848 467 909 τοῖς
497 847 637 899 κατὰ
667 845 766 916 τὴν
792 843 993 912 Σκῆτιν
1017 843 1296 913 γηράσασι
1324 843 1604 911 Πατρὰσιν

54 954 87 988 ,ν
130 939 198 1007 τῇ
254 936 470 1005 ἐρήμῳ,
521 935 580 988 ὲν
626 927 709 995 οἷς
756 929 825 1003 ἦν
856 931 950 987 καί
994 948 1077 995 τις
1113 930 1305 1001 Πάχων
1359 929 1604 999 ὀνόματι,

54 1024 431 1095 ιὸδομηκοστὺν
460 1024 576 1086 ἔτος
610 1023 808 1085 ἐλάσας
843 1022 1151 1092 καθήμενος
1186 1022 1246 1074 ὲν
1284 1023 1348 1091 τῇ
1383 1022 1603 1091 Σκήτειο

54 1116 225 1187 Stipth
256 1112 347 1169 οὖν
379 1115 540 1168 αὐτὸν
574 1114 1041 1185 ἀσκητικώτερον,
1076 1115 1169 1166 καὶ
1197 1114 1606 1184 ἀκεραιότερον,

53 1208 312 1281 ιθάρρησα
336 1205 630 1260 ἀναθέσθαι
666 1223 769 1275 μου
798 1205 869 1258 τὰ
897 1206 993 1275 τῆς
1019 1205 1278 1267 διανοίας.
1321 1204 1430 1258 Καὶ
1461 1203 1609 1271 λέγει

53 1317 125 1351 im.
153 1294 329 1362 οὗτος
348 1297 438 1365 Μὴ
465 1297 645 1368 ξενίσῃ
677 1313 736 1350 σε
767 1296 827 1350 τὸ
851 1298 1102 1368 πρᾶγμα·
1129 1297 1191 1349 οὐ
1227 1298 1456 1366 πάσχεις
1478 1296 1610 1348 αὐτὸ

53 1390 143 1441 iri-:6
179 1389 474 1459 ῥᾳθυμίας,
506 1389 776 1458 μαρτυρεῖ
803 1388 915 1457 γάρ
956 1404 1037 1439 σοι
1083 1387 1177 1439 καὶ
1209 1388 1238 1439 6
1282 1386 1467 1452 τόπος,
1515 1386 1611 1439 καὶ

53 1483 122 1534 5ιά
144 1482 246 1551 τὴν
277 1481 469 1534 σπάνιν
494 1480 602 1531 τῶν
627 1478 848 1550 χρειῶν,
878 1479 972 1532 καὶ
998 1478 1086 1532 διά
1110 1478 1171 1531 τὸ
1206 1479 1282 1549 μὴ
1320 1473 1459 1531 εἶναι
1484 1495 1611 1530 συν-

53 1573 226 1642 τυχίαν
270 1573 379 1626 τῶν
430 1571 680 1641 θηλειῶν,
739 1569 877 1622 ἀλλὰ
938 1570 1138 1639 μᾶλλον
1190 1569 1298 1622 ἀπὸ
1347 1568 1607 1638 σπουδῆς.

54 1663 313 1734 Γριπλοῦς
340 1662 448 1733 γάρ
493 1663 640 1713 ἐστιν
666 1661 695 1710 6
725 1659 961 1731 πόλεμος
981 1661 1009 1712 6
1032 1660 1287 1731 πορνικός
1307 1676 1321 1690 ο
1350 1659 1482 1712 ποτὲ
1514 1659 1613 1731 μὲν

1708 476 2061 544 compellente
2078 489 2162 529 me
2179 471 2453 543 passione,
2478 488 2644 543 prope
2664 472 2856 535 forem,
2878 480 2934 527 nt
2956 488 2984 526 e
3007 471 3303 527 solitudine

1706 568 2083 631 abscederent,
2113 567 2305 622 vicinis
2319 567 2455 621 meis
2475 566 2790 636 neutiquam
2810 566 3022 625 narravi
3047 581 3182 630 rem,
3207 581 3303 619 nc—

1707 674 1814 728 que
1832 660 2091 727 magistro
2128 658 2375 725 Eulogio,
2400 658 2539 713 clam
2565 673 2695 712 vero
2736 657 3105 727 pertrensiens
3126 659 3192 711 ad
3217 658 3301 712 lo-

1708 764 1833 805 cum
1858 749 2080 803 omnino
2100 749 2373 804 desertum
2416 748 2643 805 conveni
2684 763 2781 818 per
2830 748 3143 818 quindecim
3186 747 3303 809 dies

1708 856 1825 906 eos,
1848 841 1942 909 qui
1968 840 2109 897 circa
2136 838 2332 895 Scetim
2364 849 2765 895 consenuerant
2788 839 2839 893 in
2886 840 3179 896 solitudine
3202 839 3307 896 Pa-

1714 938 1847 990 tres,
1871 944 2009 997 quos
2033 930 2193 995 inter,
2215 936 2269 983 et
2288 928 2506 998 quidam
2530 928 2873 985 eratPaclton
2890 931 3111 985 nomine
3131 931 3222 1000 qui
3238 930 3305 986 ad

1712 1035 1913 1073 annum
1940 1027 2261 1088 pervenerat
2299 1021 2781 1091 septuagesimum,
2841 1023 3227 1092 residebatque
3251 1024 3305 1079 in

1716 1109 1903 1178 Scete;
1931 1120 2123 1165 nactus
2146 1113 2310 1183 igitur
2333 1112 2506 1182 ipsum
2531 1114 2986 1178 exercitatiorem,
3011 1125 3173 1186 atque
3194 1117 3308 1168 sin-

1714 1204 2005 1267 ceriorem,
2039 1204 2375 1257 conﬁdenter
2400 1219 2568 1259 ausus
2590 1220 2708 1258 sum
2734 1220 2867 1258 mea:
2888 1207 3088 1261 mentis
3109 1222 3309 1261 arcana

1713 1309 2003 1364 exponere,
2041 1311 2105 1350 ac
2134 1311 2374 1350 narrare.
2397 1294 2550 1350 Tunc
2584 1295 2670 1351 hic
2693 1294 2826 1350 mihi
2857 1296 2986 1352 dicit
3008 1326 3075 1338 --
3115 1317 3127 1351 :
3154 1297 3233 1353 Ne
3259 1309 3310 1353 te

1723 1389 2002 1455 perturbet
2037 1388 2311 1457 negotium
2339 1388 2716 1457 hujuscemodi
2742 1390 2896 1457 quasi
2938 1406 3137 1444 novum
3167 1410 3181 1457 ;
3212 1408 3313 1447 nec

1716 1479 1861 1531 enim
1892 1479 1943 1533 id
1978 1479 2177 1547 pateris
2205 1495 2235 1533 e
2271 1480 2506 1549 pigritia,
2547 1490 2836 1535 attestatur
2859 1482 3061 1552 quippe
3087 1484 3189 1539 hoc
3213 1485 3311 1538 tibi

1717 1568 2029 1639 locusipse,
2055 1578 2166 1622 tum
2216 1581 2438 1639 propter
2481 1571 2716 1641 inopiam
2758 1588 2939 1626 rerum
2978 1575 3312 1629 necessaria-

1722 1678 1864 1725 rum,
1914 1670 2028 1714 tum
2058 1662 2220 1716 etiam
2242 1663 2367 1732 quia
2398 1661 2725 1719 feminarum
2748 1680 2853 1718 non
2871 1673 2955 1719 est
2977 1665 3062 1719 hic
3081 1682 3313 1721 conver-

53 1757 71 1825 ή
119 1755 255 1826 σάρξ
286 1757 420 1825 ήμῖν
468 1753 771 1807 ἐπιτίθεται
832 1751 1204 1820 εὑρωστοῦσα,
1262 1750 1395 1804 ποτε
1444 1750 1501 1803 δὲ
1547 1748 1616 1802 τά

1737 1753 1882 1816 satio,
1916 1754 2006 1806 sed
2026 1753 2208 1822 potius
2246 1754 2514 1821 astudio;
2555 1756 2744 1825 triplex
2788 1766 2869 1811 est
2889 1757 3086 1811 ctenim
3110 1757 3313 1814 bellum

53 1847 183 1918 τάθη
219 1848 310 1901 διὰ
338 1846 448 1900 τῶν
485 1844 785 1917 λογισμῶν,
837 1843 969 1898 ποτὲ
1017 1844 1075 1897 δὲ
1104 1843 1199 1896 καὶ
1229 1842 1391 1905 αὐτὸς
1440 1844 1468 1896 ὁ
1499 1841 1618 1899 δαί-

54 1959 154 2007 λων
192 1942 262 2011 τῇ
315 1938 598 2009 βασκανίᾳ,
648 1936 758 2006 ἐγὼ
803 1936 913 2007 γάρ
962 1935 1360 2007 παρατηρήσας
1408 1932 1621 2003 εὕρηκα

53 2031 213 2085 ςοῦτο.
270 2031 399 2089 Ἰδοὺ
441 2030 517 2091 ῶς
544 2030 676 2101 ὁρᾷς
710 2044 778 2099 με
815 2028 1046 2098 γέροντα
1079 2027 1390 2098 ἄνθρωπον,
1426 2042 1623 2077 τεσσα-

53 2126 280 2177 οάκοντα
320 2124 437 2184 ἔτος
461 2121 601 2191 ἔχων
627 2122 685 2177 ἐν
716 2119 888 2192 ταύτῃ
911 2122 977 2193 τῇ
1014 2118 1175 2189 κέλλῃ
1203 2115 1505 2190 φροντίζων
1524 2119 1624 2187 τῆς

53 2213 285 2285 ἐμαυτοῦ
337 2216 630 2283 σωτηρίας,
682 2213 776 2265 καὶ
816 2200 1020 2282 ταύτην
1066 2205 1205 2281 ἔχων
1255 2211 1354 2280 τὴν
1402 2208 1623 2279 ήλικίαν

53 2307 203 2376 μέχρι
230 2305 425 2360 τούτου
457 2301 811 2375 πειράζομαι,
846 2304 943 2357 καὶ
979 2303 1252 2373 διώμνυτο
1281 2303 1363 2355 ὅτι
1395 2304 1487 2355 ἐπὶ
1520 2301 1623 2354 δώ-

53 2400 167 2452 ἱεκα
199 2398 299 2468 ἐτη
333 2396 473 2468 μετά
515 2396 578 2449 τὸ
611 2395 977 2463 πεντηκοστὸν
1032 2394 1171 2457 ἔτος,
1218 2394 1280 2446 οὐ
1330 2392 1501 2447 νύκτα
1534 2412 1624 2463 μοι
1652 2442 1655 2447 ,

53 2489 455 2562 συνεχώρησαν,
484 2489 583 2560 οὐχ
611 2488 822 2560 ἡμέραν
858 2488 1248 2553 ἐπιτιθέμενοι.
1300 2486 1625 2557 Ἐπινοήσας

53 2577 151 2644 ἦν,
179 2582 274 2635 ὅτι
301 2580 510 2651 ἀπέστη
547 2595 647 2650 μου
680 2581 708 2633 6
736 2578 890 2645 Θεὸς,
924 2578 1005 2631 διὸ
1037 2578 1130 2632 καὶ
1161 2576 1626 2632 καταδυναστεύο-

53 2691 161 2743 μαι,
242 2672 589 2743 ῂρετισάμην
636 2669 927 2725 ἀποθανεῖν
970 2668 1203 2738 ἀλόγως,
1247 2669 1281 2741 ἢ
1322 2669 1483 2723 πάθει
1523 2668 1629 2721 σώ-

53 2782 216 2836 ματος
248 2763 712 2836 ἐνασχημονῆσαι,
744 2762 839 2816 καὶ
880 2759 1134 2829 ἐξελθὼν,
1183 2762 1279 2813 καὶ
1322 2758 1627 2830 περιελθὼν

53 2855 138 2926 τὴν
169 2854 405 2927 ἔρημον,
446 2848 603 2924 εὗρον
635 2852 900 2924 σπήλαιον
943 2853 1155 2923 ὑαίνης,
1184 2854 1264 2917 εἰς
1298 2852 1326 2905 ὃ
1359 2852 1626 2923 σπήλαιον

53 2945 218 3016 ἔθηκα
249 2946 485 3015 ἐμαυτὸν
505 2949 564 3003 ὲν
593 2946 777 3016 ἡμέρᾳ
804 2945 1033 3014 γυμνὸν,
1060 2946 1147 2999 ἵνα
1170 2944 1454 3012 ἐξελθόντα
1479 2946 1627 3016 φάγῃ

53 3039 206 3108 μετά
250 3038 448 3108 θηρία·
479 3037 554 3100 ῶς
586 3037 678 3090 οὖν
722 3038 941 3104 ἐγένετο
986 3037 1197 3109 ἑσπέρα
1246 3036 1387 3090 κατά
1427 3038 1487 3091 τὸ
1534 3054 1629 3105 γε-

53 3131 400 3202 γραμμένον·
439 3149 459 3183 ι
507 3130 673 3183 Ἐθου
725 3132 938 3194 σκότος,
994 3133 1089 3184 καὶ
1140 3130 1359 3197 ἐγένετο
1411 3129 1525 3195 νὺξ,
1572 3132 1630 3184 ὲν

53 3225 181 3293 ιὺτῇ
240 3221 601 3277 διελεύσονται
649 3223 827 3276 πάντα
870 3223 940 3277 τά
984 3221 1151 3294 θηρία
1209 3222 1303 3275 τοῦ
1351 3223 1546 3293 ἀγροῦ,
1608 3242 1626 3274 ι

53 3314 359 3380 ἐξελθόντες
386 3316 434 3367 οἰ
459 3313 623 3384 θῆρες
643 3314 671 3368 ὃ
704 3331 764 3366 τε
790 3313 1092 3386 ἄρσην,κα“ι
1117 3317 1151 3384 ή
1176 3313 1363 3384 θήλεια
1384 3314 1635 3385 ώσφράν-

53 3403 221 3475 θησαν
244 3420 346 3474 μου
378 3404 485 3457 ἀπὸ
498 3404 740 3474 κεφαλῆς
760 3403 863 3467 ἕως
882 3403 1059 3457 ποδῶν
1079 3404 1505 3476 περιλείξαντες,
1536 3407 1632 3460 καὶ
1656 3466 1661 3469 _

54 3496 116 3558 ὡς
171 3496 520 3567 προσεδόκων
567 3496 865 3569 Βρωθῆναι,
929 3497 1285 3569 ἀνεχώρησαν
1329 3500 1424 3553 ἀπ’
1473 3499 1630 3570 ἐμοῦ,

53 3584 237 3638 πεσὼν
271 3585 363 3639 οὖν
394 3586 483 3639 διὰ
511 3586 691 3656 πάσης
721 3587 914 3651 νυκτὸς
957 3589 1058 3641 οὐκ
1086 3588 1355 3660 ἐϐρώθην.
1396 3590 1634 3658 Λογισά-

53 3692 214 3746 μενος
246 3674 341 3727 οὖν
369 3676 449 3728 ὅτι
479 3677 731 3745 ὲφείσατό
767 3695 867 3747 μου
894 3680 921 3731 6
940 3678 1093 3746 Θεὸς,
1120 3676 1275 3741 αὖθις
1306 3681 1634 3752 ὑποστρέφω

53 3769 128 3829 είς
163 3768 270 3836 τὴν
313 3765 532 3820 κέλλανο
590 3770 937 3839 καρτερήσας
975 3766 1068 3823 οὖν
1108 3772 1137 3824 6
1179 3771 1385 3841 δαίμων
1419 3774 1635 3844 ἡμέρας

53 3859 239 3925 ὀλίγας
265 3858 488 3912 ὲπέθετό
518 3876 608 3929 μοι
640 3859 996 3931 σφοδρότερον
1020 3860 1113 3915 τοῦ
1136 3861 1356 3931 πρώτου
1378 3863 1453 3927 ὼς
1483 3866 1634 3935 παρά

53 3947 254 4019 μικρὸν
281 3947 692 4020 βλασφημῆσαι.
727 3950 1281 4021 Μετασχηματισθεὶς
1312 3949 1405 4006 οὖν
1438 3955 1518 4016 είς
1537 3956 1635 4008 Αί-

53 4040 342 4094 θιόπισσαν
370 4041 539 4114 κόρην
570 4042 659 4113 (ἣν
686 4041 907 4112 ὲώρακά
965 4059 1096 4096 ποτε
1139 4046 1197 4097 ὲν
1228 4046 1437 4116 νεότητι
1471 4050 1549 4110 είς
1575 4049 1635 4100 τὸ

53 4132 211 4202 θέρος
240 4132 1014 4206 καλαμωμένην),ὲπεκάθητό
1046 4154 1145 4206 μου
1172 4140 1287 4201 τοῖς
1306 4138 1515 4207 γόνασι,
1542 4140 1636 4193 καὶ

53 4224 143 4276 ἐπὶ
174 4221 437 4276 τοσοῦτον
474 4242 541 4294 με
570 4226 844 4297 ἐκίνησεν,
893 4226 969 4289 ὡς
1010 4228 1230 4298 νομίσαι
1277 4247 1345 4299 με
1382 4233 1637 4299 συγγενέ-

53 4315 202 4370 σθαι.
255 4314 390 4368 Ἀπὸ
421 4310 618 4385 μανίας
647 4314 741 4373 οὖν
785 4318 962 4374 ἔδωκα
992 4321 1128 4391 αὐτῇ
1164 4322 1382 4387 κόσσον,
1417 4325 1512 4377 καὶ
1542 4325 1634 4394 γέ-

1731 1844 2122 1908 meretricium,
2146 1860 2270 1897 nam
2306 1844 2577 1899 interdum
2603 1862 2730 1902 caro
2753 1849 2976 1903 robuste
3008 1852 3195 1903 valens
3214 1866 3314 1903 tto-

1732 1934 1818 1989 bis
1842 1935 2153 2001 insidiatur,
2181 1952 2571 2006 nonnunquam
2595 1953 2724 1992 vero
2750 1940 3032 2008 passiones
3056 1956 3153 2009 per
3173 1943 3315 2011 cogi-

1721 2027 1974 2093 taliones,
2019 2028 2312 2097 aliquando
2349 2036 2404 2083 et
2457 2029 2668 2082 daemon
2704 2030 2817 2099 ipse
2846 2045 2909 2083 ex
2940 2030 3162 2097 invidia,
3213 2046 3320 2097 ego

1726 2116 1871 2170 enim
1928 2117 2268 2171 observando
2308 2116 2411 2171 hoc
2441 2119 2713 2172 adinveni.
2764 2117 2903 2173 Ecce
2952 2128 3013 2173 ut
3045 2135 3131 2174 me
3162 2121 3315 2174 vides

1730 2224 1917 2263 senem
1950 2208 2249 2275 hominem,
2283 2224 2405 2263 cum
2434 2210 2598 2282 356
2617 2212 2808 2281 degam
2850 2227 3053 2265 annum
3079 2214 3317 2282 quadra-

1725 2298 1992 2366 gesimum
2017 2299 2068 2352 in
2091 2299 2194 2353 hac
2217 2299 2373 2363 cella,
2404 2301 2669 2355 sollicitus
2692 2301 2759 2355 de
2782 2301 2862 2356 eis
2882 2317 3001 2370 quae
3032 2303 3098 2357 ad
3123 2319 3298 2358 meam

1734 2391 2253 2459 spectantsalutem,
2285 2400 2339 2447 et
2362 2394 2483 2447 licet
2524 2394 2588 2446 ad
2634 2394 2794 2448 istam
2828 2396 3141 2465 pertigerim
3178 2406 3312 2451 aeta-

1729 2481 2145 2547 tem,bactenus
2176 2483 2895 2555 tentor;—aﬂirmaritque
2939 2487 3071 2540 milii
3107 2487 3316 2557 jureju-

1726 2571 1897 2625 rando
1922 2572 2128 2635 dicens,
2145 2574 2286 2642 quod
2309 2573 2484 2627 —Per
2496 2573 2784 2629 duodecim
2816 2590 2987 2633 annos
3014 2590 3132 2648 post
3153 2579 3317 2649 quinc

1738 2665 2019 2734 quaginta,
2056 2681 2230 2735 neque
2256 2677 2441 2734 noctu,
2472 2682 2572 2723 nec
2612 2668 2845 2723 interdiu
2884 2670 3017 2724 mihi
3056 2686 3315 2741 peperce-

1731 2766 1863 2810 runt
1923 2757 2305 2824 insidiatores;
2356 2776 2478 2813 rum
2540 2774 2669 2828 ergo
2727 2761 3088 2829 cogitassem,
3144 2764 3315 2834 quod,

1729 2844 1856 2914 quia
1890 2861 1920 2899 a
1952 2862 2039 2899 me
2067 2847 2208 2901 Deus
2228 2851 2460 2912 abesset,
2496 2850 2733 2919 potentia
2761 2852 3107 2921 opprimebar
3128 2862 3317 2924 tyran—

1732 2937 1877 3004 nica,
1908 2939 2045 3009 elegi
2073 2940 2253 3008 p0tius
2293 2942 2528 3003 absurde
2550 2944 2713 3008 mori,
2759 2960 2921 3014 quant
2955 2947 3027 3000 ob
3066 2949 3316 3018 corporis

1732 3030 2048 3098 passionem
2105 3032 2336 3102 turpiter
2386 3048 2582 3104 agerc;
2642 3048 2972 3107 quapropter
3016 3054 3312 3111 egressus,

1734 3123 2170 3194 circumiensque
2192 3125 2536 3181 solitudinem
2562 3127 2741 3184 inveni
2763 3131 3073 3199 Speluncam
3104 3134 3317 3205 hyeme,

1734 3211 1789 3265 in
1815 3208 1921 3282 qua
1950 3214 2209 3283 spelunca
2241 3216 2396 3285 posui
2428 3232 2514 3270 me
2544 3218 2773 3284 nudum,
2802 3232 2859 3275 ut
2886 3235 3148 3297 exeuntes
3183 3225 3311 3281 ferte

1739 3319 1827 3358 me
1885 3305 2249 3374 devorarent;
2305 3308 2490 3379 itaque
2524 3326 2745 3381 vespere
2793 3312 2935 3367 facto
2971 3312 3311 3386 (secundum

1738 3395 1883 3466 quod
1911 3396 2172 3466 scriptum
2202 3407 2285 3453 est
2315 3417 2328 3453 :
2363 3419 2381 3451 ι
2417 3400 2652 3456 Posuisti
2679 3404 2953 3467 tenebras,
2990 3415 3043 3460 et
3064 3405 3205 3461 facta
3230 3416 3315 3463 est

1734 3500 1865 3551 nox,
1912 3486 1967 3540 in
2004 3486 2121 3555 ipsa
2145 3489 2566 3557 [pertransibunt
2600 3506 2791 3549 omnes
2835 3494 3020 3550 bestia:
3068 3497 3183 3568 agri
3210 3499 3314 3567 “),

1736 3589 1998 3634 exeuntes
2031 3580 2180 3643 feras,
2233 3592 2453 3652 tamque
2497 3599 2613 3639 mas
2669 3600 2831 3655 quam
2878 3586 3074 3641 femina
3114 3588 3316 3644 olfece-

1736 3680 1863 3724 runt
1892 3686 1980 3726 me
2009 3687 2039 3726 a
2091 3673 2265 3741 capite
2318 3690 2491 3744 usque
2528 3676 2593 3731 ad
2645 3678 2829 3746 pedes,
2871 3686 2925 3733 et
2957 3680 3313 3737 circumcirca

1736 3761 2038 3828 linxerunt,
2096 3779 2330 3834 cumque
2375 3781 2461 3820 me
2507 3767 2875 3822 devorandum
2920 3782 3310 3840 exspectarem,

1737 3863 2081 3909 εθςεεεθῐιιιιι
2102 3871 2129 3908 8
2162 3873 2269 3922 Ille,
2299 3857 2488 3927 sicque
2519 3875 2613 3928 per
2637 3869 2803 3913 ῑοιιιιη
2831 3872 3042 3916 ηυίῖῑθῐη
3073 3876 3317 3931 prostra-

1739 3956 1848 4011 tus,
1896 3955 2076 4000 tamen
2124 3947 2414 4004 devoratus
2451 3966 2559 4004 non
2595 3950 2692 4007 lui.
2744 3953 3033 4008 Arloitrans
3093 3956 3310 4027 itaque.

1736 4039 1880 4107 quod
1913 4050 2230 4108 pepercerat
2253 4042 2385 4095 mihi
2412 4041 2575 4109 Deus,
2600 4060 2793 4100 rursus
2819 4046 2885 4100 ad
2915 4048 3103 4102 cellam
3137 4067 3316 4110 meam

1740 4139 2004 4195 revertor,
2022 4145 2255 4200 cumque
2277 4147 2372 4201 per
2394 4150 2597 4202 paucos
2617 4137 2733 4191 dies
2763 4138 2975 4193 daemon
3004 4142 3311 4210 tolerasset,

1738 4219 1937 4274 invasit
1967 4236 2053 4275 me
2074 4223 2470 4291 vehementius,
2505 4242 2668 4296 quam
2705 4230 2873 4295 prius,
2908 4240 2958 4285 ut
2996 4248 3186 4301 parum
3227 4236 3317 4289 ali-

1738 4310 1922 4377 fucrit,
1969 4314 2099 4382 quin
2158 4314 2617 4385 blaspliemarem.
2670 4318 3116 4378 Transformatus
3154 4328 3316 4397 igitur

53 4422 210 4477 γονεν
262 4406 513 4474 ἄφαντος.
557 4408 680 4461 Ἐπὶ
708 4408 910 4462 διετίαν
936 4406 1029 4463 οὖν
1075 4414 1174 4482 τῆς
1224 4413 1485 4479 δυσωδίας
1531 4416 1616 4486 τῆς

1742 4401 1797 4454 in
1844 4402 2079 4471 puellam
2123 4404 2515 4475 AStltiopissam
2553 4409 2735 4478 (quam
2789 4411 2894 4466 vidi
2928 4415 3201 4482 quondam
3257 4418 3313 4474 in

53 4499 240 4571 χειρός
275 4514 377 4568 μου
431 4497 724 4570 ἀνέχεσθαι
753 4502 852 4554 οὐκ
871 4503 1152 4575 ἠδυνάμην
1172 4520 1184 4533 ·
1217 4506 1634 4579 μικροψυχήσας

53 4592 163 4657 οὖν,
204 4592 303 4644 καὶ
334 4592 736 4663 ἀπευδοκήσας,
772 4594 995 4665 ἐξῆλθον
1035 4598 1115 4660 είς
1168 4597 1267 4669 τὴν
1316 4600 1635 4672 πανέρημον

53 4683 364 4753 ἀλώμενος,
416 4684 513 4736 καὶ
562 4682 737 4755 εὑρὼν
784 4685 985 4738 ἀσπίδα
1035 4689 1258 4759 μικρὰν,
1313 4693 1407 4744 καὶ
1458 4691 1637 4747 λαϐὼν

53 4774 230 4845 αὐτὴν
273 4774 568 4845 προσφέρω
616 4777 727 4838 τοῖς
752 4781 1089 4847 γεννητικοῖς
1143 4796 1245 4850 μου
1295 4782 1504 4853 μορίοις
1552 4784 1636 4837 ἵνα

53 4862 156 4917 κᾶν
209 4861 354 4916 οὕτω
400 4865 621 4935 δηχθεὶς
670 4867 950 4935 ἀποθάνω,
1005 4862 1098 4922 καὶ
1146 4873 1495 4944 προστρέψας
1539 4875 1635 4929 τοῦ

53 4954 252 5026 θηρίου
299 4954 400 5026 τὴν
449 4957 692 5029 κεφαλὴν
728 4960 840 5022 τοῖς
888 4961 1098 5032 μορίοις
1146 4962 1242 5015 τοῦ
1292 4962 1565 5033 σώματος,
1600 4965 1637 5019 ἃ

53 5048 209 5101 αἴτιά
246 5064 336 5117 μοι
363 5046 457 5100 τοῦ
498 5049 950 5119 πειρασμοῦ,οὑκ
986 5052 1238 5122 ἐδήχθην.
1270 5055 1516 5109 Ἤκουσα
1545 5054 1636 5110 οὖν

53 5140 245 5209 (ρων-ῆς
269 5137 529 5209 ἐλθούσης
557 5142 616 5193 ὲν
630 5143 695 5212 τῇ
731 5142 939 5212 διανοίᾳ
970 5160 1095 5213 μου,
1126 5144 1384 5211 Ἀπελθε,
1416 5147 1634 5217 Πάχων,

53 5227 354 5298 ἀγωνίζου,
398 5229 487 5283 διά
529 5231 639 5302 γάρ
672 5230 832 5286 τοῦτο
863 5233 1055 5303 ἀφῆκά
1086 5251 1165 5300 σε,
1201 5237 1635 5291 καταδυναστευ-

53 5318 241 5387 θῆναι,
276 5316 361 5371 ἵνα
410 5320 486 5389 μὴ
534 5320 675 5390 μέγα
724 5324 1001 5395 φρονήσῃς
1053 5325 1129 5387 ὡς
1163 5325 1479 5397 δυνάμενος,
1519 5328 1635 5382 ἀλλ’

53 5407 319 5476 ἐπιγνούς
349 5424 444 5460 σου
473 5410 573 5481 τὴν
604 5411 891 5467 ἀσθένειαν
928 5414 1005 5486 μὴ
1055 5415 1337 5489 θαρσήσῃς
1380 5421 1446 5490 τῇ
1482 5421 1635 5473 πολι-

53 5498 180 5569 τεία
219 5513 335 5561 σου,
361 5498 496 5553 ἀλλά
528 5501 885 5577 προσδράμῃς
919 5506 983 5575 τῇ
1014 5504 1108 5558 τοῦ
1146 5504 1280 5559 Θεοῦ
1311 5505 1625 5578 δυναστείᾳ.

128 5674 182 5707 ’δ
216 5673 361 5730 Psal.
390 5691 505 5744 cui,
530 5677 620 5733 20.

1739 4494 2109 4549 adolescentia
2126 4511 2221 4566 per
2248 4507 2510 4561 aestatem,
2533 4501 2657 4554 dum
2682 4504 2925 4574 metet-et)
2955 4506 3151 4561 insedit
3178 4509 3317 4563 meis

1733 4585 1983 4655 genibus,
2027 4594 2080 4640 et
2128 4587 2265 4642 adeo
2313 4604 2401 4644 me
2455 4595 2773 4659 commovit,
2814 4603 2874 4648 ut
2907 4612 2995 4651 me
3032 4613 3154 4652 cum
3196 4599 3313 4669 ipsa

1734 4678 1965 4733 coivisse
2025 4688 2304 4749 putarem;
2350 4698 2460 4752 pra:
2497 4685 2694 4748 ,furore
2748 4687 2915 4755 igitur
2948 4689 3159 4759 alapam
3210 4693 3316 4761 ipsi

1732 4771 1877 4835 dedi,
1907 4780 1959 4825 et
1984 4771 2275 4828 invisibilis
2303 4774 2490 4830 eﬂ‘ecta
2518 4778 2775 4845 evanuit;
2801 4795 2898 4848 per
2921 4781 3197 4837 biennium
3227 4801 3317 4839 ve-

1740 4879 1805 4918 ro
1845 4862 2071 4917 fetorem
2098 4881 2289 4921 manus
2315 4882 2448 4922 meae
2473 4870 2745 4925 sustinere
2777 4887 2884 4926 non
2908 4883 3170 4943 poteram.
3202 4877 3315 4931 Ab-

1737 4957 1883 5023 jecto
1933 4970 2063 5024 ergo
2100 4955 2307 5023 animo,
2347 4967 2400 5012 et
2456 4959 2813 5018 inltonoratus
2851 4967 2991 5019 exivi
3038 4968 3091 5021 in
3134 4970 3314 5024 locmn

1743 5045 1966 5099 omnino
2022 5046 2306 5102 desertum
2362 5051 2750 5119 vagabundus,
2818 5069 3051 5125 cumque
3093 5074 3315 5128 parvam

1744 5136 1984 5206 aspidem
2019 5136 2372 5206 invenissem,
2402 5140 2686 5212 ipsamque
2725 5145 3076 5214 accepissem,
3109 5150 3319 5217 genita-

1739 5230 1883 5285 libus
1926 5232 2063 5285 meis
2112 5231 2370 5287 membris
2403 5232 2564 5304 357
2596 5235 2839 5301 admovi,
2892 5248 2951 5292 ut
3002 5240 3194 5293 saltem
3241 5241 3316 5299 ita

1737 5323 2026 5377 demorsus
2051 5338 2361 5391 emererer;
2395 5341 2520 5380 cum
2555 5341 2682 5382 vero
2727 5327 2914 5383 bestia:
2960 5330 3313 5389 obvertissem

1739 5423 1904 5484 caput
1932 5416 1999 5469 ad
2042 5416 2290 5485 corporis
2331 5418 2572 5473 membra
2607 5427 2797 5490 utpote
2831 5437 2953 5492 quae
2986 5438 3149 5480 causa
3184 5428 3316 5482 milii

1747 5506 2063 5562 tentationis
2091 5520 2267 5575 erant,
2301 5525 2642 5568 commorsus
2670 5529 2777 5569 non
2811 5513 2909 5583 fui,
2943 5517 3097 5588 atqui
3130 5534 3315 5575 vocem
