3808 6226
412 350 549 416 1319

408 463 591 518 Verbis
642 476 764 517 esse
809 458 1121 516 sollicitum.
1168 456 1300 513 Cavi
1356 466 1560 515 tamen,
1611 450 1793 521 quoad
1841 447 1991 518 potui

410 556 716 624 diligenter,
750 553 895 623 quod
930 562 1151 608 sanctus
1179 548 1477 617 Gregorius
1504 546 1732 616 Magnus
1757 542 1825 597 ad
1852 542 1992 595 Nar-

411 662 506 700 sen
553 646 797 700 scribens
856 645 950 698 lib.
1002 659 1075 705 vt,
1124 644 1284 712 epist.
1344 642 1437 705 27,
1477 638 1857 717 conqueritur,
1892 648 1995 687 suo

410 747 652 806 tempore
700 737 755 790 in
810 737 1032 790 civitate
1090 732 1727 802 Constantinopolitana,
1780 726 1873 796 qui
1927 725 1995 779 de

407 829 598 885 Graeco
630 829 686 882 in
725 828 1001 893 Latinum,
1040 837 1095 881 et
1124 829 1188 880 de
1210 825 1401 879 Latino
1430 825 1483 879 in
1511 822 1757 877 Graecum
1792 820 1995 874 dictata

406 920 543 975 bene
585 917 938 984 transferant,
1001 918 1146 972 viros
1179 932 1285 970 non
1317 914 1521 981 fuisse;
1563 914 1678 968 cavi
1725 908 1996 983 (inquam)

410 1029 477 1068 ne
503 1014 643 1067 sicut
683 1011 780 1075 illi,
810 1011 939 1065 dum
982 1010 1147 1064 verba
1180 1009 1542 1068 custodirem,
1588 1015 1643 1060 et
1672 1019 1868 1059 sensus
1894 1002 1997 1056 mi-

406 1107 555 1159 nime
596 1104 968 1169 attenderem,
1018 1116 1120 1155 nec
1159 1101 1322 1155 verba
1372 1098 1597 1167 intelligi
1639 1096 1903 1161 facerem,
1944 1103 1999 1149 et

396 1202 602 1251 sensus
632 1196 965 1264 lrangerem;
998 1203 1163 1262 utque
1183 1193 1376 1247 scribit
1408 1200 1632 1245 sanctus
1661 1188 1904 1242 Hilarius
1937 1188 1989 1240 in

407 1291 508 1344 lib.
562 1290 635 1341 De
678 1288 914 1355 synodis,
960 1304 1023 1342 ex
1074 1288 1266 1341 Grzeco
1304 1285 1357 1339 in
1389 1283 1641 1337 Latinum
1675 1282 1743 1336 ad
1770 1281 1994 1336 verbum

404 1395 661 1450 expressa
708 1379 993 1433 translatio
1033 1378 1189 1432 aﬂ‘ert
1227 1377 1547 1447 plerumque
1571 1374 1986 1436 obscuritatem,

404 1471 534 1525 dum
583 1472 851 1527 custodita
900 1469 1190 1523 verborum
1228 1466 1446 1521 collatio
1490 1465 1734 1520 eamdem
1777 1463 1998 1517 absolu-

408 1562 615 1614 tionem
671 1577 777 1614 non
829 1566 1009 1629 potest
1054 1556 1123 1611 ad
1174 1554 1543 1625 intelligentiae
1592 1549 1993 1621 simplicitatem

393 1668 752 1708 COIISRI'VBI'C.

476 1745 800 1800 Versionum
848 1742 1102 1814 equidem
1166 1741 1409 1812 quinque
1462 1747 1591 1791 sunt
1640 1751 1860 1808 genera.
1894 1734 1991 1801 Ea,

390 1826 526 1909 'quze
580 1848 806 1891 vocatur
863 1836 1003 1889 κατὰ
1061 1834 1240 1897 λέξιν,
1304 1848 1333 1885 a
1383 1828 1794 1900 jurisconsultis
1851 1827 1993 1882 κατὰ

405 1930 592 1994 πόδας,
630 1927 1008 1999 interpretatio
1047 1924 1114 1978 ad
1149 1925 1394 1987 verbum,
1427 1924 1495 1975 ad
1545 1920 1875 1985 dictionem,
1925 1919 1988 1971 ad

403 2020 658 2084 litteram,
688 2036 850 2090 quam
884 2027 942 2072 ut
973 2016 1309 2073 securiorem
1340 2012 1684 2067 Justinianus
1709 2010 1991 2081 Augustus

404 2110 587 2165 sanxit
623 2119 834 2164 tantum
870 2106 1265 2175 usui-pandam.
1314 2104 1553 2158 Sanctus
1600 2111 1783 2157 autem
1820 2103 1990 2156 Atha—

391 2201 595 2258 nasius
625 2198 796 2269 Epist.
836 2199 900 2252 ad
945 2195 1247 2251 Marcellini.
1279 2193 1354 2247 De
1394 2192 1603 2247 Psalm.
1653 2194 1990 2261 interpretat.

401 2306 469 2346 ex
502 2306 552 2347 c.
600 2308 659 2345 ιιι
709 2292 880 2361 Epist.
915 2289 1089 2344 sancti
1136 2287 1289 2342 Pauli
1328 2287 1395 2341 ad
1437 2285 1677 2341 Timoth.
1717 2285 1993 2353 accepisse

402 2400 433 2439 a
463 2398 591 2438 sene
623 2382 927 2453 φιλοπόνῳ,
975 2380 1028 2434 id
1058 2388 1141 2434 est
1170 2378 1371 2433 laboris
1409 2385 1675 2441 amatore,
1716 2378 1808 2447 qui
1836 2377 1989 2431 Psal-

401 2475 600 2529 terium
636 2476 875 2540 tenebat,
920 2471 1067 2527 istud
1101 2472 1493 2527 documentum
1533 2469 1804 2524 allirmat:
1833 2470 1993 2527 Πᾶσα

400 2569 511 2638 γὰρ
568 2561 634 2640 (ὦ
679 2566 958 2636 τέκνον)ὴ
1012 2565 1134 2620 καθ’
1188 2565 1335 2636 ἡμᾶς
1388 2565 1428 2616 Γ
1433 2565 1579 2636 ραφὴ
1616 2560 1831 2618 Παλαιὰ
1891 2563 1990 2615 καὶ

401 2660 580 2730 Καινὴ
662 2659 1014 2722 θεόπνευστός
1096 2660 1233 2723 ἐστι,
1319 2658 1413 2711 καὶ
1490 2656 1765 2726 ὠφέλιμος
1854 2654 1993 2727 πρὸς

398 2751 769 2817 διδασκαλίαν,
808 2750 883 2814 ὡς
921 2750 1253 2820 γέγραπται.
1288 2747 1342 2802 ld
1362 2757 1463 2803 est:
1510 2747 1695 2804 Omnis
1739 2747 1881 2801 enim
1926 2747 1991 2817 (ο

398 2844 511 2912 fili)
547 2842 829 2910 Scriptura
870 2843 973 2895 sive
1009 2858 1161 2907 nova,
1204 2842 1311 2894 sive
1340 2851 1484 2894 uetus
1520 2838 1772 2892 Numinis
1808 2841 1990 2911 aﬂlatu

397 2936 652 2988 instincta
696 2934 915 3003 prodiit,
960 2943 1009 2987 et
1061 2934 1249 2986 idonea
1279 2945 1355 2987 est
1397 2934 1466 2985 ad
1508 2931 1851 2985 erudiendum
1893 2931 1988 2985 sub

396 3044 457 3085 ea
506 3028 677 3096 {arma
719 3028 984 3095 specieque
1015 3026 1314 3091 uerborum,
1340 3042 1445 3096 qua
1486 3038 1763 3093 concepta,
1795 3033 1844 3078 et
1872 3040 1992 3078 con-

397 3120 596 3187 scripta
626 3128 736 3172 est:
766 3119 906 3172 unde
936 3117 1223 3171 litteralem
1255 3117 1564 3170 versionem
1596 3113 1712 3168 fore
1739 3114 1792 3168 in
1818 3115 1990 3168 sacris

398 3210 585 3267 Bibliis
632 3210 895 3279 potiorem
938 3208 1128 3277 liquet,
1182 3206 1413 3276 ideoque
1463 3207 1774 3275 vulgatam,
1806 3213 1861 3259 et
1898 3219 1991 3258 ve-

400 3314 567 3357 terem
603 3301 847 3356 Latinam
886 3299 1112 3369 reliquis
1144 3298 1559 3368 praeferendam.

474 3394 567 3447 Est
614 3406 669 3449 et
717 3392 1035 3462 Ecphrasis,
1083 3390 1322 3445 elocutio
1367 3389 1599 3453 scilicet,
1643 3403 1765 3456 quas
1806 3395 1992 3441 narrat

400 3487 707 3556 perspicue,
749 3485 820 3538 ita
877 3494 937 3537 ut
976 3484 1178 3552 pictum
1224 3481 1479 3551 graphice
1522 3479 1799 3543 videatur,
1845 3478 1992 3547 quod

399 3578 656 3644 eﬂ'crtur,
700 3578 1151 3646 exprimaturque
1202 3576 1274 3629 ob
1325 3574 1515 3628 oculos
1563 3575 1845 3644 positum,
1895 3573 1991 3626 sed

400 3673 492 3735 illa
535 3688 639 3723 nun
672 3683 756 3724 est
787 3670 1079 3732 utendum,
1118 3670 1208 3723 ubi
1242 3669 1478 3722 brevitas
1506 3678 1593 3722 est
1625 3666 1883 3720 dilucida.

476 3762 843 3831 Periphrasis,
873 3760 1133 3815 addendae
1161 3760 1318 3825 lucis,
1363 3768 1456 3814 aut
1501 3757 1844 3815 necessitatis
1870 3772 1992 3827 gra-

402 3855 497 3917 tia,
530 3854 967 3919 circumlocutio,
1000 3862 1054 3907 et
1082 3853 1371 3908 circuitus.

473 3945 850 4015 Paraphrasis,
889 3946 1051 4000 latior
1096 3945 1389 4015 expositio,
1436 3961 1557 4014 quae
1610 3944 1852 3999 admittit
1908 3944 1994 3998 lu-

402 4038 550 4093 mina
584 4036 920 4092 exornandze
961 4036 1249 4103 orationis,
1303 4036 1583 4091 schemata
1630 4051 1728 4091 seu
1767 4038 1991 4107 liguras,

403 4141 613 4198 tropos,
658 4138 823 4199 atque
864 4128 1233 4197 metaphoras.

470 4222 828 4292 Metaphrasis
861 4230 946 4276 est
974 4220 1347 4289 interpretatio
1392 4235 1512 4293 qua:
1554 4220 1871 4290 paraphrasi
1911 4230 1995 4275 est

399 4314 716 4381 astrictior,
754 4315 898 4369 sicut
933 4321 1017 4369 est
1045 4313 1263 4367 liberior
1304 4324 1358 4368 et
1402 4313 1651 4368 dill'usior
1699 4327 1863 4382 quam
1924 4313 1995 4368 sit

401 4408 674 4463 litteralis.

471 4501 598 4556 Haec
625 4508 805 4555 autem
841 4498 952 4555 fere
980 4516 1177 4571 genera
1211 4501 1485 4553 variarum
1527 4499 1839 4554 versionum
1865 4514 1996 4553 enu—

401 4603 575 4649 merat
610 4592 830 4647 Godefri
855 4595 935 4646 lus
971 4591 1293 4646 Tilmannus
1323 4590 1722 4645 Carthusianus
1770 4590 1823 4645 in
1864 4589 1994 4660 Epi-

401 4686 543 4741 Stola
598 4684 1020 4754 nuncupatoria,
1064 4699 1228 4752 quam
1283 4683 1349 4736 ad
1379 4682 1685 4737 Paudecten
1735 4683 1991 4739 Antiochi

400 4777 697 4833 Laurensis
722 4777 972 4846 praeﬁxit,
1001 4785 1057 4829 et
1084 4791 1144 4829 ea
1177 4775 1508 4846 colliguntur
1529 4791 1592 4828 ex
1626 4774 1989 4842 Quintiliano,

400 4863 438 4925 1.
466 4886 585 4930 VIII,
617 4885 666 4923 c.
697 4869 750 4935 6;
778 4878 830 4923 et
856 4868 893 4921 l.
924 4884 978 4931 ι,
1004 4883 1053 4922 c.
1086 4868 1118 4920 5
1153 4866 1392 4921 lnstitut.
1419 4878 1623 4922 orator.

475 4963 750 5029 lnterpres
778 4960 855 5031 (ut
885 4962 1108 5031 censeo)
1144 4960 1403 5015 adbibere
1429 4960 1543 5014 haec
1572 4960 1757 5015 omnia
1791 4976 1989 5031 genera

400 5049 578 5115 debet,
608 5059 771 5119 prout
802 5049 906 5105 fert
939 5051 1185 5111 occasio,
1218 5066 1484 5121 mensque
1513 5054 1775 5118 auctoris,
1808 5066 1862 5106 et
1888 5053 1992 5108 litt-

400 5159 520 5213 gua:
551 5143 856 5212 proprietas
907 5144 1097 5212 exigit.
1134 5144 1324 5212 Itaque
1367 5144 1641 5197 interdum
1694 5145 1988 5213 paraphra-

400 5237 557 5299 stice,
589 5250 982 5303 nonnunquam
1008 5235 1428 5303 metaphrastice
1468 5233 1575 5289 Nili
1608 5236 1897 5302 dictiones,
1937 5245 1991 5292 et

398 5328 647 5393 phrases,
699 5337 865 5396 atque
911 5328 1167 5396 periodos
1200 5328 1358 5393 verti,
1406 5343 1533 5381 raro
1577 5329 1985 5397 periphrastice,

398 5420 578 5473 rarius
608 5418 967 5489 ecphrastice,
1019 5433 1237 5488 semper
1266 5434 1397 5473 vero
1422 5421 1487 5472 ad
1523 5421 1781 5484 litteram,
1818 5420 1982 5492 59ﬁl

399 5522 521 5563 nea
575 5524 738 5564 sensu
788 5511 1139 5573 aberrarem,
1187 5512 1535 5581 potissimum
1603 5513 1814 5576 curavi,
1867 5514 1986 5568 rudi

400 5596 528 5652 licet
568 5601 861 5655 verborum
909 5602 1070 5673 stylo,
1116 5605 1352 5657 candido
1401 5613 1579 5657 tamen
1615 5611 1670 5658 et
1711 5606 1979 5673 expolita,

403 5688 712 5745 sinceritate
768 5702 932 5760 atque
986 5694 1211 5748 veritate
1270 5696 1575 5749 versionem
1637 5698 1800 5750 istam
1862 5712 1983 5750 sum

404 5792 753 5847 prosecutus;
787 5785 1001 5850 pertmsi
1039 5786 1128 5839 alii
1173 5801 1348 5841 meam
1385 5788 1764 5855 rusticitatem,
1802 5788 1968 5844 fontis

1358 342 1506 405 JOS.
1547 336 1813 401 MARLE
1845 335 2205 397 SUARESII
2245 338 2739 402 DISSERTATIO

3550 339 3678 404 139.0

2101 450 2265 521 hujus
2335 451 2572 521 Nilotici,
2620 454 2907 524 hactenus
2972 452 3179 518 abditi,
3236 452 3681 522 fluentontmque

2098 561 2271 616 aquas
2297 557 2553 619 argenteo
2585 548 2778 603 melius
2810 563 2939 603 vase
2963 548 3332 617 propinandas
3370 546 3682 602 sitientibus

2098 642 2488 696 existimabunt
2520 660 2535 696 :
2566 642 2755 697 calieis
2796 643 2942 697 enim
2976 642 3279 707 idoneitas,
3330 656 3398 696 ut
3446 641 3684 711 loquitur

2099 728 2292 788 Petrus
2340 733 2508 787 abbas
2558 732 2843 793 Cellensis,
2885 734 2979 787 lib.
3025 749 3085 799 ιι,
3124 733 3287 801 epist.
3310 733 3369 798 4,
3415 748 3517 788 seu
3562 748 3683 788 con-

2099 825 2346 892 gruentia
2392 834 2554 894 auget
2589 826 2907 895 plerumque
2945 826 3183 881 bibentis
3224 825 3600 895 voluptatem,
3636 835 3681 879 et

2096 917 2208 971 vini
2244 917 2460 973 bonitas
2497 920 2848 973 accrescitex
2891 933 2990 972 ea:
3024 917 3140 980 sed,
3168 916 3257 971 cui
3292 917 3393 969 uni
3417 916 3683 984 placuisse

2099 1007 2287 1062 laboro
2336 1017 2524 1062 sancta
2552 1008 2793 1061 Romana
2844 1006 3109 1071 Ecclesia,
3164 1004 3514 1073 reliquarum
3545 1004 3683 1071 prin-

2099 1116 2262 1169 ceps,
2317 1109 2373 1155 et
2420 1100 2701 1172 magistra,
2768 1101 2968 1169 cuique
3017 1097 3303 1152 assiduum
3353 1095 3679 1150 famulatum

2100 1203 2211 1248 tam
2256 1194 2488 1248 libenter
2539 1192 2829 1262 impendo,
2878 1206 2999 1261 qua:
3041 1188 3282 1246 Verbum
3334 1189 3679 1242 incarnatum

2099 1287 2299 1356 pannis
2337 1286 2662 1351 involutum,
2703 1299 2808 1339 non
2846 1282 3147 1348 laciniosis,
3192 1297 3260 1336 ac
3301 1280 3573 1350 pretiosis
3608 1282 3681 1335 io-

2100 1378 2376 1434 dumentis
2421 1392 2633 1433 summa
2670 1377 3019 1446 simplicitate
3055 1374 3319 1429 divinitus
3356 1373 3558 1427 datum
3595 1389 3679 1427 ex-

2100 1468 2265 1538 cepit,
2304 1479 2466 1539 atque
2497 1469 2668 1534 colit;
2708 1468 2825 1536 ipsa
2864 1481 3022 1535 pura,
3067 1465 3300 1533 integra,
3340 1464 3676 1533 incorrupta,

2100 1561 2249 1617 omni
2277 1576 2343 1616 ex
2367 1571 2520 1631 parte
2549 1575 2651 1615 suo
2684 1559 2919 1625 fulgente
2954 1558 3212 1623 candore,
3244 1557 3422 1611 radiis
3457 1556 3679 1623 ejusmet

2098 1652 2397 1717 illustrata,
2442 1653 2669 1707 veritate
2722 1653 2916 1722 gaudet
2947 1651 3067 1705 sine
3113 1648 3261 1714 fuco,
3310 1648 3365 1701 in
3398 1662 3575 1717 eaque
3602 1663 3680 1700 θεν

2098 1746 2348 1814 quiescit.
2380 1761 2481 1799 nec
2517 1744 2873 1815 improbabit,
2904 1752 2962 1797 ut
2991 1742 3206 1812 Opinor,
3243 1756 3380 1796 meae
3424 1739 3679 1794 versionis

2097 1838 2421 1903 consilium;
2476 1838 2647 1906 ipsius
2703 1851 2898 1905 nempe
2938 1835 3185 1891 calculus
3225 1834 3361 1888 mihi
3413 1833 3555 1887 satis
3593 1848 3682 1887 sua

2097 1942 2303 1997 perque
2336 1927 2517 1996 fuerit,
2562 1928 2910 1999 quantumvis
2939 1928 3099 1983 hodie
3139 1927 3210 1982 sit
3273 1923 3686 1995 periculosioris

2097 2017 2227 2071 alea!
2250 2033 2379 2072 suas
2406 2019 2460 2072 in
2481 2020 2657 2073 lucem
2682 2018 2923 2088 proferre
2954 2016 3361 2071 lucubrationes
3380 2055 3396 2079 ,
3425 2024 3483 2067 et
3510 2014 3686 2083 ingra-

2102 2109 2345 2164 tissimus
2366 2109 2571 2177 passim
2586 2108 2822 2178 jactetur
2848 2109 3000 2162 labor
3022 2107 3411 2175 interpretum.
3447 2103 3686 2159 Canebat

2096 2214 2211 2254 aevo
2238 2214 2340 2254 suo
2366 2198 2653 2255 Lucretius
2680 2200 2798 2270 (lib.
2841 2216 2857 2253 ι
2905 2199 2979 2253 De
3015 2216 3120 2255 rer.
3159 2210 3365 2265 natur.,
3408 2213 3559 2254 vers.
3594 2197 3685 2251 157

2095 2292 2238 2364 sqq-l
2263 2310 2276 2345 ε

2168 2405 2281 2460 Nec
2310 2423 2391 2460 me
2420 2405 2586 2460 animi
2617 2404 2759 2475 fallit
2796 2405 3101 2460 Graecorum
3129 2406 3355 2459 obscura
3382 2415 3601 2475 reperta

2178 2478 2403 2547 Diﬁicile
2432 2478 2708 2530 illustrare
2738 2475 2945 2531 Latinis
2974 2476 3208 2530 versibus
3238 2492 3374 2539 esse,

2166 2546 2343 2601 Multa
2374 2550 2520 2602 novis
2550 2548 2716 2600 verbis
2744 2548 3041 2616 praesertim
3071 2563 3191 2599 cum
3219 2549 3291 2601 sit
3323 2546 3617 2615 agendum,

2170 2620 2397 2687 Propter
2423 2627 2709 2689 egestatem
2739 2619 2933 2688 lingua
2981 2627 3031 2671 et
3063 2633 3241 2670 rerum
3267 2619 3589 2670 novitatem.

2097 2728 2162 2784 Et
2217 2738 2338 2785 erat
2392 2744 2569 2784 aevum
2623 2729 2759 2784 illud
2826 2744 3024 2784 canum
3078 2727 3386 2798 licebatque
3451 2728 3692 2801 proferre

2094 2823 2418 2892 pomoerium
2450 2822 2651 2893 linguae
2702 2821 2923 2887 Latinae,
2958 2831 3013 2875 et
3064 2821 3226 2874 verba
3267 2819 3463 2876 Graeca
3492 2823 3693 2876 donare

2094 2914 2312 2969 civitate
2354 2912 2617 2971 Romana.
2667 2911 2949 2982 Praecipue
2992 2910 3371 2966 diﬂicilbmum
3416 2921 3528 2977 est,
3557 2913 3690 2982 quod

2092 3024 2156 3063 ex
2221 3007 2445 3077 antiquo
2492 3006 2749 3077 quopiam
2793 3018 2851 3061 et
2915 3006 3119 3061 diserto
3160 3004 3388 3061 doctore
3420 3007 3543 3075 jam
3568 3007 3689 3062 olim

2094 3100 2302 3154 editum
2363 3100 2436 3155 sit
2483 3115 2550 3154 ex
2600 3108 2775 3168 parte,
2832 3099 2887 3153 iu
2940 3100 3177 3153 alienam
3231 3098 3485 3168 linguam
3520 3110 3693 3154 trans-

2095 3188 2358 3256 fundere;
2415 3189 2633 3259 quando
2696 3188 2962 3258 quidquid
3009 3198 3200 3243 sancte
3261 3190 3689 3258 quantumlibez,

2094 3299 2160 3338 ac
2195 3299 2318 3337 vere
2362 3282 2584 3347 dixeris,
2619 3282 2736 3351 rapi
2786 3292 2965 3351 potest
3000 3282 3056 3335 in
3104 3283 3409 3351 pessimam
3452 3294 3687 3354 partem;

2096 3371 2258 3426 habet
2290 3371 2490 3424 etenim
2519 3370 2776 3439 quaelibet
2807 3369 2990 3439 lingua
3020 3370 3282 3424 idiomata
3317 3384 3458 3436 sua,
3488 3372 3693 3426 nativos

2096 3468 2327 3538 lepores,
2345 3476 2401 3521 et
2418 3467 2668 3537 proprios
2683 3468 3059 3538 χαρακτῆρας,
3081 3474 3265 3536 atque,
3298 3477 3364 3522 ut
3388 3467 3463 3522 ita
3498 3469 3691 3531 dicam,

2095 3562 2303 3631 peculia
2314 3577 2397 3616 res
2409 3561 2675 3631 quosdam
2694 3560 2905 3632 genios,
2922 3575 3063 3630 quos
3076 3560 3185 3627 vix,
3207 3575 3272 3614 ac
3288 3576 3360 3615 ne
3372 3560 3463 3614 vix
3484 3562 3690 3630 quidem

2096 3654 2149 3707 in
2191 3654 2297 3707 alia
2362 3653 2543 3723 possis
2586 3652 2915 3721 exprimere,
2974 3660 3209 3721 apteque
3257 3666 3687 3721 repraesentare.

2096 3749 2229 3817 quin
2255 3756 2576 3800 extraneum
2599 3745 2801 3811 oleant,
2835 3744 3159 3815 sapiantque
3195 3744 3579 3814 peregrinum.

2168 3841 2299 3906 Quae
2344 3839 2466 3894 ideo
2516 3838 2731 3908 prazl'ari
2779 3838 2970 3903 libuit,
3034 3848 3090 3893 et
3134 3852 3463 3907 praeponere
3529 3839 3693 3893 instar

2096 3932 2267 4003 clypei
2311 3930 2677 4000 septemplicis
2722 3930 2789 3985 ad
2831 3928 3234 3985 retundendum
3278 3928 3605 3993 Zoilorum,
3646 3937 3694 3983 et

2097 4024 2542 4081 Aristarchorum
2584 4038 2915 4079 sarcasmos.
2955 4024 3119 4079 Plura
3152 4024 3204 4076 in
3250 4023 3691 4080 Adnotationum

2099 4124 2276 4184 libris,
2319 4122 2414 4190 qui
2458 4118 2882 4188 subsequentur,
2918 4118 3066 4173 bono
3103 4132 3228 4173 cum
3264 4115 3402 4181 Deo,
3443 4132 3580 4171 mox
3618 4127 3695 4171 at-

2098 4232 2315 4284 texam;
2342 4232 2490 4272 nunc
2521 4215 2593 4271 ad
2624 4214 2891 4278 ordinem,
2938 4210 3247 4279 seriemque
3280 4208 3691 4278 Opusculorum

2098 4319 2177 4364 11³3
2188 4327 2218 4362 ιι
2226 4323 2316 4363 5υο
2324 4348 2337 4363 ο

2170 4401 2484 4456 Tractatum
2516 4407 2663 4454 certe
2684 4396 2752 4451 de
2780 4393 3078 4448 monastica
3112 4391 3517 4446 exercitatione
3557 4406 3688 4459 prae-

2098 4498 2247 4560 misi,
2284 4495 2410 4565 quia
2452 4492 2603 4563 prior
2642 4496 2960 4544 occurrerat
2988 4487 3045 4541 in
3084 4484 3272 4540 codice
3311 4485 3690 4552 manuscripto

2099 4590 2440 4644 bibliothecas
2472 4583 2818 4645 Barberinaa;
2849 4581 2904 4634 in
2930 4579 3051 4651 ejus
3094 4578 3302 4641 indice,
3342 4579 3438 4646 qui
3478 4579 3691 4631 calamo

2097 4684 2262 4737 etiam
2306 4689 2424 4736 erat
2455 4686 2714 4734 exaratus
2746 4675 2934 4732 Graece
2979 4673 3171 4727 titulus
3211 4681 3523 4739 conceptus
3551 4671 3685 4724 fuit:

2095 4774 2203 4828 Τοῦ
2234 4774 2291 4826 ὲν
2320 4771 2495 4840 ἁγίοις
2522 4768 2735 4838 Πατρὸς
2765 4765 2921 4837 ἡμῶν
2956 4763 3153 4817 Νείλου
3190 4762 3365 4828 Λόγος
3389 4759 3689 4830 demetata;

2096 4866 2229 4938 περὶ
2270 4865 2369 4933 τῆς
2392 4866 2471 4926 εἰς
2520 4861 2757 4934 Χριστὸν
2797 4857 3153 4924 Φιλοσοφίας,
3189 4865 3359 4924 utque
3406 4854 3463 4907 in
3522 4853 3707 4933 ipsius,

2095 4956 2385 5021 Tractatus
2410 4956 2560 5012 calce
2587 4952 2918 5010 ascribitur:
2950 4951 3060 5002 Kal.
3089 4948 3235 5008 οἴους
3283 4940 3427 4998 εἶναι
3453 4944 3543 4996 δεῖ
3572 4945 3687 5002 τοὺς

2093 5051 2271 5124 ταύτῃ
2332 5046 2831 5121 προσερχομένους,
2891 5042 2987 5095 καὶ
3026 5042 3109 5094 ὅτι
3161 5037 3267 5108 πρὸ
3317 5037 3421 5107 τῆς
3473 5035 3683 5097 τελείας

2093 5148 2153 5199 ἐν
2177 5148 2245 5217 τῇ
2273 5147 2439 5219 ἀρετῇ
2452 5143 2630 5212 ,ἕξεως
2659 5138 3000 5193 ἐπικίνδυνον
3022 5135 3085 5188 τὸ
3106 5132 3192 5187 ἑτέ
3200 5149 3311 5203 ρων
3330 5128 3684 5199 ἀναδέχεσθαι

2095 5238 2451 5310 προστασίας.
2489 5236 2544 5289 1d
2573 5242 2693 5287 est:
2726 5230 2915 5286 Sancti
2954 5226 3136 5281 Patris
3178 5224 3343 5278 nostri
3379 5221 3501 5276 Nili
3536 5227 3685 5276 Trac-

2094 5341 2237 5385 tatus
2268 5330 2331 5384 de
2362 5327 2657 5382 monastica
2681 5323 3074 5386 exercitatione,
3104 5319 3218 5373 sive
3248 5316 3324 5369 De
3353 5315 3685 5383 philosophia

2092 5441 2174 5490 ea,
2206 5440 2323 5495 qua:
2359 5423 2427 5475 ad
2468 5420 2739 5475 Christum
2780 5415 3026 5484 pertinet,
3076 5421 3126 5465 et
3165 5409 3471 5476 cujusmodi
3510 5408 3685 5460 ιιι-ερατ

2090 5518 2213 5570 illos
2252 5532 2383 5579 esse,
2435 5514 2527 5583 qui
2556 5510 2625 5565 ad
2696 5512 2867 5577 ipsam
2922 5505 3198 5567 accedunt,
3246 5517 3514 5571 quamque
3548 5512 3687 5553 ante

2090 5610 2338 5679 perfecta;
2374 5607 2588 5661 virtutis
2623 5603 2866 5657 habitum
2920 5599 3280 5669 periculosum
3335 5598 3410 5649 sit
3453 5595 3683 5647 aliorum

2091 5703 2356 5770 suscipere
2417 5698 2815 5766 prazfecturam.
2867 5693 3061 5748 Petrus
3127 5690 3462 5747 Franciscus
3504 5688 3683 5741 linus

2091 5791 2389 5848 canonicus
2434 5786 2605 5860 595,
2627 5784 2962 5842 Veronensis
2994 5792 3227 5840 verterat
3270 5797 3302 5836 ο
3329 5780 3526 5835 Graeco
3552 5776 3681 5839 Tn-
