3808 6226
178 246 211 309 1
225 247 335 313 321

1414 250 1513 310 DE
1548 246 1929 309 OPERIBUS
1969 248 2031 308 S.
2075 248 2258 308 NILI.

3270 281 3301 311 δ
3337 248 3473 315 13η

161 366 401 420 ctatum
434 363 622 431 istum,
666 373 721 420 et
752 364 1106 435 inscripserat
1131 365 1435 422 Sermonem
1466 366 1774 420 asceticum.
1808 374 1854 430 Α
1887 362 2053 434 596
2076 379 2143 419 ex
2177 361 2455 419 Herodoto
2488 364 2652 418 etiam
2703 362 2797 418 lib.
2834 378 2908 429 ιι,
2952 364 3041 432 qui
3081 366 3360 436 sexaginta
3396 370 3474 424 illi

165 457 259 509 At
281 471 388 526 ego
416 455 572 524 λόγον
613 456 1002 526 interpretatus
1032 472 1155 512 sum
1189 466 1496 526 tractatum,
1536 458 1641 511 hoc
1676 465 1780 520 est,

166 548 647 612 dissertationem,
692 548 1119 617 descriptionem,
1168 551 1571 603 enarrationem
1597 590 1612 615 ,
1659 564 1784 602 con-

168 643 419 706 cionem,
463 650 521 695 ut
562 640 684 696 fuse
717 643 913 711 prohat
954 642 1246 697 Scholiast.
1277 644 1341 696 ad
1376 642 1412 695 l.
1447 658 1484 697 ιι
1514 643 1577 696 C.
1613 641 1785 695 Theo-

164 735 311 787 dos.
348 732 423 789 De
450 734 554 799 Itis,
585 735 676 804 qui
715 751 871 801 super
906 734 1057 805 relig.
1086 734 1330 789 contend.
1364 736 1400 788 l.
1445 750 1574 802 xVI;
1606 750 1635 789 a
1672 744 1783 787 tra-

171 825 411 887 ctando,
451 825 529 878 uti
571 825 851 894 accipiunt
886 824 1078 881 Cicero
1120 826 1154 879 Ι.
1191 842 1207 879 ι
1248 826 1553 880 Academia.
1596 835 1782 896 quwst.

167 925 245 969 et
277 916 315 969 ι.
348 931 384 969 ιι
419 914 492 968 De
519 916 681 986 legio.
712 917 765 970 in
792 932 1024 985 prooem.
1065 918 1102 972 l.
1135 934 1269 983 VIII;
1301 917 1622 984 Quintilian.
1651 919 1685 972 Ι.
1712 932 1782 982 v;

171 1010 336 1064 Plin.
369 1026 418 1066 c.
455 1011 508 1074 4,
538 1012 575 1064 l.
619 1026 730 1075 XIV;
769 1020 825 1066 et
867 1027 918 1066 c.
954 1012 1044 1075 22,
1080 1013 1116 1065 Ι.
1161 1028 1279 1078 xu;
1307 1013 1606 1081 praesertim
1656 1027 1784 1065 vero

173 1104 341 1159 hanc
362 1120 551 1159 vocem
597 1113 860 1158 tractatus
905 1114 1236 1174 acceperunt
1273 1119 1339 1159 eo
1371 1120 1536 1159 sensu
1562 1116 1783 1159 sanctus

173 1197 552 1260 Ambrosius,
593 1204 646 1250 et
685 1207 909 1251 sanctus
953 1196 1315 1267 Augustinus,
1365 1198 1570 1266 aliique
1616 1196 1781 1251 Chri-

174 1289 360 1343 stiani
388 1291 661 1353 doctores,
690 1299 741 1343 et
769 1304 1051 1344 sacrarum
1091 1289 1425 1343 Litterarum
1451 1289 1782 1359 interpretes

174 1381 325 1435 dicti
364 1381 516 1436 fuere
553 1390 890 1447 tractatores,
944 1393 1004 1437 ut
1054 1384 1309 1437 observat
1358 1382 1689 1438 Sirmondus
1728 1384 1782 1437 in

177 1472 353 1528 Notis
377 1474 444 1529 ad
479 1473 651 1544 Epist.
689 1474 919 1539 Sidonii,
960 1484 1014 1529 et
1039 1485 1262 1530 sanctus
1291 1476 1656 1546 Augustinus,
1685 1478 1715 1531 l.
1748 1492 1782 1529 ιι

180 1564 399 1619 Contra
433 1566 642 1620 Julian.
686 1566 998 1621 divinorum
1030 1566 1379 1636 eloquiorum
1420 1576 1782 1636 pertrectato-

183 1674 285 1713 res
341 1659 610 1722 nominat,
648 1669 702 1714 et
755 1659 792 1714 l.
849 1675 902 1712 iv
950 1660 1118 1713 divini
1177 1659 1383 1730 eloquii
1435 1669 1780 1715 tractatores.

1887 447 2079 506 tribuit
2126 451 2324 517 stadia,
2376 451 2748 507 Callimachus
2802 461 2856 506 et
2885 451 3006 521 ejus
3040 455 3313 510 meminit.
3366 454 3474 512 He-

1886 544 2017 598 braei
2060 543 2269 597 diutius
2312 544 2366 596 in
2413 541 2648 613 IEgypto
2679 544 2900 608 versati,
2934 554 2989 598 et
3023 545 3283 613 divexati,
3322 564 3476 604 men-

1886 652 2048 692 suras
2105 638 2231 693 inde
2284 637 2442 692 funes
2496 648 2914 707 nuncuparunt;
2970 639 3180 708 psalmo
3235 656 3303 694 xv
3359 639 3476 695 ilex

1887 727 2160 799 Propheta
2203 730 2475 785 concinit:
2523 727 2699 783 Funes
2746 730 3044 784 ceciderunt
3100 732 3226 786 milii
3254 734 3309 786 in
3347 750 3477 803 prato

1886 821 2069 887 claris,
2111 829 2166 875 et
2216 836 2271 876 c.
2316 836 2469 875 xxx"
2549 819 2956 875 Deuteronomii
3029 820 3227 888 Moses,
3265 834 3319 877 cl.
3362 824 3399 878 l.
3432 824 3476 880 ll

1887 912 2022 984 Reg.
2054 929 2102 967 c.
2136 930 2253 979 vm,
2292 929 2393 969 nec
2434 913 2635 968 mirum
2683 913 2732 968 si
2776 929 3119 984 unaquaeque
3150 932 3282 986 gens
3326 928 3477 973 certa

1891 1017 2162 1059 terrarum
2212 1006 2387 1074 spatia
2432 1005 2549 1060 suis
2577 1005 3035 1075 appellationibus
3066 1019 3242 1073 vocet,
3280 1008 3477 1065 Rastas

1885 1096 2164 1161 Germani,
2197 1095 2377 1150 Latini
2418 1095 2664 1150 Milliaria
2702 1106 2755 1151 et
2818 1096 3041 1167 Jugera,
3075 1098 3212 1153 Galli
3242 1098 3474 1166 Leucas,

1886 1185 2068 1243 Persa:
2098 1186 2461 1257 Parasangas,
2499 1188 2669 1243 Graeci
2702 1188 2997 1259 σταθμούς,
3032 1192 3148 1246 sive
3173 1193 3474 1259 stationes;

1888 1286 2002 1331 tum
2048 1288 2302 1348 vergente
2337 1280 2586 1334 Romano
2617 1280 2848 1348 imperio
2883 1283 3215 1347 mansiones,
3246 1283 3315 1339 de
3356 1287 3479 1354 qui-

1886 1369 1990 1425 bus
2012 1368 2378 1435 Herodianus,
2411 1371 2447 1424 l.
2476 1386 2513 1425 ιι
2541 1382 2595 1426 et
2619 1372 2907 1442 Bergerius
2933 1374 3025 1428 lib.
3060 1373 3135 1428 De
3163 1377 3291 1445 imp.
3319 1364 3474 1434 Iio'm.

1884 1463 2004 1525 uiis,
2030 1471 2189 1515 erant
2239 1463 2458 1517 termini
2506 1463 2826 1517 militarium
2878 1465 3308 1535 expeditionum.
3364 1467 3477 1523 Ho-

1888 1552 2098 1605 minum
2158 1562 2238 1606 est
2296 1554 2636 1608 consuetudo
2704 1553 2920 1610 facilius
2962 1572 3024 1610 ea
3072 1556 3304 1624 discere,
3355 1576 3479 1629 qua:

1888 1646 2063 1700 divisa
2124 1648 2299 1701 solent
2350 1647 2658 1703 evidentius
2707 1650 3049 1717 elucescere,
3106 1652 3183 1705 uti
3235 1653 3478 1723 loquitur

182 1751 402 1807 Harum
448 1768 641 1807 vocum
689 1753 842 1821 origo
888 1753 1111 1807 ducitur
1149 1768 1179 1807 a
1212 1752 1378 1808 verbo
1427 1752 1612 1818 traho,
1655 1769 1686 1823 q

1974 1739 2255 1795 ssiodorus
2301 1755 2349 1794 c.
2383 1740 2417 1792 2
2447 1739 2523 1794 De
2553 1742 2769 1795 Anima.
2802 1740 2844 1794 Ε
2886 1742 3239 1798 distinctione
3276 1746 3478 1816 quippe

181 1848 347 1899 varia
372 1846 735 1916 undequaque
761 1846 1053 1900 trahuntur
1103 1846 1170 1900 ad
1198 1860 1342 1910 eam,
1372 1848 1551 1917 quade
1582 1847 1783 1915 agitur,

182 1952 311 1991 rem
343 1938 661 2006 spectantia,
710 1937 838 1991 hinc
863 1937 1155 1992 deducitur
1193 1947 1366 1991 tracto
1409 1938 1636 1992 verbum
1676 1936 1786 1994 fre-

181 2031 605 2098 quenta’Jvum;
659 2030 804 2085 sicut
845 2046 876 2085 a
914 2030 1083 2085 verbo
1124 2046 1241 2085 sero
1286 2022 1563 2086 derivatur
1590 2046 1783 2093 sermo,

181 2124 329 2192 quia
368 2122 582 2178 diversa
632 2134 926 2189 seruntur,
969 2132 1025 2178 et
1065 2122 1450 2188 conferuntur,
1497 2125 1625 2179 hinc
1660 2140 1787 2195 pro-

179 2213 437 2283 gignitur
457 2214 681 2279 dissero,
713 2225 766 2269 et
791 2217 1036 2278 disserto.
1080 2218 1225 2271 unde
1258 2216 1595 2271 dissertatio.
1625 2219 1789 2274 Asce-

180 2306 292 2359 tici
333 2306 656 2360 vocabulum
692 2307 940 2361 Graecum
974 2309 1028 2362 in
1063 2308 1201 2363 duas
1239 2323 1404 2364 voces
1438 2308 1658 2365 Latinas
1697 2325 1787 2367 re-

182 2398 339 2452 solvi
386 2397 801 2467 periphrastice,
846 2400 1008 2468 idque
1052 2399 1120 2454 de
1164 2401 1470 2455 monastica
1516 2403 1789 2457 exercita-

183 2487 348 2540 tione
397 2486 657 2555 exposui,
711 2502 809 2541 nec
860 2488 1008 2540 enim
1058 2488 1224 2541 unico
1260 2497 1440 2557 potest
1486 2490 1786 2559 explicari;

185 2594 325 2631 nam
356 2594 457 2632 vox
489 2581 703 2632 ascetici
732 2579 919 2635 Grmca
950 2588 1051 2649 est,
1087 2596 1195 2634 non
1226 2592 1407 2636 autem
1440 2582 1658 2649 Latina,
1692 2584 1788 2639 sed

186 2672 254 2723 in
278 2670 572 2742 Lexicogra
580 2674 687 2741 pho
705 2673 1157 2739 Adnotationum,
1181 2676 1347 2748 inque
1368 2691 1501 2731 voce
1515 2676 1789 2746 ’Ἄσκησις

184 2762 358 2832 plura
384 2762 660 2831 congessi.
690 2762 1032 2835 Rosweydus
1058 2765 1279 2835 quidem
1306 2768 1390 2821 vir
1420 2767 1786 2836 pereruditus,

182 2866 255 2910 et
279 2856 335 2909 in
364 2854 542 2926 Belgio
573 2855 850 2925 quondam
887 2857 1021 2910 mihi
1068 2859 1396 2927 peramicus,
1434 2860 1487 2912 in
1525 2857 1681 2913 Notis
1720 2859 1788 2913 ad

184 2943 524 2999 I’aradisum
570 2944 868 3001 Heraclidis
915 2948 1101 3001 laudat
1129 2941 1531 3002 ‘Onomnslicon
1589 2950 1642 3003 in
1691 2965 1789 3004 v0-

185 3037 358 3092 cibus
393 3036 709 3103 Tractatus,
741 3046 796 3093 et
837 3037 1120 3092 Tractator
1139 3055 1159 3101 ;
1198 3048 1253 3093 tu
1283 3042 1529 3105 consule,
1553 3042 1598 3095 si
1632 3056 1787 3110 repe-

188 3132 311 3185 rire
359 3130 536 3199 possis
579 3145 792 3200 reapse,
840 3146 1036 3201 meque
1087 3130 1303 3185 felicior
1341 3132 1543 3187 habeas
1577 3131 1786 3184 Mercu-

186 3225 342 3278 rium
382 3222 763 3278 dexteriorem.
1324 3224 1331 3245 '

267 3315 670 3387 Consequitur:
732 3315 839 3369 Τοῦ
890 3316 1039 3368 ὁσίου
1100 3314 1313 3385 [ἰατρὸς
1369 3312 1530 3384 ἡμῶν
1591 3311 1784 3365 Νείλου

184 3409 343 3479 πρὸς
394 3406 648 3475 Ἀγάθιον
701 3406 1027 3477 μονάζοντα.
1082 3407 1147 3459 'H
1192 3407 1333 3476 ἀρχή
1364 3422 1378 3435 ο
1411 3406 1571 3467 Ἔθος
1608 3405 1785 3475 ἔχοντί

195 3517 319 3570 μοι,
367 3514 489 3567 qua:
517 3500 585 3553 ita
619 3500 887 3553 converti.
922 3496 1109 3553 Sancti
1144 3497 1321 3549 Patris
1357 3498 1525 3549 nostri
1565 3494 1680 3549 Nili
1711 3496 1778 3549 ad

190 3588 489 3657 Agat/tium
511 3589 861 3641 monasticam
881 3589 1043 3641 vitam
1062 3600 1299 3657 agentem
1321 3586 1613 3640 Peristeria
1630 3626 1644 3651 ,
1670 3587 1786 3641 sive

196 3680 489 3735 Tractatus
519 3678 581 3733 de
594 3682 693 3734 rtrt
720 3680 877 3733 'tibus
900 3679 1202 3733 excolendis
1225 3690 1273 3733 et
1298 3680 1441 3732 vitiis
1469 3679 1733 3749 fugiendis
1764 3697 1783 3733 :

189 3773 437 3840 exemplo
481 3773 782 3827 Peristeriae
829 3774 1145 3827 clarissima:
1195 3772 1393 3826 swculo
1454 3790 1514 3826 eo
1552 3772 1782 3841 feminar.

194 3864 567 3934 lncipit,Cum
597 3882 707 3918 meo
736 3875 1022 3929 more,etc.
1043 3867 1181 3931 Quia
1216 3882 1343 3919 vero
1376 3874 1641 3921 tractatus
1669 3877 1785 3921 erat

196 3958 486 4028 prolixior.
518 3957 572 4011 in
603 3957 669 4009 12
694 3957 1111 4027 τμήματα,εἰνο
1143 3958 1416 4012 seetiones
1443 3973 1568 4010 eum
1599 3959 1782 4021 divisi,

192 4067 345 4122 quas
378 4051 431 4104 in
475 4051 653 4119 capita
681 4051 970 4117 subdivisi,
1003 4052 1467 4121 quemadmodum
1503 4060 1557 4105 et
1587 4060 1785 4104 tracta-

196 4155 319 4198 tum
366 4143 439 4196 De
480 4145 774 4196 monastica
827 4146 1205 4197 exercitatione
1261 4144 1314 4196 in
1371 4143 1547 4212 capita
1598 4142 1784 4196 itidem

190 4237 594 4302 distinxerant;
629 4251 695 4290 ne
741 4250 852 4290 uno
898 4238 1095 4305 spiritu
1142 4237 1278 4291 liber
1321 4246 1466 4290 totus
1514 4236 1785 4304 perlectus

196 4326 371 4379 nimis
418 4324 666 4393 fatigaret
716 4324 998 4388 lectorem,
1051 4339 1205 4391 neve,
1252 4324 1428 4393 spatio
1458 4325 1605 4378 nullo
1631 4324 1782 4385 dato,

1892 1832 1981 1885 lux
2013 1832 2252 1903 elIulget;
2286 1841 2421 1889 teste
2456 1832 2628 1889 Paulo
2672 1832 2980 1892 Juriscons.
3016 1837 3051 1892 l.
3091 1854 3104 1890 ι
3142 1836 3206 1892 D.
3250 1837 3327 1893 De
3367 1840 3479 1894 doli

1889 1925 2018 1979 mali
2050 1936 2251 1994 except.
2301 1928 2391 1981 ubi
2430 1926 2605 1981 Gloss.
2646 1938 2697 1982 et
2749 1927 2995 1984 lnstitut.
3035 1930 3062 2001 §
3094 1932 3185 1986 sed
3220 1949 3344 1995 non,
3384 1950 3478 1989 us-

1888 2034 1995 2087 que
2011 2019 2074 2071 de
2102 2018 2261 2088 legat.
2296 2017 2663 2085 Quamobrem
2691 2021 2856 2075 etiam
2886 2020 3195 2091 Jurisperiti
3223 2023 3291 2078 de
3325 2039 3478 2079 more

1892 2108 2090 2163 habent
2120 2109 2333 2179 aperire
2361 2110 2555 2179 legem,
2585 2126 2749 2179 quam
2785 2112 3000 2180 publice
3031 2114 3476 2183 interpretantur,

1889 2201 1942 2254 in
2004 2211 2224 2271 partes,
2271 2212 2326 2257 et
2377 2201 2564 2257 Codex
2610 2201 2907 2259 Justiniani
2940 2206 2996 2260 in
3024 2205 3067 2259 ll
3094 2218 3296 2274 tomos,
3334 2208 3478 2265 Pan-

1888 2294 2044 2348 decta
2077 2309 2206 2348 vero
2240 2295 2292 2348 in
2335 2296 2438 2359 tria
2473 2295 2775 2361 volumina,
2824 2297 2955 2351 tomi
2985 2309 3165 2353 autem
3199 2300 3252 2354 in
3289 2302 3477 2369 libros,

1888 2385 2010 2439 libri
2041 2398 2301 2455 prieterea
2336 2389 2389 2442 in
2421 2389 2639 2451 titulos,
2680 2405 2774 2443 seu
2805 2390 3075 2454 rubricas,
3101 2400 3156 2447 et
3183 2393 3265 2447 ha:
3296 2395 3351 2449 in
3384 2411 3480 2450 ca-

1888 2479 2081 2547 pitula,
2119 2480 2231 2533 sive
2271 2480 2416 2550 leges
2461 2481 2888 2548 distribuuntur,
2924 2484 3160 2552 capitula
3198 2501 3391 2541 rursus
3423 2485 3476 2539 in

1889 2571 2281 2641 paragraphos.
2327 2572 2500 2627 Biblia
2529 2590 2749 2645 quoque
2784 2591 2938 2631 sacra
2978 2577 3035 2630 in
3085 2577 3317 2647 capitula
3351 2587 3480 2633 sunt

1889 2665 2197 2734 dispertita.
2230 2664 2570 2720 Peristeriani
2599 2667 2805 2733 addidi,
2829 2678 2883 2723 et
2905 2670 3298 2740 periplirastice
3320 2670 3480 2740 quid-

1889 2758 2019 2824 quid
2055 2758 2108 2812 iu
2151 2768 2383 2819 tractatu
2417 2761 2819 2828 continebatur,
2862 2773 2920 2817 ut
2952 2763 3237 2819 materiem
3270 2764 3481 2820 indica-

1892 2865 2027 2913 rem,
2062 2862 2117 2904 et
2149 2867 2408 2917 causam,
2445 2867 2610 2921 quam
2650 2853 2882 2921 praebuit
2919 2855 3229 2910 clarissima
3268 2854 3477 2911 femina

1890 2941 2188 3010 plurimum
2253 2943 2661 3010 commendata,
2691 2955 2745 2999 et
2766 2946 2921 3015 juxta
2952 2962 3112 3001 suum
3141 2963 3339 3002 nomen
3372 2948 3481 3002 Co-

1892 3035 2075 3088 lumba
2126 3050 2311 3105 pacem
2363 3037 2621 3091 nuntians
2674 3040 2857 3103 terris,
2914 3054 3015 3094 nec
3065 3040 3281 3110 ambigo
3329 3042 3479 3096 illam

1893 3125 2064 3192 ipsam
2113 3124 2303 3189 fuisse,
2343 3126 2410 3180 de
2447 3143 2550 3197 qua
2606 3130 2887 3199 lscliyrion
2919 3131 3183 3187 diaconus
3224 3131 3481 3187 Ecclesiae

1888 3218 2290 3287 Alexandrinae,
2327 3221 2394 3274 ad
2430 3218 2669 3277 Leonem
2718 3238 2916 3292 papam
2964 3235 3019 3279 et
3043 3225 3229 3281 Patres
3259 3228 3481 3282 concilii

1887 3308 2350 3365 Chalcedonensis
2375 3312 2428 3365 in
2449 3312 2630 3368 libello
2656 3314 2865 3369 inserto
2894 3316 3095 3371 actioni
3127 3320 3319 3383 tertiae,
3352 3335 3475 3389 pag.

1886 3398 1990 3451 ‘25:).
2039 3400 2183 3453 Edit.
2217 3400 2377 3454 Rom.
2421 3402 2492 3455 ita
2547 3405 2767 3473 scripsit
2805 3422 2819 3458 :
2851 3406 2925 3457 Τὸ
2969 3408 3077 3477 γὰρ
3114 3410 3208 3460 καὶ
3251 3405 3351 3479 silv
3378 3410 3478 3478 τῆς

1887 3488 2146 3559 λαμπρᾶς
2162 3490 2357 3559 μνείας
2374 3493 2737 3564 Περιστερίαν
2759 3498 2992 3567 πρᾶγμα
3017 3498 3192 3562 οὐδεὶς
3212 3501 3473 3568 ἠγνόησε,

1887 3583 1982 3634 καὶ
2024 3581 2261 3650 μάλιστα
2310 3582 2419 3636 τῶν
2446 3586 2803 3641 ἐνοικούντων
2834 3589 3038 3660 ταύτην
3079 3591 3179 3661 τὴν
3236 3592 3479 3661 βασιλίδα

1886 3675 2012 3727 νέαν
2047 3673 2290 3745 Ῥώμην,
2326 3678 2547 3748 ἐκείνης
2574 3681 2715 3752 ὑπὲρ
2743 3683 2842 3753 τῆς
2875 3684 3079 3755 ἑαυτῆς
3111 3685 3290 3756 ψυχῆς
3324 3688 3381 3739 ὲν
3399 3688 3477 3758 τῷ

1884 3764 2221 3818 διατίθεσθαι
2281 3769 2847 3843 παρακελευσαμένης
2887 3773 3151 3845 πλείστην
3200 3776 3474 3845 ποσότητα

1887 3859 2112 3926 χρυσίου
2159 3860 2576 3930 παρασχεθῆναι
2625 3867 2740 3927 τοῖς
2788 3867 3193 3936 μοναστερίοις,
3242 3868 3306 3920 οὐ
3364 3870 3476 3939 μὴν

1886 3951 2023 4004 ἀλλὰ
2063 3951 2159 4005 καὶ
2207 3956 2319 4014 τοῖς
2364 3952 2589 4016 ξενεώσι
2645 3956 2741 4008 καὶ
2783 3958 3094 4027 πτωχείοις,
3130 3962 3224 4013 καὶ
3265 3962 3476 4031 ἑτέροις

1886 4045 2083 4114 πένησι
2102 4044 2213 4113 ,τῆς
2226 4048 2601 4118 Αἰγυπτιακῆς
2629 4047 2814 4119 χώρας
2835 4066 2849 4115 ;
2876 4048 3185 4120 Ἀχθισθεὶς
3203 4054 3230 4105 ὀ
3247 4054 3472 4107 εὐλαϐὲ-

1888 4153 2081 4200 στατος
2108 4140 2248 4208 ἀνὴρ
2279 4139 2613 4209 (Διόσκορος)
2664 4142 3053 4213 Ἀλεξανδρεὺς
3096 4144 3399 4210 ἐπίσκοπος
3440 4150 3473 4219 ἢ

1886 4231 2253 4300 πατριάρχης,
2287 4231 2373 4300 ἐφ’
2402 4227 2485 4294 οἷς
2537 4233 2639 4285 οὐκ
2684 4236 2765 4297 είς
2806 4236 3101 4305 πρόσωπον
3157 4238 3313 4309 αὑτῷ
3341 4256 3475 4293 κατ-

1886 4323 2098 4390 έλειφεν
2118 4325 2534 4392 παρασκευάζει
2552 4327 2739 4379 ἐκεῖνα
2753 4328 2817 4379 τὰ
2838 4329 2943 4399 χρή
2953 4346 3099 4397 ματα
3119 4331 3268 4401 αὐτῷ
3298 4348 3477 4403 παρα-

192 4417 459 4487 colligere
488 4416 583 4470 ille
632 4431 691 4471 se
746 4430 813 4469 ac
839 4416 1263 4485 interquiescere
1311 4432 1415 4470 non
1459 4426 1663 4486 posset,

1970 4416 2170 4486 εθῆναι,
2195 4418 2291 4469 καὶ
2316 4418 2435 4472 ἀντὶ
2459 4418 2832 4490 ἐλεημοσύνης
2860 4422 3120 4493 θυμέλαις
3136 4429 3229 4479 καὶ
3256 4426 3474 4494 θεατρι-

200 4523 331 4563 rum
394 4508 664 4562 tantillum
734 4508 1107 4562 allevaretur:
1165 4523 1289 4561 nam
1343 4511 1488 4563 sicut
1545 4508 1785 4561 Rutilius

116 4580 135 4591 κ
194 4600 587 4664 Numatialtus,
634 4600 730 4654 lib.
776 4615 812 4652 ιι
854 4598 1131 4653 [litterarii
1178 4602 1395 4665 cecinit,

278 4715 570 4771 Intervalla
610 4716 706 4768 vite
738 4714 890 4777 fessis
918 4728 1173 4782 pressiore
1200 4716 1422 4774 videtur,

350 4787 453 4852 Qui
487 4796 634 4839 notat
662 4786 946 4853 inscriptus
978 4785 1151 4837 millia
1182 4786 1349 4837 multa
1381 4786 1538 4848 lapis.

198 4878 473 4936 Praefatur
518 4887 743 4933 sanctus
786 4874 1151 4947 Hieronymus
1196 4877 1346 4931 Isaiae
1383 4878 1646 4931 VlSi0t£lll
1688 4892 1784 4930 ex-

197 4974 508 5046 positurus,
528 4972 623 5026 lib.
638 4986 712 5035 iv,
736 4984 787 5024 c.
817 4970 904 5036 Η,
935 4984 993 5023 se
1020 4984 1113 5038 per
1144 4981 1325 5039 partes
1351 4985 1470 5025 eam
1493 4973 1787 5039 explanare

196 5065 377 5129 velle,
424 5077 493 5116 ne
560 5061 726 5115 simul
769 5058 1050 5127 proposita
1091 5068 1252 5128 atque
1292 5058 1524 5113 disserta
1568 5060 1786 5114 lectoris

200 5153 502 5212 confundat
530 5149 888 5216 memoriam;
920 5149 1066 5203 idem
1100 5150 1321 5203 adnotat
1353 5150 1421 5204 ad
1454 5166 1503 5204 c.
1558 5166 1616 5203 ιιι
1644 5148 1782 5203 Joel.

198 5248 258 5301 in
288 5243 409 5298 Nilo
442 5243 686 5307 flumine,
720 5242 834 5296 sive
861 5240 915 5294 in
958 5241 1092 5296 rivis
1122 5242 1239 5309 ejus
1278 5242 1467 5296 solitos
1499 5240 1786 5312 Egyptios

201 5340 430 5394 funibus
475 5350 638 5389 naves
671 5336 894 5402 trahere
933 5343 1078 5387 certa
1129 5334 1390 5387 habentes
1424 5334 1622 5403 spatia,
1665 5350 1788 5402 quae

201 5431 475 5503 appellant
521 5426 815 5487 funiculos,
862 5434 919 5478 ut
949 5425 1121 5478 labori
1162 5422 1498 5478 defessorum
1547 5425 1785 5478 recentia

198 5519 542 5576 trahentium
600 5515 739 5570 colla
799 5515 1138 5578 succedunt;
1183 5514 1460 5566 trahentes
1496 5513 1786 5568 heleiarios

200 5623 366 5671 vocat
387 5628 583 5667 curvos
610 5609 889 5664 Sidonius.
914 5608 1041 5662 lnde
1064 5607 1364 5672 funiculus,
1387 5609 1503 5662 sive
1533 5609 1784 5677 σχοινίον,

197 5708 293 5765 vel
348 5709 557 5777 σχοῖνος
586 5704 741 5774 juxta
796 5700 1082 5771 [Egyptins
1128 5710 1210 5754 est
1261 5718 1514 5757 mensura
1548 5702 1782 5769 itineris,

450 5826 738 5886 Pn‘noc.
791 5824 906 5881 Gn.
958 5821 1243 5882 LXXIX.

1889 4513 2002 4571 κοῖς
2049 4511 2258 4579 ἑτέροις
2317 4511 2664 4581 προσώποις,
2707 4513 2847 4568 ὥστε
2900 4519 3072 4588 μηδὲν
3108 4520 3207 4591 τὴν
3244 4522 3477 4577 εὐωδίαν

1836 4634 1851 4644 κ
1888 4600 1988 4671 τὴν
2018 4603 2123 4654 ἀπὸ
2152 4605 2249 4671 τῆς
2279 4603 2472 4667 θυσίας
2496 4607 2598 4675 τῆς
2626 4606 2885 4677 λαμπρᾶς
2920 4614 3021 4682 τὴν
3056 4615 3279 4683 μνήμην
3313 4616 3475 4685 Περι-

1890 4691 2109 4761 στερίας
2161 4693 2515 4765 ἀνενεχθῆναι
2563 4697 2701 4767 πρὸς
2749 4700 2842 4752 τὸν
2897 4701 3053 4764 Θεὸν,
3104 4703 3168 4756 τὸ
3213 4705 3336 4757 ὅσον
3388 4709 3474 4760 ἐπ’

1888 4781 2057 4850 αὐτῷ,
2095 4784 2231 4836 ἀλλὰ
2271 4786 2481 4855 φανερὰ
2532 4787 2564 4857 ἡ
2601 4790 2861 4855 πρόθεσις
2900 4793 3115 4864 ἐκείνης
3152 4797 3472 4869 ἀπεδείχθη.

1890 4873 1941 4924 ld
1988 4884 2097 4927 est:
2159 4874 2421 4929 Craterum
2460 4878 2775 4935 clarissime
2831 4886 3104 4939 memoriae
3172 4887 3475 4947 Peristerite

1888 4968 2150 5033 negotium
2200 4970 2380 5022 nullus
2420 4971 2709 5039 ignoravit,
2765 4992 2943 5027 eoru‘n
2998 4981 3228 5032 maxime
3256 4984 3346 5051 qui
3378 4984 3474 5037 Im-

1889 5058 2057 5110 bitare
2102 5071 2395 5113 noscuntur
2448 5064 2503 5116 in
2550 5063 2648 5116 hac
2703 5069 2846 5134 regia
2899 5068 3024 5120 urbe
3069 5069 3221 5124 Nova
3273 5072 3473 5141 Romo;

1888 5150 1981 5201 illa
2028 5167 2249 5221 namque
2301 5169 2397 5220 pro
2455 5155 2649 5207 anima:
2706 5174 2818 5211 sua?
2864 5161 3037 5214 salute
3099 5173 3472 5221 testamentum

1888 5246 2112 5294 condem-
2156 5244 2317 5311 jussit
2363 5245 2586 5299 multant
2644 5251 2997 5317 quantitatem
3045 5259 3281 5323 pecunia:
3333 5275 3472 5327 pra!-

1888 5337 2019 5388 stari
2045 5339 2400 5403 monasteriis,
2435 5356 2633 5393 necnon
2662 5344 2823 5395 etiam
2848 5348 3184 5401 .renodocliiis
3214 5350 3473 5413 (sire'ho-

1888 5428 2105 5495 spilum)
2140 5437 2189 5480 et
2229 5430 2495 5496 parochiis
2526 5434 2742 5501 (potius
2776 5434 3138 5489 mendicorum
3170 5453 3473 5509 receptacu-

1889 5518 1989 5577 lis)
2023 5528 2073 5572 et
2103 5520 2229 5572 aliis
2259 5524 2584 5591 pauperibus
2626 5523 2967 5595 Egyptian:
2999 5531 3302 5596 provinciae,
3334 5535 3472 5602 quod

1888 5614 2104 5664 moleste
2142 5612 2333 5681 ferens
2400 5616 2535 5669 idem
2582 5619 3044 5675 reverendissimus
3083 5624 3164 5677 uir
3224 5622 3476 5696 (Diosco-

1890 5715 2010 5776 rus)
2042 5706 2434 5764 Alexandrinus
2480 5712 2782 5783 episcopus,
2813 5715 2918 5770 sive
2945 5718 3284 5787 patriarcha,
3315 5722 3379 5774 ob
3418 5719 3473 5774 id

2958 5832 3034 5896 42
