3808 6226
417 290 573 355 1323'

1346 283 1491 345 JOS.
1529 277 1796 342 MARIE
1825 274 2194 337 SUARESII
2232 270 2731 336 DISSERTATIO

3524 257 3650 324 ιω

405 400 546 470 quod
582 400 638 453 in
674 412 894 469 persona
920 395 1035 466 eius
1074 393 1185 449 haec
1222 392 1433 446 minime
1468 399 1591 445 sunt
1617 389 1860 452 dimissa,
1908 386 1985 454 [e-
2013 396 2060 449 Α
2085 399 2195 455 que
2236 382 2320 439 vel
2362 399 2422 439 se
2448 380 2828 451 recipiebant,
2868 375 2949 431 vel
2986 364 3405 430 retrudebantnr
3456 370 3649 440 publici

408 495 479 547 cit
511 492 721 547 easdem
755 490 1004 559 pecunias
1036 503 1132 557 pro
1159 484 1487 555 eleemosyna
1514 483 1724 546 scortis,
1751 498 1843 535 seu
1868 478 1981 533 sal-

410 584 719 649 tatricibus,
753 592 803 635 et
836 581 958 633 aliis
993 579 1267 633 theatricis
1299 575 1579 646 dispartiri
1611 573 1888 643 personis;
1922 580 1977 623 ut

409 675 571 746 597
619 690 782 744 neque
826 672 1004 725 odoris
1064 669 1365 740 fragrantia
1417 667 1535 736 fusa
1585 678 1649 719 ea:
1715 664 1982 717 oblatione

409 768 553 821 illius
594 766 905 821 clarissima:
934 764 1198 817 memoria:
1226 760 1531 814 Peristeria:
1577 766 1868 828 (quantum
1913 757 1982 808 ad

408 874 527 911 eum
554 854 842 926 pertinuit)
884 855 1045 923 fuerit
1083 851 1264 905 oblata
1303 850 1451 916 Deo;
1482 848 1571 903 sed
1600 849 1746 902 illius
1772 846 1984 917 quidem

411 952 750 1019 manifestum
800 947 1130 1017 propositum
1188 943 1607 996 demonstratum
1660 947 1758 993 est.
1810 936 1983 1004 Quem

407 1044 590 1099 locum
624 1056 799 1096 meam
831 1039 884 1093 in
926 1036 1248 1092 memoriam
1316 1033 1591 1088 revocavit
1634 1030 1986 1086 doctissimus

406 1144 465 1191 et
513 1132 997 1191 reverendissimus
1030 1128 1189 1185 Pater
1239 1126 1578 1198 llyacinthus
1624 1124 1864 1179 Libellus
1896 1138 1987 1177 or-

410 1226 556 1281 dinis
594 1223 769 1281 sancti
816 1220 1105 1287 Dominici,
1142 1219 1402 1289 magister
1435 1218 1576 1272 sacri
1614 1214 1822 1285 palatii,
1868 1229 1986 1268 me-

410 1318 518 1371 rito
544 1317 881 1387 ingeniorum
927 1316 1174 1368 omnium
1234 1325 1454 1374 censor,
1473 1308 1566 1379 qui
1620 1306 1986 1376 ὲγκυκλοπαι-

407 1408 581 1473 δείαν,
615 1408 668 1461 id
702 1417 785 1461 est
813 1404 1170 1460 scientiarum
1209 1402 1419 1466 orbem,
1461 1409 1609 1454 tanta
1662 1413 1786 1454 cum
1829 1398 1988 1451 laude

411 1500 665 1565 confecit,
706 1514 807 1553 nec
834 1497 1051 1570 pietatis
1085 1495 1268 1550 minus
1314 1509 1463 1564 ergo,
1511 1505 1677 1562 quam
1726 1488 1989 1545 doctrinae

410 1594 620 1663 passim
666 1592 989 1647 celebratur.
1035 1587 1166 1643 Jure
1200 1594 1382 1641 autem
1431 1583 1732 1639 Peristeriaa
1770 1582 1987 1637 titulum

409 1681 601 1737 censui
646 1677 1051 1735 attribuendnm
1112 1676 1200 1730 isti
1251 1672 1543 1737 tractatui;
1599 1669 1801 1725 etenim
1860 1682 1986 1722 cum

2083 485 2424 546 peccatores,
2472 481 2530 527 ut
2566 471 2834 527 eloanne
2883 468 3143 532 Climace,
3196 474 3358 534 atque
3403 463 3653 518 collatam

2084 569 2345 625 Cassiano
2382 568 2581 637 liquet;
2630 562 3023 617 monachorum
3069 555 3369 627 (inquam)
3419 556 3654 610 ctenohi-

2085 671 2263 714 tarum
2310 660 2424 713 sive
2472 656 2872 728 synoditarum,
2922 652 3015 720 qui
3048 650 3211 705 simul
3242 648 3586 712 victitabant;
3610 662 3655 700 ε·

2085 752 2139 806 in
2170 766 2461 806 commune
2508 764 2604 804 sua
2636 748 2820 801 omnia
2865 743 3187 799 referebant.
3228 740 3365 794 Nam
3404 751 3658 809 praeterea

2084 842 2323 897 eremitas
2351 839 2519 905 luere,
2552 837 2642 907 qui
2672 834 2902 891 desertis
2932 832 3096 903 598
3121 832 3175 885 in
3199 832 3335 885 locis
3363 830 3659 900 degebant;

2084 944 2140 990 ct
2164 934 2526 998 anachoretae,
2563 932 2657 1001 qui
2722 937 3061 983 recesserant
3106 926 3159 978 in
3202 935 3375 987 vasta,
3410 932 3471 977 et
3504 923 3660 985 invia‘,

2086 1027 2488 1094 remotioraque
2532 1031 2761 1079 secreta.
2809 1016 3076 1088 Σιλϐιανῷ
3108 1014 3433 1089 κοινοϐιώτῃ
3487 1014 3664 1068 scribit

2087 1114 2278 1180 Nilus,
2319 1116 2478 1185 epist.
2515 1114 2641 1179 507,
2679 1112 2843 1165 lih.'i.
2882 1111 2919 1163 E
2948 1111 3236 1166 cmnobitis
3271 1110 3519 1163 eremita:
3549 1123 3662 1169 pro-

2090 1205 2297 1270 dibant,
2344 1212 2507 1273 atque
2556 1204 2934 1265 anachoretze,
2988 1201 3065 1253 uti
3110 1198 3288 1269 prodit
3333 1197 3663 1258 Cassianus,

2089 1295 2389 1351 Collatione
2444 1294 2534 1357 18,
2588 1291 2689 1347 c.l
2732 1301 2787 1346 et
2845 1291 2908 1354 2,
2944 1305 2975 1344 e
3027 1288 3084 1342 S.
3126 1287 3325 1350 Paulo,
3359 1302 3487 1355 cap.
3524 1302 3577 1339 ιι
3605 1285 3665 1338 ad

2090 1384 2440 1456 Hebr.,quin
2496 1393 2551 1438 et
2605 1383 2884 1453 στυλῆται,
2935 1381 2988 1435 in
3040 1381 3235 1449 quibus
3282 1393 3482 1449 agmen
3532 1378 3667 1429 ducit

2092 1476 2335 1542 Simeon,
2382 1487 2437 1530 et
2473 1475 2541 1529 de
2577 1473 2780 1543 quibus
2813 1463 3098 1540 Roswcyd.
3150 1471 3201 1522 in
3244 1467 3369 1522 Not.
3406 1469 3478 1521 ad
3529 1464 3665 1520 Vitas

2090 1569 2335 1624 Patrum.
2396 1568 2536 1621 Sunt
2578 1575 2633 1620 et
2682 1564 2928 1634 epistola:
2976 1561 3083 1617 Nili
3132 1560 3403 1615 Nicandro
3452 1560 3665 1629 στυλξτῃ

2092 1664 2367 1732 inscriptae
2416 1659 2518 1714 114
2561 1670 2617 1713 et
2647 1658 2771 1722 H3,
2822 1659 2915 1727 qui
2951 1665 3006 1710 et
3054 1656 3303 1715 κιονιται,
3340 1652 3539 1707 Latine
3584 1668 3663 1704 co-

414 1773 566 1828 Nilus
590 1787 843 1842 egressus
872 1769 1005 1824 urbe
1030 1763 1641 1833 Constantinopolitana
1676 1776 1774 1831 pro
1811 1773 1985 1823 more,
2022 1734 2059 1788 B
2091 1756 2367 1821 lumnarii,
2399 1754 2527 1809 dicti
2558 1762 2684 1809 sunt
2707 1751 3068 1821 ςέγκλειστοι,
3100 1765 3195 1804 seu
3223 1747 3439 1810 reclusi,
3466 1751 3531 1799 de
3558 1746 3665 1812 qui-

410 1875 475 1918 ut
510 1865 690 1918 aditus
736 1863 1077 1932 importunos
1114 1857 1337 1923 vitaret,
1378 1854 1551 1909 ofﬁcia
1586 1853 1816 1915 scilicet,
1847 1851 1991 1906 sicut

414 1974 515 2027 ego
550 1957 804 2021 arbitror,
852 1966 907 2009 et
946 1951 1325 2014 salutationes,
1359 1957 1523 2017 atque
1553 1945 1853 2001 domestica
1891 1959 1988 1997 ne-

412 2052 559 2122 gotia
633 2048 829 2119 (cujus
856 2049 1028 2101 instar
1050 2042 1312 2097 Boethius
1344 2045 1647 2094 secesserat
1676 2036 1729 2089 in
1758 2034 1994 2089 Aureliae

418 2150 652 2206 montes,
688 2151 847 2210 atque
876 2136 1148 2208 Apennini
1183 2134 1339 2187 villas
1364 2130 1582 2194 deinde,
1615 2137 1673 2184 ut
1706 2129 1823 2198 ipse
1854 2141 1992 2196 prm-

415 2233 570 2286 fatur
595 2234 648 2285 in
679 2228 962 2299 Porphyrii
990 2224 1245 2294 Dialogos
1275 2238 1306 2276 a
1336 2218 1617 2274 Victorino
1647 2213 1991 2284 translatos),

414 2320 866 2375 deambulaturus
892 2323 1016 2369 ante
1043 2314 1314 2369 civitatem
1346 2312 1401 2364 in
1439 2322 1659 2363 nemore
1687 2304 1991 2369 remotiori,

413 2423 471 2467 et
522 2411 804 2481 Agathius,
832 2422 994 2478 quem
1022 2413 1179 2458 vocat
1213 2402 1535 2472 μονάζοντα,
1568 2399 1669 2452 hoc
1696 2405 1798 2458 est,
1831 2411 1995 2465 agen-

416 2511 527 2554 tem
560 2500 725 2554 vitam
764 2494 1144 2550 monasticam.
1199 2489 1435 2558 chebat
1498 2487 1699 2555 quippe
1729 2482 1994 2552 Agathius

420 2590 651 2645 seorsim
729 2584 1047 2649 solitarius,
1110 2590 1164 2635 et
1238 2578 1418 2632 adhuc
1469 2576 1586 2629 sive
1640 2570 1995 2643 philosophiae

419 2680 776 2740 Christianae,
813 2676 927 2728 sive
959 2672 1318 2726 monachatus
1368 2665 1681 2720 tirocinium
1724 2662 1993 2732 ponebat,

421 2772 519 2827 sed
570 2768 725 2839 quasi
775 2764 983 2836 μέλλων
1027 2760 1351 2824 monachus,
1401 2758 1753 2827 pr0piorique
1799 2753 1992 2823 gradu,

419 2871 476 2916 et
514 2858 756 2931 proxime
817 2852 1137 2923 cingendus.
1181 2851 1352 2904 Erant
1398 2847 1545 2902 enim
1598 2846 1993 2898 monachorum

424 2956 503 3009 uti
542 2950 915 3023 pmnitentium
950 2944 1147 3001 diversi
1196 2942 1419 3014 gradus,
1451 2938 1519 2994 de
1555 2937 1757 3007 quibus
1798 2937 1884 3005 egi
1913 2933 1998 2988 fu-

423 3047 541 3102 sius
595 3045 650 3098 in
695 3042 895 3111 Exagio
947 3052 1069 3093 meo
1117 3035 1185 3091 de
1229 3034 1514 3103 frequente
1570 3029 1995 3091 communioiie,

424 3149 590 3208 atque
623 3135 715 3190 ubi
745 3130 980 3188 disserui
1017 3130 1085 3185 de
1126 3126 1446 3208 poenitentia
1492 3122 1737 3194 publica,
1781 3135 1902 3190 cap.
1940 3118 1994 3182 4,

424 3206 745 3300 θιήιιιιίόιιιιι
793 3222 1200 3297 πρόσκλαυσιν,
1250 3234 1345 3275 seu
1384 3206 1657 3288 ploratum
1710 3223 1764 3269 et
1812 3211 1997 3266 ﬂetum

423 3322 692 3384 edebant;
719 3316 811 3372 alii
840 3313 1176 3383 usurpabant
1196 3308 1479 3378 ἀκρόασιν,
1520 3305 1635 3361 sive
1668 3300 2000 3358 audientiam

426 3412 666 3485 deputati
722 3425 842 3465 cum
903 3402 1309 3462 catechumenis
1366 3397 1718 3454 audientibus
1772 3395 2000 3448 verbum

427 3504 662 3570 Domini;
694 3499 938 3557 nonnulli
976 3496 1332 3557 ὑπόπτευσιν,
1363 3490 1795 3560 contemplantes
1829 3485 2001 3554 dispi-

427 3598 640 3654 ciebant
686 3596 909 3649 humum
955 3605 1078 3646 cum
1124 3585 1556 3658 competentibus
1606 3580 1999 3646 meditahundi,

430 3706 538 3744 non
594 3687 740 3741 velut
771 3683 1028 3747 ἐπόπται,
1058 3680 1112 3734 id
1142 3686 1226 3733 est
1284 3674 1633 3745 inspicientes
1668 3674 1722 3726 in
1760 3670 2004 3742 profanis

430 3780 588 3835 Isidis
619 3774 808 3841 sacris,
850 3773 944 3828 sed
981 3769 1229 3839 exemplo
1262 3765 1544 3821 Publicani
1588 3778 1697 3818 non
1736 3763 2007 3816 audebant

431 3869 678 3924 attollere
703 3866 912 3931 oculos,
944 3862 1160 3930 obstipo
1194 3859 1395 3928 capite,
1449 3864 1503 3911 et
1534 3855 1759 3925 ﬁgentes
1797 3854 2005 3907 lumina

432 3973 608 4027 terrae,
650 3957 861 4020 cet-nui,
897 3956 1006 4009 imo
1051 3951 1233 4023 potius
1284 3947 1620 4013 ὑπόπτωσιν,
1656 3947 1781 4015 quia
1826 3944 2009 3999 ﬂecte-

434 4055 565 4109 bant
595 4066 771 4123 genua
802 4046 1051 4113 subinde,
1080 4043 1223 4115 quod
1247 4042 1304 4097 in
1337 4042 1510 4097 sacris
1539 4039 1801 4095 diaconus
1830 4038 2011 4093 adhuc

436 4146 721 4207 inclamat,
778 4138 1128 4197 succidebant
1172 4137 1229 4190 in
1278 4150 1492 4205 genua,
1539 4140 1595 4188 et
1636 4132 1705 4187 de
1744 4129 2010 4201 geniculis

434 4237 752 4302 adorabant,
788 4234 865 4288 uti
907 4230 1151 4302 loquitur
1179 4226 1577 4290 Tertullianus,
1603 4223 1930 4279 inclinantes
1952 4236 2012 4277 se

437 4327 804 4397 γονυκλίσεσι.
849 4323 927 4379 lta
979 4322 1170 4376 orabat
1221 4327 1445 4375 sanctus
1495 4315 1698 4371 Paulus
1734 4330 1784 4371 c.
1836 4329 1897 4369 ιιι
1942 4313 2011 4368 ad

2090 1850 2196 1905 bus
2244 1848 2456 1903 Miraaus
2509 1846 2642 1900 mihi
2702 1860 2917 1915 quoque
2988 1844 3296 1912 peramicus
3358 1841 3413 1893 in
3496 1838 3665 1907 Belgio

2092 1940 2202 2011 agit
2252 1939 2306 1992 in
2354 1935 2536 1990 Fastis
2589 1935 2838 2006 Belgicis.
2868 1932 3171 2002 HOSpitium
3223 1941 3492 1984 memorat
3542 1931 3665 1983 Grc—

2092 2032 2277 2101 gorius
2317 2029 2592 2083 Turonen.
2647 2028 2851 2080 Histor.
2900 2022 3166 2077 Francor.
3196 2022 3290 2076 lib.
3324 2038 3404 2083 vr,
3431 2039 3484 2074 c.
3525 2020 3589 2085 6;
3622 2028 3667 2073 et

2093 2125 2171 2179 De
2224 2126 2394 2193 gloria
2453 2121 2843 2189 confessorum,
2892 2134 2942 2173 c.
2979 2118 3081 2184 97,
3157 2117 3406 2185 aliosque
3476 2116 3665 2183 plures,

2093 2233 2233 2288 quos
2265 2225 2507 2270 recenset
2538 2214 2731 2269 Petrus
2770 2211 3027 2266 Jofredus
3062 2211 3115 2264 in
3144 2209 3325 2264 Nicaea
3375 2208 3661 2269 illustrem,

2094 2325 2149 2378 p.
2182 2307 2317 2374 l05;
2350 2306 2645 2361 incluserat
2677 2318 2736 2359 se
2762 2304 2809 2357 is
2837 2309 3033 2371 sponte
3083 2300 3137 2353 in
3176 2300 3308 2353 turri
3336 2316 3351 2364 ;
3393 2299 3465 2352 de
3505 2296 3663 2350 Probo

2095 2400 2306 2454 incluso
2344 2400 2399 2452 in
2440 2396 2771 2451 monasterio
2808 2392 2866 2447 S.
2897 2393 3059 2461 Greg.
3100 2390 3173 2444 Μ.
3214 2391 3376 2461 epist.
3411 2390 3504 2451 99,
3551 2391 3585 2441 Ι.
3616 2388 3661 2441 9.

2095 2488 2431 2544 Columnarii
2473 2488 2691 2543 stabant
2731 2500 2896 2554 supra
2930 2483 3255 2547 columnas;
3309 2482 3515 2535 inclusi
3555 2496 3665 2549 age—

2095 2582 2227 2637 bant
2272 2580 2329 2635 in
2389 2578 2739 2634 conclavibus
2810 2592 2908 2632 seu
2976 2574 3343 2630 domunculis.
3402 2573 3666 2627 Philume-

2097 2688 2225 2727 num
2263 2672 2593 2740 ἔγκλειστον,
2625 2669 2690 2723 ad
2732 2683 2897 2738 quem
2926 2668 3117 2722 scribit
3164 2664 3318 2719 Nilus
3339 2706 3356 2730 ,
3395 2666 3553 2733 epist.
3586 2663 3663 2727 96,

2098 2766 2193 2818 lib.
2252 2781 2311 2827 ιι,
2357 2763 2498 2817 male
2549 2762 2711 2816 vertit
2765 2761 3034 2829 interpres
3086 2759 3310 2812 Latinus
3342 2757 3663 2825 ἐγκλειπον,

2095 2858 2393 2917 enclistum,
2437 2856 2512 2910 uti
2567 2863 2713 2923 patet
2759 2868 2791 2907 e
2839 2852 3015 2906 verbis
3070 2852 3356 2920 epistolae:
3394 2849 3539 2902 κατὰ
3587 2849 3663 2898 τὸν

2098 2948 2445 3018 ὲγκλεισμὸν,
2479 2956 2532 3001 et
2554 2946 2632 3016 τῷ
2664 2944 2872 3015 οἰκιδίῳ
2902 2943 3342 3006 κατακλεισθείς.
3379 2941 3504 2994 Erat
3537 2940 3661 2993 enim

2100 3039 2341 3109 profecto
2372 3038 2649 3101 reclusus;
2677 3035 2889 3104 lapsura
2916 3033 3019 3086 viri
3068 3030 3164 3083 τοῦ
3196 3030 3339 3083 πάνυ
3374 3028 3663 3084 observavit

2103 3140 2157 3185 et
2186 3130 2494 3185 emendavit
2532 3126 2887 3183 doctissimus
2924 3124 3190 3180 Possinus
3219 3123 3274 3177 in
3306 3122 3584 3178 Glossario
3608 3120 3661 3173 ad

2102 3222 2472 3276 Andronicum
2526 3219 2725 3287 Georg.
2780 3214 3157 3286 Pacbymeris,
3202 3224 3258 3268 et
3303 3208 3659 3280 hujuscemodi

2104 3314 2393 3368 conclusos
2420 3312 2473 3364 in
2506 3307 2872 3373 cubiculis,et
2911 3306 3180 3368 οἰκίσκοις
3227 3303 3411 3358 dictos
3458 3300 3657 3356 κουϐου-

2104 3405 2376 3468 κλεισιους
2427 3404 2650 3458 adnotat
2699 3401 2863 3456 etiam
2904 3414 2935 3453 e
2980 3400 3248 3468 scriptore
3307 3396 3447 3451 Vita:
3485 3404 3659 3449 sanctae

2106 3496 2288 3551 Marias
2310 3496 2544 3566 junioris
2572 3508 2865 3563 anonymo,
2904 3492 3093 3547 codice
3123 3488 3390 3544 Vaticano
3413 3488 3535 3551 800,
3557 3500 3654 3556 pag.

2105 3590 2229 3644 49⁵2..
2259 3588 2682 3658 Opponebantur
2708 3594 2763 3640 et
2789 3582 3161 3647 κοινοόιώταις
3209 3582 3264 3636 1ιὶ
3306 3583 3401 3651 qui
3451 3579 3657 3650 appella.

2104 3679 2647 3751 ιιιιηιιιτὴσυχασταὶ,
2680 3677 3135 3732 anachoretarum
3178 3675 3379 3743 specie,
3414 3670 3656 3733 solitarii;

2107 3781 2353 3829 amantes
2392 3772 2629 3843 quietis,
2664 3768 2971 3839 tranquilla:
3002 3767 3126 3822 vitae
3156 3766 3438 3822 studiosos
3466 3761 3659 3833 exponit

2107 3880 2386 3934 nunquam
2429 3865 2562 3918 satis
2594 3862 2847 3917 laudatus
2888 3859 3152 3915 Pessinus
3190 3859 3245 3912 in
3294 3858 3522 3927 episrola
3576 3852 3658 3908 illi

2108 3951 2213 4006 Nili
2258 3954 2325 4007 ad
2359 3950 2615 4005 Ruﬁnum
2669 3950 3004 4021 ἡσυχαστὴν,
3050 3947 3240 4002 dubito
3280 3963 3350 4001 an
3398 3948 3469 4001 sit
3508 3946 3568 4010 is,
3604 3941 3657 3994 ad

2110 4060 2271 4114 quem
2306 4044 2446 4098 idem
2490 4041 2710 4111 scripsit
2740 4040 2861 4103 188,
2904 4039 3059 4093 nullo
3090 4037 3278 4092 addito
3305 4037 3561 4105 epitheto,
3582 4032 3656 4087 sed

2110 4133 2405 4203 utrobique
2448 4132 2560 4202 agit
2597 4132 2664 4186 de
2705 4127 3231 4200 perturbationibus,
3267 4127 3385 4181 sive
3426 4120 3659 4194 passioni—

2112 4226 2239 4281 bus.
2297 4225 2451 4279 Hanc
2501 4223 2752 4277 ultimam
2812 4220 3042 4274 Allatius
3095 4217 3348 4273 inscribit
3408 4208 3657 4269 Charitoni

2112 4322 2151 4376 ι.
2184 4338 2266 4389 ιιι,
2294 4321 2453 4391 epist.
2477 4319 2611 4386 264;
2646 4328 2701 4373 at
2724 4315 2921 4371 Rulino
2947 4314 3259 4386 perbrevem
3290 4312 3423 4366 263.
3452 4312 3657 4366 Primam

437 4414 723 4485 Ephesios.
767 4426 819 4466 νο
851 4410 956 4477 ης
987 4418 1042 4464 ει
1083 4417 1309 4464 sanctus
1338 4406 1553 4472 Petrus.
1583 4420 1633 4460 c-
1662 4421 1719 4459 Ix
1750 4404 2008 4467 Actuum.
2039 4418 2089 4478 ι)
2114 4425 2294 4469 autem
2345 4413 2543 4467 nunno
2577 4411 2653 4465 illi
2693 4410 2796 4481 ipsi
2845 4407 3182 4479 besychastze
3223 4405 3259 4459 1.
3292 4418 3366 4469 IV,
3410 4405 3560 4473 epist.
3586 4398 3657 4457 si.

440 4526 492 4563 ν.
535 4506 643 4573 40;
679 4505 812 4577 quin
859 4501 1117 4574 prostrati
1152 4500 1442 4571 μετάνοιαν
1492 4497 1799 4568 βάλλοντες,
1845 4495 2015 4567 proji—

440 4600 657 4656 ciebant
707 4610 828 4652 sese
873 4593 941 4649 ad
988 4591 1387 4663 paenitentiam.
1441 4589 1624 4660 Aliqui
1658 4588 1916 4642 σύστασιν
1960 4588 2017 4643 id

441 4700 527 4747 est
550 4688 860 4753 stationem,
893 4683 1260 4740 consistentes
1296 4697 1423 4736 cum
1455 4679 1725 4747 ﬁdelibus,
1769 4665 1899 4734 dum
1934 4694 2018 4734 sa-

440 4782 710 4839 criﬁcium
765 4778 1167 4842 celebraretur,
1220 4783 1411 4845 postea
1471 4773 1765 4844 μέστωσιν,
1825 4774 1881 4829 id
1935 4783 2020 4829 est

445 4873 901 4945 complementum
948 4867 1321 4934 adhibebant,
1379 4867 1602 4937 quando
1651 4880 1849 4936 nempe
1902 4881 2019 4936 pte-

449 4965 733 5020 nitentiam
778 4961 1155 5032 expleverant,
1206 4966 1263 5013 et
1289 4956 1754 5013 reconciliationis
1802 4966 2021 5027 tempus

449 5055 853 5127 exspectabant.
885 5051 1041 5107 Haud
1064 5049 1319 5106 dissimili
1340 5048 1503 5105 modo
1531 5057 1688 5104 erant
1712 5058 1767 5104 et
1794 5050 2016 5119 gradus,

450 5148 567 5204 sive
613 5146 832 5201 ordines
868 5142 1286 5207 monachorum,
1334 5140 1427 5210 qui
1475 5140 1857 5196 vocitabantur
1908 5156 2021 5195 non

453 5249 663 5295 tantum
708 5237 937 5309 ponulus
979 5243 1201 5292 sanctus
1239 5232 1364 5299 Dei,
1410 5239 1471 5287 ut
1513 5232 1568 5286 in
1610 5233 1856 5298 collecta,
1899 5249 2024 5303 quas

456 5332 710 5387 recitatur
747 5327 1100 5384 hebdomadis
1136 5334 1336 5382 sanctre
1373 5323 1508 5380 feria
1543 5333 1719 5389 sella.
1755 5340 1820 5380 eo
1856 5340 2022 5381 voca-

454 5424 586 5478 bulo
616 5419 1017 5492 comprehensi,
1047 5428 1100 5475 et
1125 5434 1157 5474 a
1190 5415 1415 5489 reliquis
1462 5416 1619 5473 laicis
1645 5417 1875 5473 necdum
1906 5418 2025 5475 dis-

457 5516 640 5579 tincti,
682 5529 779 5584 pro
826 5512 1024 5583 quibus
1067 5510 1363 5577 orabatur;
1418 5525 1609 5565 verum
1656 5520 1711 5566 et
1752 5510 2023 5581 lugentes,

459 5616 620 5676 atque
663 5604 1005 5675 plangentes,
1049 5610 1104 5658 et
1165 5600 1219 5656 in
1267 5600 1617 5665 monasteria,
1678 5600 2027 5671 claustraque

460 5698 607 5753 velut
628 5698 682 5751 in
712 5693 1046 5766 pauitantia:
1074 5692 1347 5750 domicilia
1367 5735 1383 5761 ,
1431 5692 1722 5764 ergastula,
1757 5708 2028 5751 carceres-

2115 4506 2247 4576 quin
2274 4514 2334 4558 et
2353 4503 2515 4557 aliam
2538 4501 2736 4555 Ruﬁno
2767 4497 3107 4554 Scholastico
3134 4494 3223 4557 76,
3252 4494 3350 4548 lib.
3377 4509 3419 4555 ι,
3444 4491 3505 4545 ad
3524 4502 3657 4559 quem

2115 4601 2279 4655 etiam
2310 4604 2556 4667 spectare
2596 4594 2830 4647 arbitror
2857 4590 2921 4643 77
2955 4598 3012 4643 et
3038 4587 3144 4651 78,
3191 4602 3313 4657 quae
3355 4595 3637 4651 consequuti

2117 4702 2245 4758 tur;
2287 4688 2538 4744 fortassis
2583 4693 2700 4741 erat
2731 4684 2872 4738 idem
2914 4680 3168 4742 Ruﬁnus,
3207 4678 3303 4748 qui
3345 4693 3376 4733 e
3410 4678 3521 4731 foro
3557 4685 3656 4741 pro-

2116 4783 2304 4848 diens,
2333 4779 2654 4849 legibusque
2681 4775 2941 4844 publicis,
2994 4786 3133 4842 quas
3188 4770 3557 4841 proﬁtebatur,
3582 4777 3655 4817 ex-

2118 4872 2371 4944 quirebat
2419 4883 2591 4925 sacrae
2642 4866 2937 4935 Scriptura:
2968 4874 3028 4918 ut
3056 4861 3210 4917 Nilus
3238 4861 3360 4917 loca
3390 4860 3491 4917 sibi
3514 4853 3656 4924 expli-

2116 4973 2291 5026 caret,
2312 4978 2432 5019 eam
2465 4961 2731 5022 delibans,
2763 4968 2818 5013 et
2840 4958 2893 5011 ni
2920 4957 3101 5020 fallor,
3131 4966 3314 5024 posset
3337 4969 3459 5010 esse
3479 4948 3655 5006 celeber

2120 5058 2213 5112 ille
2248 5054 2585 5125 Origcnisla,
2613 5067 2714 5106 nec
2746 5052 2890 5105 enim
2926 5065 3098 5103 aevum
3133 5047 3428 5116 discrepat.
3456 5035 3648 5110 Γαερίη”δ

2121 5145 2398 5217 Μοναχοῦ,
2430 5145 2524 5197 καὶ
2550 5140 2857 5213 ἡσυχαποῦ
2892 5140 2987 5193 τοῦ
3037 5138 3198 5209 ὅρους
3226 5138 3444 5208 Λάτρου
3482 5130 3652 5202 exilico:

2124 5241 2318 5311 legitur
2356 5240 2410 5293 in
2438 5236 2598 5291 Scala
2645 5233 2872 5289 Joannis
2917 5232 3193 5295 Climacis,
3231 5246 3284 5301 p.
3320 5229 3445 5285 365.
3486 5224 3544 5279 lli
3576 5234 3651 5274 no-

2124 5347 2249 5387 men
2278 5328 2577 5385 sortinntur
2601 5326 2711 5380 ἀπὺ
2740 5324 2842 5394 τῆς
2879 5322 3135 5394 ἡσυχίας,
3165 5322 3219 5376 id
3243 5331 3328 5377 est
3368 5338 3400 5374 a
3438 5317 3651 5388 quieter:

2125 5421 2357 5476 silentio.
2384 5418 2459 5473 De
2486 5418 2589 5473 hac
2626 5417 2827 5471 virtute
2860 5415 2983 5471 fuse
3015 5413 3422 5482 suprascriptus
3456 5407 3649 5462 Joannes

2127 5512 2296 5583 gradu
2358 5511 2458 5575 27,
2498 5525 2622 5580 pag.
2665 5509 2792 5564 405.
2833 5507 2975 5563 Istos
3014 5522 3124 5561 non
3166 5506 3363 5576 probat
3404 5498 3650 5557 Cassianus

2127 5602 2310 5659 collat.
2351 5602 2439 5667 18,
2488 5615 2541 5655 c.
2588 5601 2656 5664 8,
2690 5600 2758 5655 de
2794 5608 2991 5671 quarto
3036 5611 3235 5669 genere
3270 5594 3646 5650 monachorum.

2129 5696 2284 5768 quasi
2318 5695 2551 5767 tepidos,
2590 5694 2717 5765 quia
2757 5692 2949 5750 sedent
2988 5688 3274 5764 (scribit),
3304 5704 3334 5744 a
3373 5682 3566 5744 nemine
3592 5673 3648 5732 lt
