3808 6226
186 251 339 317 1325

1388 248 1486 308 DE
1522 243 1902 307 OPERIBUS
1940 244 2000 304 S.
2042 245 2231 306 NILI.

3305 238 3459 305 1326'

178 358 405 421 cessiti,
437 362 493 411 et
537 352 827 425 patientes,
868 357 1033 420 atque
1080 349 1380 417 mansueti,
1437 366 1503 406 ac
1532 350 1766 405 humiles
1796 361 1844 411 Α
1872 347 2092 403 nomine
2125 347 2448 413 monachus,
2478 361 2575 403 seu
2616 346 2976 403 monasticam
3013 345 3180 403 vitam
3217 346 3441 418 degens,

181 448 457 507 aestimari
488 444 823 507 desiderant,
867 456 969 496 nec
997 441 1064 496 ad
1107 440 1493 511 perfectionem
1528 455 1772 510 unquam

181 540 538 612 perveniunt,
579 544 633 589 et
667 533 722 587 hi
757 532 984 587 forsitan
1019 532 1283 601 appellari
1316 540 1546 600 possunt
1578 547 1773 585 vacan-

188 632 292 686 tivi
327 645 455 684 voce
487 625 809 698 Synesiana,
842 623 997 694 quasi
1037 633 1299 677 vacantes.
1326 624 1433 678 Sed
1471 623 1776 694 ήσυχασταὶ

185 723 314 777 veri
356 736 420 774 ac
469 717 625 788 probi
658 715 967 770 residebant
1006 717 1273 768 mansueti
1328 730 1451 769 cum
1480 715 1697 769 silentio
1725 723 1777 769 et

188 813 385 882 quiete
427 808 625 871 animi,
661 820 757 859 nec
802 806 984 858 minus
1013 820 1072 858 se
1114 805 1220 873 piis
1269 804 1525 873 operibus
1557 804 1778 858 addice-

190 906 365 966 bant,
399 910 452 954 et
499 899 733 967 ἄσκησιν
778 910 994 965 quoque
1039 897 1092 949 in
1135 897 1391 962 amando,
1439 896 1780 965 colendoque

192 994 396 1052 Deum.
428 1000 481 1044 et
533 986 829 1058 diligendo,
874 987 1293 1057 adjuvandoque
1338 988 1645 1057 proximum
1695 1003 1781 1041 se-

192 1087 510 1146 ctabantur,
542 1080 809 1149 Θεοφιλεῖς
838 1087 995 1133 erant
1040 1078 1358 1143 Christiani,
1401 1078 1565 1149 599
1594 1078 1646 1131 id
1675 1086 1778 1141 est,

196 1186 478 1234 amatores
523 1172 612 1226 Dei
647 1171 756 1242 (ait
794 1172 908 1239 ipse
940 1169 1152 1224 Climax
1195 1172 1364 1240 gradu
1410 1172 1507 1241 i);
1555 1180 1784 1224 ornatur

195 1268 350 1321 enim
393 1264 560 1319 titulis
602 1263 753 1317 hisce
787 1260 1113 1331 Χριστιανὸς
1145 1260 1431 1332 Θεοφιλὴς,
1474 1260 1780 1332 ἐγκρατὴς,

203 1357 464 1430 μοναχός.
507 1353 741 1408 Sanctus
778 1350 957 1406 Lucas
979 1351 1353 1421 apostolorum
1394 1350 1563 1403 Actus
1602 1349 1788 1419 dirigit

201 1450 274 1503 ad
318 1446 701 1515 Theophilum,
740 1453 794 1499 et
832 1443 1136 1513 intelligere
1175 1443 1306 1495 mihi
1344 1440 1563 1495 videtur
1591 1456 1658 1495 eo
1684 1456 1787 1495 no-

201 1542 354 1595 mine
398 1538 781 1594 Christianum.
846 1533 1115 1589 Exstitere
1172 1533 1394 1603 quidam
1458 1534 1784 1605 ἐγκρατεῖς,

202 1648 304 1687 seu
338 1632 678 1686 continentes
701 1669 718 1693 ,
765 1627 859 1696 qui
893 1633 947 1680 et
979 1625 1470 1696 ὲγκρατευόμενοι·
1506 1641 1535 1679 a
1576 1626 1785 1681 solatiis

202 1722 467 1776 connubii
506 1728 663 1773 erant
705 1719 756 1771 hi
806 1718 1035 1787 sejuncti
1068 1757 1083 1776 ,
1122 1716 1574 1787 ἁποταττόμενοι,
1617 1719 1782 1772 vitam
1821 1697 1862 1751 Β

202 1812 457 1867 caelibem
488 1810 829 1865 all‘ectabant.
866 1808 1172 1861 Concilium
1204 1806 1636 1877 Carthaginense
1678 1818 1788 1862 ter-

207 1902 347 1955 tium
379 1915 428 1954 c.
475 1899 571 1961 58,
623 1912 768 1951 anno
799 1896 1003 1951 Christi
1043 1896 1170 1961 597,
1208 1897 1260 1951 in
1290 1897 1551 1952 Africano
1600 1898 1789 1952 codice

206 1995 429 2047 illorum
467 1992 745 2055 meminit,
775 2000 828 2044 et
854 1990 1182 2045 Cresconius
1219 1990 1273 2043 in
1313 1989 1554 2045 Breviar.
1584 2007 1634 2046 c.
1658 1990 1787 2054 255,

204 2096 264 2139 et
286 2086 325 2139 l.
377 2100 448 2139 xx
485 2083 621 2139 Cod.
656 2081 929 2137 Theodos.
982 2080 1057 2135 De
1100 2081 1259 2150 episc.
1295 2092 1345 2136 et
1371 2082 1498 2139 cler.
1532 2083 1624 2152 qui
1660 2100 1788 2136 con-

208 2176 493 2230 tinentium
539 2190 599 2229 se
648 2173 840 2227 volunt
889 2172 1112 2226 nomine
1155 2172 1492 2242 nuncupari,
1533 2174 1622 2228 ubi
1670 2172 1792 2229 fuse

218 2269 580 2323 Scholiastes.
627 2266 954 2322 Dicebantur
983 2265 1145 2319 etiam
1180 2274 1524 2335 temperantes
1549 2307 1565 2331 ,
1618 2266 1791 2338 Hesy-

209 2361 375 2413 chius
420 2358 749 2428 ἐγκράτειαν
798 2357 1185 2426 interpretatur
1213 2355 1470 2426 ἄσκησινς
1503 2360 1794 2412 contende-

210 2451 349 2504 bant
390 2450 589 2519 quippe
641 2450 989 2511 continentes,
1037 2463 1104 2502 ex
1142 2446 1388 2503 Palladio
1433 2448 1486 2502 in
1526 2449 1791 2506 Lausiaca

210 2544 306 2596 τὸν
365 2542 464 2612 τῆς
534 2541 894 2611 ἐγκρατείας,
963 2540 1059 2593 καὶ⁵
1124 2539 1347 2608 ἁγνείας
1418 2540 1793 2612 ἀναδήσασθαι

215 2633 502 2700 στέφανον,
526 2633 580 2687 id
600 2642 682 2687 est
704 2674 717 2696 ,
745 2632 988 2686 redimiri
1010 2647 1210 2686 corona
1241 2633 1606 2697 continentur,
1635 2643 1795 2703 atque

215 2725 511 2787 castitatis,
541 2725 756 2780 vivente
798 2726 976 2779 adhuc
1004 2724 1174 2793 aliqui
1211 2724 1444 2793 conjuge
1463 2764 1478 2789 ,
1507 2725 1592 2779 vel
1622 2740 1652 2779 e
1681 2742 1795 2779 me-

217 2818 313 2872 dio
346 2818 578 2884 sublata,
611 2827 664 2872 et
699 2817 955 2871 aliinulla
981 2816 1143 2870 ducta
1204 2816 1349 2870 intra
1378 2817 1617 2885 privatas
1648 2817 1796 2872 aedes

215 2911 413 2980 aliqui.
455 2909 687 2965 Sanctus
717 2910 1055 2979 Augustinus
1086 2909 1204 2965 fuse
1236 2913 1293 2963 in
1323 2909 1554 2973 epistola
1596 2909 1695 2964 199
1729 2910 1794 2964 ad

217 3003 497 3059 Ecdiciam
535 3003 664 3072 agit,
695 3018 857 3072 quam
904 3000 1375 3073 religiosissimam
1411 3010 1574 3056 vocat
1607 3002 1794 3063 ﬁliam.

1874 450 1968 496 aut
2033 442 2100 496 ad
2160 456 2282 497 eam
2341 440 2630 511 adspirans
2693 441 3140 512 signiﬁcabatur,
3208 441 3350 497 sicut
3389 452 3445 495 et

1875 532 2236 604 Θεραπευτοῦ,
2279 532 2335 589 id
2384 541 2469 588 est
2527 533 2812 589 servientis
2860 532 3007 597 Deo,
3066 548 3160 589 seu
3195 534 3359 599 servi,
3391 543 3448 588 et

1876 623 2067 679 famuli
2093 624 2194 679 Dei
2225 626 2481 694 epitheto,
2528 641 2592 680 ex
2622 625 2867 691 Philone,
2914 624 3172 696 Dionysio
3203 627 3444 694 Areopa-

1877 716 1987 788 gita
2029 717 2233 785 colligit
2282 724 2336 770 et
2356 730 2423 771 ex
2470 716 2588 787 ipso
2616 718 2739 771 Nilo
2767 726 2974 784 nostro,
3015 718 3304 772 cardinalis
3328 717 3465 772 Bel-.

1878 807 2166 873 larminus,
2220 811 2255 862 l.
2308 825 2367 875 ιι,
2407 824 2457 864 c.
2510 810 2561 863 1.
2607 808 2683 864 De
2724 810 2992 863 monachis
3037 809 3176 869 fuse.
3215 809 3451 864 Consule

1881 910 2140 969 praeterea
2218 900 2453 956 Matthaai
2515 901 2738 964 Galeni,
2801 901 3150 971 Westcapelli
3207 901 3449 972 Origines

1881 988 2200 1040 monasticas
2243 988 2414 1042 editas
2464 987 2685 1059 Dilingae
2728 988 2864 1042 1563
2902 988 2956 1042 in
2987 998 3221 1059 quarto;
3268 988 3453 1060 Hugo—

1883 1093 2003 1131 nem
2035 1077 2350 1133 Menardum
2381 1080 2434 1132 in
2466 1078 2723 1149 Regulam
2754 1080 2919 1151 600
2948 1083 3120 1134 sancti
3155 1080 3450 1145 Benedicti,

1883 1183 1933 1222 c.
1966 1184 2047 1233 ιιι,
2073 1170 2162 1223 ubi
2193 1170 2261 1223 de
2286 1169 2606 1241 λαυρήταις,
2634 1184 2665 1223 e
2690 1184 2740 1222 (ε.
2775 1170 2809 1223 5
2840 1169 2994 1222 Prati
3015 1167 3322 1238 Spiritual.,
3344 1170 3455 1223 ἀπὸ

1883 1260 1991 1314 τῶν
2017 1262 2255 1331 λαυρῶν,
2292 1277 2322 1315 a
2352 1262 2502 1316 cellis
2526 1277 2741 1331 nempe,
2775 1261 2828 1315 in
2871 1263 3073 1331 quibus
3110 1262 3265 1317 turba
3302 1262 3454 1332 ipso-

1886 1365 2008 1402 rum
2062 1350 2115 1403 in
2167 1366 2334 1403 unum
2391 1352 2614 1404 collecta
2664 1365 2817 1402 more
2857 1350 3233 1419 religiosarum
3293 1364 3469 1419 apum.

1885 1450 2022 1495 erat.
2051 1441 2092 1494 E
2117 1439 2436 1509 praefatione
2461 1438 2677 1509 ltegulze
2704 1439 2877 1492 sancti
2907 1436 3176 1502 Ferreoli,
3203 1437 3458 1492 diceban-

1888 1542 1975 1586 tur
2001 1539 2054 1586 et
2083 1534 2262 1597 nonni,
2294 1540 2347 1585 et
2382 1532 2633 1599 religiosi,
2676 1540 2731 1585 et
2769 1530 3085 1599 philosophi,
3109 1540 3164 1586 at
3208 1531 3365 1600 plura
3390 1529 3459 1585 de

1889 1625 2202 1695 gyrovagis,
2226 1635 2280 1678 et
2312 1623 2715 1679 circellionibus
2754 1623 2976 1678 ibidem.
3006 1622 3219 1679 Accinit
3245 1622 3312 1676 de
3335 1637 3457 1676 mo-

1891 1715 2067 1770 nacho
2115 1711 2474 1770 Numatianus
2520 1728 2645 1768 eum
2694 1713 2984 1783 coniugem
3032 1713 3319 1783 reliquisse
3370 1712 3458 1766 in-

1888 1822 2083 1871 nuens,
2113 1816 2164 1860 et
2190 1814 2317 1861 nota
2345 1815 2429 1860 est
2456 1806 2717 1860 Therasia
2746 1804 2959 1859 Paulini
2985 1820 3015 1860 e
3057 1805 3288 1875 conjuge
3319 1803 3458 1860 facta

1888 1913 2083 1964 soror;
2127 1898 2351 1953 consule
2396 1896 2762 1952 Iustinianum
2802 1898 3186 1966 imperatorem
3243 1894 3460 1952 Novella

1890 1991 2015 2046 122.
2048 1991 2281 2045 Leonem
2323 1988 2442 2061 Aug
2504 1991 2595 2057 35,
2636 1990 2673 2044 l.
2707 1991 2885 2045 lCOd.
2928 1990 3200 2047 Theodos.
3241 1990 3313 2043 De
3337 2006 3464 2044 mo-

1888 2083 2089 2149 nachis;
2128 2093 2181 2136 ct
2209 2083 2250 2135 'l.
2295 2098 2362 2136 xx
2404 2083 2539 2136 Cod.
2588 2084 2813 2147 eodem,
2874 2082 2951 2137 De
2982 2084 3144 2152 episc.
3190 2093 3239 2136 et
3268 2082 3462 2136 cteric:

1891 2176 1928 2230 Ι.
1971 2189 2079 2235 xv1,
2132 2171 2329 2225 ibidem
2375 2170 2450 2225 De
2498 2173 2685 2241 pwm’s,
2737 2174 2823 2226 ubi
2867 2183 3008 2228 notae
3058 2176 3333 2243 praeclarae
3378 2182 3464 2228 at-

1891 2271 2184 2327 texuntur;
2226 2270 2278 2315 et
2313 2262 2457 2317 hunc
2494 2262 2729 2331 primum
2772 2262 3165 2317 monachorum
3214 2264 3463 2333 gradum,

1890 2358 2006 2409 sive
2048 2355 2329 2415 ordinem,
2372 2354 2487 2409 sive
2526 2355 2706 2423 potius
2747 2355 2855 2409 Deo
2883 2370 3003 2410 sese
3042 2356 3372 2419 dicantium,
3414 2368 3468 2411 et

1892 2448 1958 2502 ad
1989 2448 2370 2501 monachatum
2413 2447 2747 2501 tendentium
2800 2447 2961 2501 limen
2998 2446 3167 2503 fuisse
3205 2449 3464 2503 arbitror.

1964 2539 2251 2595 Secundus
2286 2549 2403 2594 erat
2431 2550 2756 2606 ascctarum,
2796 2554 2899 2593 non
2934 2541 3228 2610 generatim
3280 2550 3334 2594 et
3364 2540 3470 2595 late

1894 2644 2255 2705 sumptorum,
2305 2650 2489 2688 verum
2551 2634 2935 2703 particulatim,
2985 2642 3040 2686 et
3095 2633 3330 2703 proprie,
3374 2631 3469 2702 qui

1895 2727 1962 2781 ad
2010 2736 2200 2782 nutum
2253 2726 2524 2792 abbatum,
2574 2742 2668 2781 seu
2723 2726 3100 2795 prmlectorum
3152 2726 3474 2780 exercebant

1896 2833 2016 2874 sese
2060 2819 2318 2891 jejuniis,
2370 2818 2856 2884 meditationibus,
2910 2818 3284 2885 orationibus,
3329 2817 3475 2888 psal-

1898 2911 2126 2974 modiis,
2175 2920 2229 2965 et
2279 2910 2402 2965 aliis
2460 2911 2676 2980 pietatis
2733 2920 2787 2965 et
2837 2911 3166 2980 poenitentiae
3213 2912 3491 2965 vacabant

1900 3001 2109 3067 ciliciis,
2129 3001 2242 3071 jam
2274 3001 2651 3068 Continentes,
2675 3001 2743 3056 de
2770 3002 2971 3072 quibus
3001 3003 3195 3056 Petrus
3225 3002 3473 3057 Damian.

218 3095 421 3165 cuique
452 3095 640 3149 tribuit
664 3094 1389 3164 reverentiam,vovisseqne
1419 3093 1800 3157 cum‘marito,
1832 3085 1875 3143 C
1908 3101 2102 3146 tractat
2141 3092 2196 3145 in
2248 3090 2513 3147 Sermone
2553 3093 2619 3146 de
2657 3102 2847 3147 sancto
2893 3091 3137 3156 Nicolao,
3178 3093 3349 3149 instar
3380 3092 3480 3148 Sa-

219 3204 255 3244 e
286 3202 395 3257 quo
423 3188 592 3241 ﬁlium
629 3196 974 3257 susceperat,
1003 3187 1393 3242 continentiam
1427 3186 1557 3251 Deo,
1591 3193 1797 3250 narrat,

223 3278 528 3347 annuitque
564 3288 622 3332 ut
654 3286 827 3348 gestet
868 3277 1126 3332 vestitum
1174 3276 1552 3341 matronalem,
1594 3276 1687 3330 sed
1720 3274 1804 3328 in-

223 3370 342 3423 vito
375 3369 492 3424 viro
516 3383 585 3424 ne
615 3370 887 3424 vidualem
926 3378 1138 3439 gestare
1165 3378 1354 3438 pergat
1382 3367 1635 3437 prohibet
1674 3383 1804 3436 pru-

223 3463 439 3519 denter.
484 3460 719 3518 Sanctus
768 3460 1135 3532 Hieronymus
1171 3460 1224 3514 in
1267 3460 1514 3529 epistolis
1546 3458 1617 3513 28
1646 3467 1701 3513 et
1734 3458 1805 3514 29

226 3555 300 3611 ad
330 3554 698 3619 Theodoram,
729 3554 971 3610 insinuat
997 3553 1132 3607 satis
1163 3567 1283 3607 eam
1317 3566 1438 3607 cum
1470 3552 1667 3607 marito
1700 3550 1806 3604 Lu-

226 3646 377 3704 cinio
405 3646 612 3702 Bmtico
643 3655 851 3701 castam
883 3645 1107 3701 duxisse
1133 3645 1297 3700 vitam
1320 3682 1335 3709 ,
1367 3646 1455 3700 cui
1481 3644 1673 3699 doctor
1717 3643 1808 3698 ille

228 3739 389 3810 ponit
430 3738 787 3808 epitaphium,
824 3746 875 3793 et
917 3736 1097 3791 mariti
1134 3751 1255 3791 eam
1301 3736 1381 3789 uti
1416 3750 1659 3789 sororem
1707 3750 1807 3786 no-

227 3829 445 3897 minat;
478 3832 530 3884 in
560 3842 759 3885 sancta:
798 3829 1023 3899 Agnetis
1050 3828 1236 3883 Romae
1264 3836 1443 3883 exstat
1470 3826 1805 3897 epitaphium

230 3924 558 3988 Theodorae,
587 3939 708 3994 quae
744 3923 878 3978 vixit
914 3923 1073 3978 annis
1096 3922 1190 3990 2t,
1222 3922 1503 3978 mensibus
1532 3922 1583 3987 7,
1617 3921 1810 3976 diebus

226 4017 309 4073 24
369 4019 425 4072 in
469 4032 623 4088 pace.
680 4016 775 4073 Est
817 4018 1115 4084 hisomum,
1164 4018 1215 4072 id
1249 4029 1354 4080 est,
1398 4018 1509 4071 duo
1555 4029 1809 4085 corpora,

225 4124 437 4179 nempe
485 4110 658 4180 ipsius
702 4117 757 4163 et
804 4110 985 4163 mariti
1043 4108 1256 4179 Evagrii
1306 4109 1593 4164 continens
1633 4108 1814 4177 sepul-

225 4218 395 4262 crum
426 4218 548 4258 cum
584 4204 735 4258 hisce
772 4203 1043 4270 versibus,
1088 4211 1146 4257 et
1172 4209 1301 4258 nota
1338 4203 1669 4258 consulum:

307 4329 646 4399 Ampliﬁcam
671 4329 911 4399 sequitur
936 4328 1102 4381 vitam
1130 4326 1259 4380 dum
1284 4336 1437 4380 casta
1468 4325 1780 4393 Aphrodite,

1910 3183 2271 3249 rabaitarum,
2308 3192 2402 3236 aut
2433 3182 2888 3246 Sarabaritarum,
2923 3183 3146 3239 forsitan
3180 3198 3209 3238 a
3246 3184 3481 3240 Saraba-

1908 3289 1968 3328 ra
2016 3282 2184 3339 veste,
2223 3274 2291 3328 de
2336 3290 2443 3341 qua
2480 3275 2533 3328 in
2570 3275 2952 3329 dissertatione
2987 3290 3105 3330 mea
3148 3275 3215 3330 de
3261 3273 3482 3331 Fanone

1909 3368 2162 3433 disserui,
2197 3368 2290 3437 qui
2329 3377 2384 3422 et
2428 3368 2548 3423 suis
2594 3368 2647 3423 in
2694 3368 3004 3430 domiciliis,
3053 3379 3150 3422 aut
3207 3370 3416 3425 cellulis
3449 3385 3480 3424 a

1910 3479 1971 3519 se
2021 3463 2349 3518 constructis
2390 3470 2667 3517 morantes
2713 3462 3017 3517 consistunt
3083 3461 3310 3517 arbitrio
3357 3477 3481 3529 suo,

1910 3564 1964 3610 et
2028 3568 2167 3624 quos
2216 3554 2439 3607 damnat
2500 3551 2819 3617 Cassianus,
2854 3567 3042 3608 vocem
3105 3550 3481 3623 Egyptiacam

1911 3662 2142 3702 censens
2170 3645 2566 3714 signiﬁcantem
2598 3644 2871 3710 renuitas,
2902 3645 3018 3699 sive
3042 3644 3293 3698 abbatem
3332 3643 3482 3699 refu.

1912 3747 2112 3800 tantes,
2144 3736 2326 3791 collat.
2364 3735 2419 3796 8.
2451 3750 2501 3790 c.
2534 3735 2587 3799 5,
2620 3735 2698 3789 uti
2733 3745 2957 3791 sanctus
2993 3734 3339 3799 Benedictus,
3368 3749 3418 3790 c.
3453 3735 3487 3791 5

1915 3831 2152 3900 Regulae,
2191 3838 2251 3883 ut
2277 3836 2361 3882 est
2387 3828 2576 3898 optimi
2609 3828 2845 3897 pessima
2884 3827 3183 3897 corruptio,
3218 3829 3347 3895 quia
3377 3840 3490 3882 non

1915 3924 2204 3978 servabant
2231 3929 2641 3989 actemosynen,
2678 3919 2793 3975 sive
2821 3919 3125 3973 nuditatem
3155 3932 3337 3973 rerum
3369 3932 3489 3972 om-

1914 4014 2106 4078 nium,
2180 4022 2663 4084 paupertatemque
2741 4021 2977 4077 arctam,
3029 4028 3127 4069 seu
3184 4010 3297 4083 (uti
3343 4012 3493 4068 canit

1916 4108 2209 4177 Horatius)
2262 4117 2549 4178 angustam
2599 4108 2934 4179 pauperiem,
2983 4122 3080 4163 nec
3108 4108 3494 4163 abdicaverant

1917 4216 2037 4256 sese
2074 4200 2549 4271 possessionibus,
2583 4215 2682 4256 nec
2717 4199 3079 4255 obedientiam
3110 4198 3491 4263 observabant.

1919 4293 2150 4348 necdum
2195 4292 2425 4364 perfecti
2473 4292 2751 4357 monachi,
2802 4293 2851 4349 si
2898 4307 3009 4348 non
3045 4293 3189 4347 ultra
3232 4307 3496 4363 propera-

314 4383 465 4475 Fecit
488 4383 561 4475 1a
586 4383 927 4486 αειταύίαηι,
952 4419 1151 4475 casu.-
1174 4419 1329 4473 modo
1362 4421 1554 4489 gaudet
1576 4420 1629 4472 in
1653 4417 1812 4483 auta;
1845 4446 1891 4503 ι)
1919 4393 2060 4503 {ﬁn}
2090 4383 2765 4503 ξιεῇηξέξίξξξξξξτίεξ
2798 4384 3321 4503 εξεξξξθῖξῖιίῖξιξτξξξ
3346 4398 3497 4503 figi;

313 4512 527 4567 Restitit
553 4513 661 4567 hwc
700 4511 893 4567 mundo
922 4528 1125 4581 semper
1147 4510 1377 4565 cmlestia
1402 4526 1639 4581 quarens
1657 4550 1674 4577 ,

318 4604 533 4674 Optima
561 4605 819 4659 servatrix
860 4603 1011 4673 legis,
1043 4604 1268 4673 ﬁdeique
1303 4602 1582 4671 magistra,

315 4697 474 4753 Inter
498 4698 718 4751 eximios
751 4695 1005 4749 Paradisi
1036 4704 1221 4765 regnat
1242 4693 1429 4748 odores

317 4784 568 4852 Tempore
604 4784 854 4837 continuo
896 4791 1114 4837 vernant
1149 4782 1237 4835 ubi
1283 4784 1525 4852 gramina
1563 4780 1713 4834 riuis-

316 4876 473 4930 Dedit
505 4878 760 4947 egregiam
806 4876 1007 4929 sanctis
1048 4891 1140 4945 per
1174 4873 1371 4929 saecula
1399 4880 1642 4938 mentem,

322 4967 711 5037 Exspectatque
766 4966 935 5020 Deum
961 4982 1179 5036 superas
1205 4982 1305 5036 quo
1333 4975 1514 5036 surgat
1541 4965 1611 5019 ad
1636 4981 1818 5032 auras,

320 5048 433 5115 Hoc
459 5061 631 5127 posuit
665 5076 852 5128 corpus
890 5060 1095 5112 tumqu
1128 5058 1382 5113 mortalia
1408 5058 1648 5128 linquens

323 5149 693 5220 Fundavitque
738 5149 911 5202 locum
939 5148 1170 5218 conjuna:
1218 5145 1476 5219 Euagrius
1521 5164 1704 5201 orans.

397 5239 547 5295 DEP.
592 5240 815 5297 DIE.....

322 5330 626 5389 ANTONIO
660 5333 737 5387 Ψ.
778 5329 1078 5388 SYAGRIO
1102 5346 1285 5388 conss.
1331 5332 1447 5387 sive
1484 5344 1629 5385 anno
1663 5329 1728 5385 C.
1759 5328 1826 5386 N.

327 5424 433 5479 385
473 5422 558 5495 (E
600 5422 912 5495 Panvinio).

252 5537 414 5595 Hanc
444 5539 607 5595 etiam
643 5554 892 5595 servasse
922 5537 1315 5595 continentiam
1352 5538 1407 5591 in
1445 5535 1700 5606 conjugio
1738 5535 1829 5590 illa

259 5633 452 5697 verba,
482 5640 633 5685 casta
659 5631 974 5700 Aphrodite,
993 5632 1129 5686 satis
1154 5630 1430 5694 indicant;
1461 5636 1516 5681 et
1543 5626 1830 5695 Evagrium

265 5724 528 5779 maritum
602 5721 863 5778 Orantem
943 5722 1151 5786 fuisse,
1230 5721 1347 5777 sive
1420 5718 1646 5785 ἱκέτην,
1721 5730 1832 5786 quo

1920 4494 1986 4550 pe
2016 4479 2054 4533 Ι.
2090 4494 2151 4546 ιι,
2194 4478 2261 4533 ad
2295 4476 2646 4533 Vincentium
2696 4478 2799 4545 51,
2834 4492 2957 4548 quae
3002 4485 3321 4532 numeratur
3351 4474 3496 4544 apud

1918 4572 2208 4627 Possinum
2237 4570 2386 4638 28t;
2435 4571 2501 4627 ad
2545 4569 2738 4626 Zosam
2779 4569 2971 4624 eodem
3018 4568 3116 4623 lib.
3160 4583 3220 4633 ιι,
3269 4575 3355 4621 est
3389 4566 3496 4633 73;

1918 4664 2155 4734 denique
2178 4664 2246 4718 ad
2282 4662 2700 4725 Thaumasium,
2726 4675 2820 4716 seu
2848 4658 3246 4721 Thaumarum,
3271 4658 3360 4724 33,
3395 4656 3496 4712 lib.

1919 4771 2141 4826 unquae
2167 4756 2344 4826 prima
2374 4755 2625 4820 Possino,
2644 4764 2992 4823 nuncupatur
3015 4751 3106 4806 hic
3132 4748 3500 4806 Thaumasius

1921 4849 1977 4903 in
2019 4846 2201 4903 Indice
2241 4847 2543 4903 monachus
2572 4846 2642 4901 ab
2679 4845 2895 4901 Allatio.
2939 4842 3047 4898 Sed
3097 4840 3186 4898 adi
3230 4839 3505 4911 (benigno

1921 4938 2128 5007 lector)
2175 4938 2374 4993 librum
2421 4951 2665 4992 mearum
2709 4934 3123 4991 adnotationum
3173 4931 3501 5004 Lexicogra-

1923 5028 2093 5097 phum
2122 5026 2179 5081 in
2220 5040 2354 5082 voce
2394 5027 2684 5096 "Acarnane,
2714 5025 2794 5080 uti
2822 5023 3152 5095 praemonui.

1995 5161 2211 5217 Tertius
2240 5160 2474 5232 gradus,
2518 5168 2579 5215 ut
2611 5175 2730 5216 mea
2775 5158 2994 5231 quidem
3033 5172 3184 5214 nunc
3227 5156 3335 5214 fert
3378 5170 3506 5212 sen-

1929 5253 2123 5317 tentia,
2162 5251 2266 5306 tuit
2317 5250 2701 5321 μοναζόντων,
2760 5250 2856 5320 qui
2909 5250 3077 5304 vitam
3139 5248 3505 5311 sanctiorem,

1927 5352 2090 5413 atque
2116 5341 2475 5396 monasticam
2523 5339 2816 5401 ducebant,
2855 5339 3158 5409 aspirantes
3185 5337 3408 5408 prOpius
3435 5335 3503 5390 ad

1929 5433 2348 5495 monachatum,
2399 5439 2455 5486 et
2504 5430 2623 5498 ejus
2662 5430 2829 5485 veluti
2881 5429 3206 5485 candidati:
3240 5443 3322 5486 διο
3365 5427 3507 5499 apud

1932 5522 2178 5579 Vestales
2221 5520 2474 5592 profanas
2516 5519 2792 5576 Romanas
2835 5519 3262 5592 μελλιέραιειιιιι
3296 5533 3510 5574 nuncu-

1933 5625 2071 5686 patre
2115 5617 2229 5685 (uti
2264 5616 2588 5671 Plutarchus
2632 5612 2862 5684 asserit)
2903 5629 3026 5686 qua:
3060 5612 3281 5669 fuerunt
3312 5624 3511 5667 conse-

1932 5706 2174 5764 orationi
2222 5707 2506 5779 proxima.
2558 5703 2617 5760 In
2659 5703 2919 5776 Epistolis
2970 5704 3213 5777 profecto
3253 5701 3359 5759 Nili
3403 5713 3511 5758 non
