3808 6226
375 270 514 338 1327

1317 262 1468 324 JOS.
1508 261 1774 323 MARIIE
1816 258 2174 321 SUAHESII
2214 258 2713 318 DISSERTATIO

3518 254 3650 319 1228

370 386 567 444 otiose,
594 390 659 433 ac
687 374 807 433 sine
848 374 1059 431 delectu
1092 371 1312 443 quidam
1347 370 1592 440 μοναχοὶ,
1629 368 1940 439 μονάζοντες

2067 367 2410 434 llosweidus,
2447 370 2500 423 in
2534 367 2876 423 Onomastico
2906 366 2975 420 ad
3016 366 3160 421 Vitas
3181 377 3495 419 sanctorum
3545 366 3653 417 Pr

370 471 460 527 alii
493 476 622 525 sunt
650 466 925 536 inscripti,
957 466 1033 520 ita
1060 464 1339 533 Δαὸουρίῳ
1361 503 1375 526 ,
1400 462 1517 515 sive
1559 458 1951 529 ’Δρδαϐουρίῳ.

372 560 711 617 Ardahurius
763 559 987 629 quidam
1026 557 1132 612 fuit
1173 556 1369 611 consul
1422 568 1567 607 anno
1600 552 1805 608 Christi
1849 550 1956 605 4°29

372 657 426 712 in
455 656 706 721 Oriente,
738 662 795 709 at
836 654 889 707 in
918 651 1215 708 Occidente
1255 649 1472 705 Hierius
1508 648 1612 704 sub
1643 646 1955 701 Theodosio

368 747 595 805 Juniore
625 756 681 802 et
726 745 1108 801 Valentiniano
1158 742 1222 797 Ill
1258 742 1557 814 Augustis;
1612 739 1855 810 comperi
1902 748 1957 794 et

383 838 760 911 Ἀρδαὸούριον
808 837 923 890 υἱὸν
956 837 1237 906 Ἀσπαρος
1265 835 1369 888 sub
1416 832 1596 887 Leone
1623 830 1765 902 Aug.
1794 830 1954 900 Apud

373 931 640 995 Suidam,
692 930 780 983 hic
835 929 1010 997 Aspar
1079 928 1146 982 ad
1224 935 1481 996 patrem,
1543 939 1669 978 cum
1752 921 1955 978 Leonis

370 1023 511 1094 Aug.
574 1022 732 1093 jussu
822 1022 985 1075 ambo
1058 1018 1477 1082 occiderentur,
1540 1014 1734 1071 Nonne
1805 1016 1958 1069 dice-

372 1118 496 1173 bam
557 1116 653 1171 tibi
702 1114 987 1185 (aiebat),
1023 1110 1293 1180 Φάγωμεν
1342 1110 1551 1163 Λέοντα
1610 1110 1741 1179 πρῖν
1807 1108 1957 1178 ἡμᾶς

370 1207 702 1279 ἀριστῆσαιι,
771 1205 1120 1261 Comedamus
1184 1202 1446 1266 Leonem,
1519 1203 1830 1272 priusquam
1893 1200 1959 1254 de

370 1300 520 1353 nobis
560 1307 733 1353 sumat
772 1296 1087 1367 prandium,
1140 1292 1331 1349 Billius
1374 1293 1540 1347 refert
1584 1293 1637 1347 in
1680 1292 1955 1348 Observat.

370 1402 511 1441 sacr.
538 1402 569 1443 e
602 1384 941 1453 Nicephoro;
967 1383 1104 1438 Galli
1128 1384 1320 1438 dicunt
1347 1399 1362 1437 :
1389 1381 1461 1436 Le
1490 1382 1611 1452 (you
1639 1382 1779 1451 enﬁn
1794 1381 1952 1453 σοι

368 1494 557 1549 mango
586 1494 683 1532 son
705 1478 941 1531 maistre.
978 1475 1284 1539 Μονάζοντι
1335 1472 1445 1529 Nili
1483 1475 1714 1544 epistola
1769 1472 1960 1528 Possi-

372 1570 537 1624 niana
570 1569 658 1635 15,
685 1567 956 1639 dirigitur,
987 1582 1111 1639 qua:
1144 1566 1287 1637 apud
1316 1565 1575 1621 Allatium
1608 1575 1695 1622 est
1721 1566 1811 1631 55,
1854 1566 1952 1620 lib.

371 1677 456 1727 ιιι,
487 1669 573 1717 est
620 1670 674 1716 et
703 1660 810 1716 246
851 1660 956 1715 alia
988 1678 1002 1716 :
1058 1670 1167 1715 tam
1209 1658 1499 1726 Possinus,
1528 1674 1694 1729 quam
1725 1658 1959 1713 Allatius

371 1756 447 1810 ibi
490 1751 792 1826 μονάζοντα
821 1753 1054 1809 reddunt
1080 1752 1417 1818 Monachum,
1453 1762 1511 1807 at
1565 1752 1828 1822 inscripta
1852 1752 1957 1805 Εὑ-

371 1846 543 1917 Θαλίῳ
571 1844 860 1917 μονάζοντι
887 1846 956 1900 ab
1003 1843 1206 1899 Allatio
1237 1852 1524 1900 numerata
1556 1844 1648 1907 40,
1715 1844 1809 1898 lib.
1868 1859 1952 1909 ιιι,

2064 468 2226 525 trum,
2256 459 2354 513 lib.
2390 476 2444 521 x,
2479 475 2532 529 p.
2566 460 2690 526 105,
2725 458 3005 520 observat,
3035 458 3107 511 ita
3146 466 3353 521 tamen,
3388 466 3447 509 ut
3487 474 3655 525 μονα-

2058 552 2163 619 χοὶ,
2179 549 2435 621 νεώτεροι
2460 552 2827 606 vocitarentur
2848 550 3022 614 initio,
3046 558 3094 604 et
3124 549 3343 603 interim
3366 548 3502 602 dum
3522 550 3655 602 rali-

2058 643 2182 696 dam
2208 642 2598 712 professionem
2619 644 2960 697 emitterent:
2982 642 3044 696 ad
3058 642 3360 711 νεωτέρους
3386 643 3529 694 istos
3549 642 3659 710 epi-

2059 735 2198 790 stola
2222 736 2329 791 505
2356 736 2451 789 lib.
2473 752 2529 789 ιιι
2556 736 2758 799 Allatii,
2779 746 2851 800 et,
2874 752 2995 805 quae
3024 736 3279 804 deinceps
3302 736 3658 802 subsequun-

2057 838 2148 883 tur
2174 828 2548 900 ἀνεπίγραφαι
2596 845 2770 897 usque
2804 830 2868 883 ad
2898 828 3023 884 555.
3066 827 3341 896 Mirorque
3372 828 3425 880 in
3469 825 3661 881 iudice

2058 920 2332 974 Allatiano
2372 931 2693 991 conceptam
2727 922 2874 974 illam
2926 920 3031 974 505
3090 919 3184 973 lib.
3248 936 3303 975 ιιι
3353 922 3656 988 epistolam

2059 1006 2198 1085 πρὸς
2228 1014 2582 1083 μονάζοντας,
2612 1015 2716 1069 nisi
2747 1015 2892 1084 quod
2938 1012 3184 1067 confudit
3212 1028 3305 1067 eos
3348 1013 3632 1081 interpres

2060 1104 2307 1174 Denique
2347 1108 2708 1162 sacrabantur
2743 1096 3022 1171 monachi,
3071 1116 3125 1161 et
3158 1106 3379 1160 nomina
3415 1107 3657 1160 submu-

2060 1199 2270 1253 labant.
2299 1199 2430 1255 Erat
2459 1201 2603 1254 enim
2634 1210 2869 1254 esancto
2898 1199 3156 1269 Dionysio
3184 1200 3239 1253 in
3265 1198 3658 1252 Ecclesiastica

2065 1291 2405 1357 Hierarchia,
2440 1309 2576 1363 apex
2616 1294 2969 1363 perfectionis
3021 1296 3405 1355 monachatus,
3471 1295 3576 1345 καὶ
3622 1296 3656 1361 ἡ

2057 1383 2465 1454 τετελουμὲνων
2501 1384 2811 1456 ὑψηλοτέρα.
2834 1382 3006 1450 τάξις,
3039 1394 3093 1439 et
3128 1384 3325 1439 Suidas
3356 1382 3567 1446 refert;
3591 1383 3661 1436 de

2057 1477 2367 1541 monachis,
2431 1478 2523 1547 qui
2576 1477 2740 1531 etiam
2798 1478 3105 1541 singulares
3146 1478 3647 1544 nuncupabantur.

2060 1568 2172 1637 agit
2200 1567 2319 1623 fuse
2345 1567 2680 1623 Scholiastes
2707 1569 2870 1639 602
2902 1570 2955 1622 in
2983 1567 3134 1622 Notis
3162 1570 3232 1623 ad
3283 1568 3317 1623 l.
3385 1585 3524 1622 um
3581 1567 3648 1621 C.

2060 1660 2336 1715 Theodos.
2372 1659 2449 1715 De
2473 1660 2799 1715 decurionib.
2830 1678 2953 1731 qua:
2983 1661 3052 1715 26
3083 1671 3169 1716 est
3213 1661 3268 1715 in
3298 1660 3654 1716 Justinianeo

1992 1717 2033 1772 Β
2058 1753 2194 1809 Cod.
2215 1753 2342 1808 data
2372 1751 2553 1825 Beryti
2581 1770 2611 1809 a
2633 1717 3015 1811 Valentiniano
3054 1765 3108 1810 et
3127 1754 3355 1811 Valente
3380 1755 3651 1825 Augustis

2058 1848 2096 1905 l.
2126 1863 2291 1903 xxxvn
2329 1847 2389 1903 C.
2418 1846 2694 1903 Theodos.
2725 1848 2801 1903 De
2830 1848 3225 1917 episcop.,data
3251 1847 3546 1902 Mediolani
3580 1847 3653 1900 ab

374 1935 467 1989 ubi
506 1935 838 1990 monachum
869 1934 1094 2005 exponit
1127 1934 1453 2005 μονάζοντα,
1480 1934 1669 1989 eadem
1694 1944 1798 2001 est,
1832 1949 1957 2003 quae
2056 1941 2294 1997 Arcadio
2323 1950 2377 1996 et
2420 1940 2684 2008 Honorio,
2717 1943 2829 1996 AA.
2875 1943 3109 1997 Severus
3158 1942 3371 2011 Sulpic.
3437 1941 3649 2011 ἀίδιος.

369 2029 437 2083 21
466 2027 702 2094 Possini,
732 2027 827 2098 qui
863 2026 1097 2097 μοναχὸν
1128 2031 1420 2093 enuntiat,
1467 2036 1523 2083 et
1566 2028 1940 2097 interpretato]

2058 2052 2099 2099 ι,
2135 2052 2185 2091 c.
2220 2038 2271 2101 1,
2304 2036 2445 2107 apud
2478 2036 2798 2091 Gratianum
2832 2036 2885 2091 in
2922 2036 3148 2091 Decreto
3197 2034 3287 2101 16,
3340 2049 3399 2105 (ι.
3432 2033 3487 2087 1.
3546 2032 3652 2087 De-

372 2119 709 2176 monachum.
749 2120 1008 2190 Δαμιανῷ
1034 2119 1323 2189 μονάζοντι
1350 2135 1435 2189 ep.
1469 2121 1594 2184 110,
1630 2118 1844 2175 Possin.
1898 2122 1940 2175 ir

2059 2125 2379 2181 scribuntur
2417 2127 2675 2181 monachi
2707 2142 2736 2180 a
2767 2126 2973 2181 Rutilio
3000 2124 3328 2179 Numatiano
3353 2124 3442 2179 bis
3470 2124 3529 2177 in
3554 2122 3650 2177 lti-

370 2226 436 2267 ea
469 2212 631 2267 vertit
659 2212 961 2284 μονάζοντα
996 2212 1321 2278 solitarium,
1350 2222 1407 2267 at
1442 2212 1757 2266 monachum
1814 2212 1955 2266 Alla-
2057 2234 2254 2285 nerar,
2314 2219 2405 2273 sed
2477 2218 2685 2273 ironice
2747 2227 3047 2287 carpuntur
3099 2233 3129 2271 a
3172 2225 3371 2271 sancto
3436 2213 3651 2270 Joanne

371 2303 483 2359 tius
510 2303 605 2359 lib.
634 2319 717 2369 ιιι,
745 2307 907 2375 epist.
940 2304 1065 2369 154,
1098 2304 1271 2374 ipsam
1301 2306 1525 2359 locans:
1557 2304 1827 2375 Μαριανῷ
1859 2321 1940 2375 μο-

2053 2307 2456 2379 Chrysostomo
2484 2309 2676 2363 homil.
2713 2308 2746 2363 8
2780 2309 2834 2362 in
2864 2307 3175 2363 Matthzeum
3203 2326 3217 2373 ;
3256 2308 3325 2362 ab
3369 2307 3645 2376 Eunapio,

374 2396 595 2460 νάζοντι
626 2400 789 2469 epist.
835 2396 951 2452 216
976 2416 990 2451 :
1018 2396 1250 2453 Possino
1279 2397 1464 2452 itidem
1490 2399 1793 2451 solitarium
1854 2413 1940 2451 ex-

2051 2400 2129 2454 De
2153 2402 2243 2453 vit.
2271 2400 2628 2470 philosopher.
2660 2401 2717 2453 in
2738 2399 2979 2459 Αῐιιεδίο,
3006 2416 3036 2454 a
3061 2399 3319 2455 Salviano
3339 2399 3646 2454 Massilien.

369 2488 613 2559 plicanti,
642 2500 728 2546 est
754 2490 846 2555 11,
876 2489 974 2547 lib.
1008 2504 1095 2544 tv:
1123 2490 1323 2545 Allatio
1352 2490 1665 2543 monachum
1684 2491 1948 2545 vertenti:
2052 2489 2149 2544 lib.
2205 2489 2282 2544 De
2310 2489 2694 2556 Providentia;
2730 2491 2786 2545 in
2818 2488 2958 2545 Vitis
2982 2490 3206 2544 Patrum
3234 2504 3265 2544 a
3301 2498 3497 2545 sancto
3528 2490 3651 2544 Hie-

366 2580 544 2638 eidem
583 2583 851 2638 Allatiana
874 2583 929 2650 7,
972 2582 1067 2637 lib.
1101 2598 1175 2650 tv,
1198 2582 1406 2637 directa
1431 2592 1537 2647 est,
1568 2583 1660 2638 sed
1694 2583 1951 2636 monacho
2054 2598 2303 2655 ronymo,
2340 2594 2393 2638 et
2417 2584 2561 2648 aliis,
2593 2598 2733 2653 quos
2775 2584 2991 2654 collegit
3037 2584 3312 2653 ediditque
3351 2583 3522 2639 simul
3577 2582 3642 2637 R.

368 2675 450 2732 uti
476 2673 813 2731 Possiniana:
850 2675 941 2739 54,
975 2673 1064 2740 55,
1092 2673 1200 2726 227
1237 2683 1291 2729 et
1319 2672 1448 2728 228.
1485 2672 1552 2729 Et
1596 2673 1825 2729 forsitan
1882 2675 1951 2729 ad
2051 2673 2114 2729 P.
2179 2672 2518 2745 Rosweydus
2576 2675 2689 2744 jam
2727 2690 2758 2729 a
2789 2690 2876 2729 me
2921 2675 3195 2739 laudatus,
3231 2674 3647 2745 illustravitqne

368 2765 733 2821 monasticam
758 2780 1081 2835 progressus
1113 2765 1341 2834 gradum
1375 2763 1650 2820 Marianus
1675 2764 1857 2819 fuerat
1883 2779 1948 2820 ex
2050 2763 2515 2819 adnotationibus.
2551 2761 2628 2819 De
2654 2763 2905 2818 laudibus
2927 2764 3095 2817 eremi
3152 2770 3333 2817 exstat
3391 2762 3641 2834 Epistola

367 2858 561 2913 ordine
609 2857 956 2927 μονάζοντος.
1013 2858 1333 2922 Μονάζοντα
1385 2858 1661 2929 Θεόδωρον
1713 2860 1940 2915 Allatius

2058 2853 2317 2909 Eucherii
2355 2855 2601 2925 episcopi
2626 2854 3006 2925 Lugdunensis
3040 2854 3108 2908 ad
3134 2854 3409 2908 Hilarium
3445 2871 3641 2908 mona-

367 2960 423 3006 et
453 2950 765 3004 monachum
808 2949 1042 3020 appellat
1067 2949 1121 3003 in
1150 2949 1410 3019 Epistolis
1439 2950 1545 3004 Nili
1582 2950 1675 3006 lib.
1709 2968 1790 3018 ιιι,
1827 2952 1946 3018 157,
2051 2945 2215 3001 chum
2254 2946 2497 3001 Lirinen.
2536 2948 2589 3000 in
2622 2962 2729 3016 qua
2753 2946 3107 3000 imitabantur
3134 2946 3255 3016 (ait)
3288 2945 3640 3000 solitariieos

370 3042 494 3107 158,
531 3042 655 3108 159,
692 3042 815 3098 160.
840 3042 912 3096 At
935 3039 1200 3097 Possinus
1228 3040 1484 3111 Epistolis
1515 3042 1636 3108 115,
1672 3044 1795 3109 114,
1822 3044 1940 3112 115,

2052 3039 2119 3095 de
2151 3041 2352 3109 quibus
2379 3040 2676 3110 Apostolus
2706 3040 2899 3094 scribit
2929 3039 2983 3093 in
3018 3038 3192 3108 Epist.
3246 3039 3317 3092 ad
3378 3037 3637 3093 Hebraeos

370 3134 494 3201 116,
531 3134 783 3205 μοναχὸν,
818 3142 874 3189 et
901 3132 1093 3187 Latine
1138 3133 1485 3198 monachum;
1522 3134 1749 3203 epistola
1802 3145 1947 3191 certe

369 3225 473 3281 160
500 3240 666 3296 penes
719 3224 978 3279 Allatium
1012 3224 1229 3279 brevior
1256 3233 1362 3289 est,
1412 3240 1576 3295 quam
1610 3228 1754 3296 apud
1808 3226 1945 3283 Pos-

368 3318 553 3372 sinum
599 3315 724 3371 116.
758 3316 1021 3370 Eumdem
1053 3313 1403 3370 Theodorum
1442 3316 1676 3387 μοναχόν
1725 3333 1945 3373 nuncu-

367 3419 479 3479 pat,
509 3418 563 3463 et
615 3407 776 3463 vertit
801 3408 1036 3462 Allatius
1066 3407 1163 3461 lib.
1201 3421 1262 3472 ιι,
1294 3406 1545 3475 epistolis
1576 3406 1665 3471 65,
1708 3408 1797 3474 76,
1849 3411 1941 3465 sed

366 3500 533 3565 6125,
567 3499 662 3554 lib.
696 3515 769 3565 IV,
799 3513 920 3569 quae
965 3497 1217 3567 adempta
1276 3505 1361 3552 est
1390 3496 1494 3551 116
1539 3499 1794 3565 Possini;
1856 3502 1945 3556 cui

367 3606 561 3648 rursus
592 3590 935 3660 adiungenda
963 3598 1069 3652 est,
1100 3589 1232 3658 quin
1264 3588 1448 3658 potius
1512 3598 1657 3644 esset
1716 3591 1942 3647 delenda

367 3684 485 3753 ipsa
511 3681 615 3736 160
640 3681 820 3736 Allatii
862 3688 1118 3750 tanquam
1165 3693 1292 3749 pars
1324 3680 1553 3750 repetita
1583 3680 1747 3750 hujus
1802 3682 1939 3749 116;

366 3783 423 3829 et
464 3774 733 3828 Allatiana
765 3772 859 3839 25,
892 3772 988 3827 lib.
1026 3785 1099 3825 tv.
1126 3770 1368 3843 Εὐγενιῳ
1390 3772 1695 3840 μονάζοντι,
1715 3775 1941 3844 epistola

368 3864 474 3921 102
507 3864 723 3921 Possini
760 3872 847 3919 est
888 3862 1186 3932 inscripta;
1226 3862 1526 3916 solitarium
1586 3863 1633 3917 is
1689 3865 1938 3931 reddidit,

366 3955 597 4011 Aliatius
620 3954 933 4009 monachum
962 3954 1057 4006 lib.
1099 3968 1220 4017 xm,
1255 3952 1415 4023 epist.
1449 3952 1573 4008 117.
1615 3952 1941 4011 Monachum

365 4046 611 4118 profecto
645 4046 864 4102 vocavit
890 4045 942 4098 in
976 4045 1138 4099 titulo
1166 4045 1522 4115 epistolarum
1555 4047 1679 4110 175,
1736 4049 1840 4102 176
1886 4058 1943 4103 et

368 4137 495 4204 181,
550 4138 717 4208 inque
740 4138 832 4193 illa
863 4136 979 4207 ipsa
1009 4136 1112 4190 175
1158 4137 1398 4191 ιιοιιᾱιιιιι
1448 4137 1599 4191 illum
1658 4152 1941 4194 emensum

368 4228 543 4285 fuisse
597 4243 772 4285 attnos
830 4228 1163 4299 quindecim,
1205 4229 1430 4299 μονήρει
1477 4227 1577 4299 βίῳ
1622 4230 1940 4301 ἐνοικούμε-

369 4339 485 4388 νον,
533 4322 587 4377 id
637 4330 741 4387 est,
794 4321 1135 4376 insistentem
1187 4326 1310 4375 vitae
1361 4320 1679 4376 monasticae
1731 4322 1937 4388 tradit;

2047 3134 2300 3203 superius
2331 3135 2493 3189 allato
2514 3149 2566 3189 c.
2584 3143 2895 3199 n,errantes
2916 3134 2973 3186 in
2992 3133 3343 3199 montibus,et
3367 3135 3635 3203 speluncis

2046 3229 2380 3298 cavernisque
2430 3237 2584 3283 terra?
2614 3228 2842 3292 abditos,
2884 3227 3074 3296 quibus
3104 3227 3295 3295 dignus
3359 3242 3468 3278 non
3520 3237 3636 3279 erat

2046 3318 2295 3372 mundus.
2328 3319 2462 3373 Vide
2488 3318 2824 3385 Tristanum,
2861 3327 2991 3373 tom.
3022 3318 3064 3371 ll
3117 3316 3327 3371 Histor.
3363 3318 3523 3371 Rom.
3573 3334 3636 3371 ar

2047 3408 2435 3476 Numismatis,
2478 3426 2531 3480 p.
2566 3410 2700 3477 135,
2733 3411 2801 3464 de
2849 3408 3133 3463 monachis
3163 3422 3471 3478 eorumque
3522 3408 3632 3463 eel-

2046 3503 2207 3571 lulis;
2240 3512 2293 3558 et
2322 3502 2646 3557 feminarum
2676 3502 3009 3568 monastrire,
3031 3502 3633 3567 moniales,sanctimo-

2044 3596 2238 3663 niales,
2272 3596 2480 3651 ancilla:
2499 3595 2614 3662 Dei,
2645 3604 2700 3650 et
2731 3594 2839 3650 Deo
2864 3596 3070 3650 devotae
3098 3595 3334 3665 virgines
3356 3596 3633 3650 vocaban-

2044 3696 2153 3752 tur,
2189 3688 2395 3756 passim
2428 3689 2567 3755 apud
2616 3696 2866 3741 sanctum
2924 3684 3267 3756 Gregorium,
3325 3686 3424 3756 qui
3466 3686 3504 3740 Ι.
3558 3701 3630 3752 tv,

2043 3777 2206 3846 epist.
2246 3777 2309 3830 13
2340 3778 2407 3832 de
2438 3777 2616 3832 insula
2659 3777 2941 3847 Capraria,
2976 3777 3043 3831 de
3090 3778 3269 3831 insula
3322 3776 3630 3848 Gorgonis,

2044 3873 2217 3940 deque
2249 3871 2536 3925 monachis
2567 3871 2760 3925 insulae
2789 3870 2984 3925 Montis
3012 3869 3239 3935 Christi,
3289 3870 3392 3925 lib.
3434 3886 3451 3923 ι
3493 3869 3628 3923 Dia-

2042 3963 2149 4034 log.
2187 3980 2238 4019 c.
2268 3965 2357 4019 49.
2401 3962 2635 4019 Sanctus
2665 3965 2953 4035 Gregorius
2989 3963 3367 4018 Nazianzenus
3403 3964 3461 4018 in
3494 3963 3636 4020 Pon-

2043 4064 2159 4108 tum
2194 4053 2489 4123 profeetus,
2517 4056 2642 4107 dum
2676 4055 2814 4123 fugit
2841 4055 3238 4124 episcopatum,
3264 4054 3633 4125 philosopha-

2042 4156 2132 4201 tus
2162 4156 2245 4200 est
2287 4162 2409 4200 cum
2440 4146 2662 4213 Basilio,
2708 4155 2936 4215 uterque
2963 4146 3105 4216 leges
3159 4147 3283 4201 tulit
3339 4147 3475 4201 vita:
3514 4162 3610 4202 mo

2041 4240 2287 4302 nasticae,
2318 4240 2392 4293 uti
2427 4249 2665 4293 recenset
2700 4238 2891 4292 Billius
2930 4239 2984 4292 in
3015 4237 3135 4308 ejus
3180 4236 3340 4304 Vita;
3380 4239 3476 4294 hic
3503 4255 3633 4295 san-

2041 4343 2164 4387 ctus
2199 4330 2516 4400 Gregorius,
2548 4340 2692 4385 orat.
2716 4331 2787 4384 20
2819 4332 2869 4384 in
2906 4331 3119 4385 laudem
3169 4331 3344 4386 sancti
3413 4330 3630 4399 Basilii,

366 4414 839 4485 undecolligotam
865 4413 921 4467 in
944 4411 1261 4483 ἐγκρατείᾳ,
1290 4428 1385 4468 seu
1410 4415 1939 4484 c0ntinentia,quam
1970 4420 2015 4477 D
2043 4426 2389 4479 commendat
2423 4425 2591 4478 vitam
2643 4423 3024 4487 monasticam,
3053 4438 3109 4493 p.
3164 4422 3302 4488 567;
3332 4433 3394 4478 et
3452 4425 3507 4478 in
3561 4424 3624 4478 21

364 4506 422 4561 in
443 4506 696 4577 ἀσκήσει,
715 4516 810 4560 aut
827 4505 1218 4560 exercitatione
1238 4502 1410 4560 fuisse
1430 4506 1495 4559 de
1512 4521 1682 4572 more,
1707 4508 1943 4576 spatium

366 4598 634 4668 temporis
653 4597 988 4667 impendere,
1004 4594 1146 4649 sicut
1162 4610 1336 4651 annos
1359 4596 1716 4666 probationis,
1739 4599 1822 4653 vel
1848 4614 1942 4655 no-

361 4692 611 4759 vitiatus,
642 4691 755 4745 imo
780 4698 836 4745 et
883 4690 938 4744 in
962 4688 1063 4761 βίῳ
1093 4688 1406 4760 μονάζοντι,
1448 4690 1566 4745 sive
1589 4689 1645 4744 in
1677 4691 1936 4746 Monazo-

363 4785 457 4840 nio
480 4785 607 4857 (qua
643 4797 778 4839 voce
816 4783 894 4837 uti
929 4790 1062 4852 puto
1090 4781 1360 4836 Alciatum
1396 4780 1451 4836 in
1480 4784 1735 4838 versione
1760 4782 1936 4840 Graeci

363 4878 827 4951 Epigrammatis).
883 4877 1141 4932 Addenda
1186 4886 1272 4932 est
1312 4876 1617 4933 Theodosia
1677 4877 1937 4948 μονάζου-

366 4986 457 5039 ou,
495 4970 582 5027 cui
617 4968 772 5024 Nilus
798 4968 989 5024 scribit
1044 4967 1142 5021 lih.
1177 4982 1238 5031 ιι,
1263 4968 1425 5037 epist.
1458 4967 1585 5031 116,
1620 4968 1761 5037 apud
1784 4968 1940 5021 Αιια-

366 5063 517 5126 tium,
555 5061 651 5132 qui
680 5059 960 5114 monialem
993 5060 1194 5125 vertit;
1227 5059 1552 5115 hortabatur
1604 5073 1725 5114 eam
1758 5057 1935 5124 Nilus,

364 5169 432 5209 ne
454 5161 719 5224 praecepta
747 5153 881 5208 viris
911 5154 965 5206 in
998 5151 1229 5209 ecclesia
1256 5150 1469 5207 tradere
1518 5151 1761 5217 auderet,
1817 5167 1939 5208 eos-

363 5262 470 5317 que
499 5246 773 5303 desineret
799 5246 1015 5301 docere.
1048 5243 1092 5299 E
1121 5245 1510 5316 suprascriptis
1536 5245 1701 5317 igitur
1728 5245 1936 5314 liquido

363 5348 512 5409 patet
562 5338 895 5409 μονάζοντας
920 5336 1112 5405 fuisse,
1164 5335 1261 5408 qui
1303 5336 1553 5407 proxime
1607 5336 1938 5391 accedebant

362 5432 431 5485 ad
461 5431 826 5488 monachatus
853 5431 1274 5502 professionem,
1330 5444 1456 5485 cum
1482 5438 1662 5484 autem
1692 5429 1761 5483 ad
1788 5429 1935 5483 illam

362 5524 807 5590 admittebantur,
860 5523 1228 5580 induebantur
1275 5521 1575 5589 schemate,
1634 5536 1732 5577 seu
1787 5531 1938 5576 veste

362 5615 576 5682 novitii,
624 5634 747 5689 quae
775 5619 989 5676 diversa
1018 5628 1158 5686 erat,
1181 5634 1245 5675 ac
1269 5619 1528 5675 distincta
1566 5617 1640 5673 ab
1684 5632 1769 5683 ea,
1827 5632 1934 5688 qua

363 5706 755 5779 vestiebantur.
781 5725 908 5769 cum
950 5710 1208 5768 monachi
1230 5708 1459 5782 perfecti
1485 5709 1813 5776 evadebant,
1847 5709 1930 5765 uti

2039 4517 2287 4571 oratione
2318 4517 2373 4571 in
2404 4516 2619 4571 laudem
2651 4516 2826 4571 sancti
2848 4515 3160 4581 Athanasii,
3185 4531 3240 4585 p.
3272 4514 3404 4579 589,
3434 4516 3491 4569 in
3512 4532 3635 4571 ora-

2041 4610 2192 4666 tione
2225 4610 2425 4680 prima,
2462 4624 2515 4679 p.
2544 4609 2635 4672 14,
2667 4617 2723 4663 et
2749 4609 2803 4661 in
2837 4607 3080 4662 Carmin.
3109 4622 3163 4676 p.
3196 4606 3366 4672 1570;
3405 4609 3463 4663 in
3492 4609 3632 4664 deﬁ-

2040 4698 2247 4753 nitione
2270 4706 2409 4752 orat.
2453 4696 2539 4763 12,
2588 4712 2641 4767 p.
2683 4696 2826 4763 459;
2860 4696 3047 4751 Carm.
3078 4697 3145 4750 ad
3177 4696 3336 4751 ﬁctos
3360 4700 3626 4755 monach.

2039 4804 2095 4858 p.
2123 4788 2263 4843 1502
2291 4785 2602 4853 et1513,ad
2636 4786 2936 4841 monachos
2965 4785 3021 4839 in
3046 4784 3315 4841 cmnobiis
3340 4785 3627 4857 degentes,

2039 4880 2105 4934 ad
2138 4877 2467 4933 Hellenium.
2501 4877 2735 4933 Sanctus
2776 4877 3119 4948 Augustinus
3171 4868 3485 4933 monachos
3537 4894 3630 4933 no.

2039 4971 2392 5026 minatseruos
2424 4968 2546 5034 Dei,
2579 4970 2740 5039 epist.
2772 4966 2847 5022 70'
2869 4980 2922 5025 et
2945 4969 3149 5039 passim
3175 4986 3190 5035 ;
3225 4976 3283 5023 et
3309 4971 3629 5025 monachis-

2038 5077 2189 5117 mum
2216 5062 2382 5117 simul
2412 5076 2539 5116 cum
2571 5062 2840 5130 baptismo
2870 5062 3133 5131 suscepit,
3163 5068 3222 5115 ut
3271 5061 3479 5130 probat
3529 5060 3626 5115 Ri-

2038 5157 2182 5223 vius,
2223 5155 2320 5210 lib.
2351 5171 2389 5221 ι,
2433 5169 2554 5224 cap.
2584 5153 2770 5225 1,§52
2823 5151 2931 5207 Vit.
2980 5153 3153 5206 sancti
3209 5154 3525 5222 Augustini,
3572 5164 3625 5208 et

2038 5249 2337 5305 amicitiam
2369 5263 2493 5302 cum
2527 5247 2773 5301 Eudoxio
2822 5247 3017 5301 abbate
3053 5244 3473 5301 Cellulanorum
3515 5245 3621 5301 Ca-

2039 5342 2237 5413 prarize
2262 5342 2457 5396 insula:
2478 5339 2649 5394 coluit
2679 5337 2841 5408 epist.
2865 5336 2955 5403 81,
2989 5345 3044 5389 et
3066 5336 3305 5391 instituit
3330 5336 3455 5405 ipse
3505 5351 3620 5389 mo-

2040 5436 2265 5500 nachos,
2302 5435 2479 5503 deque
2517 5448 2681 5503 opere
2734 5432 2955 5487 illorum
3011 5431 3212 5484 librum
3265 5432 3617 5496 conscripsit.

2038 5525 2228 5582 Rivius
2262 5527 2327 5581 de
2355 5526 2499 5597 ipso,
2532 5524 2559 5596 §
2588 5524 2645 5591 2,
2674 5539 2722 5579 c.
2762 5524 2811 5588 1,
2838 5522 2933 5577 lib.
2966 5537 3050 5586 nt,
3090 5531 3305 5574 sanctas
3339 5521 3615 5588 formicas.

2036 5626 2091 5670 et
2140 5626 2353 5670 sanctas
2384 5631 2507 5685 apes
2546 5612 2846 5668 monachos
2872 5611 3164 5682 compellat
3204 5611 3347 5665 idem
3391 5621 3617 5665 sanctus

2036 5708 2249 5766 doctor.
2294 5707 2475 5765 Verba
2521 5707 2743 5780 quidem
2787 5704 2974 5762 Graeca
2999 5720 3123 5763 cum
3180 5719 3484 5775 paragoge,
3522 5717 3617 5760 seu
