3808 6226
114 289 250 353 1329

1314 308 1408 370 DE
1444 310 1823 377 OPERIBUS
1855 319 1914 380 S.
1950 321 2135 383 NILI.

3238 331 3377 397 i330

106 405 734 475 prmlttctimte,a§w,uti
788 416 1030 483 κωμάζω
1095 419 1356 489 ὲορτὰζω,
1417 427 1683 497 χειμάζω,

1804 437 2186 495 entationibus
2230 455 2356 496 eum
2390 441 2711 509 admonens,
2760 458 2871 515 quo
2917 443 3051 515 ipsis
3108 443 3373 512 obsistat;

110 502 417 565 σπουδάζοι,
450 504 715 572 σχολάζω,
744 505 1250 582 λωϐάζω,πειράζω
1269 518 1570 586 emphasim
1589 520 1686 576 ha-

105 595 257 657 bere,
309 606 470 664 atque
524 598 765 655 indicare
791 602 1040 658 videntur
1067 605 1319 663 affectum
1377 615 1688 682 quemdam,

107 695 159 739 et
193 688 618 757 protensionem,
639 690 718 745 sic
746 693 852 747 ἀπὸ
885 694 975 748 τοῦ
1010 698 1261 765 μονάζειν
1294 702 1341 753 οἱ
1371 704 1693 772 μονάζοντες

106 779 369 844 erantqui
390 776 598 848 jamdiu
623 784 947 851 appetebant
973 786 1174 858 ingenti
1206 806 1328 846 cum
1354 792 1548 849 aliectu
1576 812 1693 851 mo—

109 868 429 931 nachatutn,
452 880 505 925 et
526 871 689 926 veluti
718 875 1097 945 pertingebant
1119 883 1274 950 quasi
1308 886 1553 952 proxime
1577 888 1696 942 ciu-

105 958 291 1025 gendi,
345 960 816 1030 etmelloproximi
862 982 994 1021 voce
1050 968 1465 1028 Graeco-Latina
1520 974 1697 1031 Juris-

105 1050 513 1116 consultorum,
544 1067 644 1120 pro
674 1052 875 1109 cinctis
902 1058 1288 1125 censebantur,
1313 1062 1697 1116 sumebantur-

106 1155 216 1209 que
269 1143 580 1211 promiscue
619 1161 717 1215 pro
748 1149 1054 1214 monachis,
1094 1151 1172 1205 uti
1222 1153 1430 1210 tirones
1508 1157 1696 1211 multis

106 1231 396 1299 stipendiis
424 1235 676 1304 expletis,
700 1244 797 1291 aut
826 1238 1095 1308 προλυταὶ
1124 1242 1373 1311 pluribus
1399 1230 1561 1301 annis
1577 1258 1694 1301 stu-

104 1322 196 1376 dio
226 1315 673 1394 jurisprudentiae
700 1328 1000 1398 impensis,
1055 1334 1406 1391 continentia:
1477 1354 1693 1409 nempe,

105 1428 203 1467 seu
235 1415 506 1471 castitatis
532 1418 809 1486 specimen
840 1420 1103 1477 dederant
1155 1434 1546 1496 temperantes,
1600 1444 1693 1483 seu

104 1509 424 1577 ἐγκρατεῖς,
456 1517 513 1562 at
541 1513 901 1580 paupertatis,
932 1522 986 1568 et
1015 1516 1367 1583 obedientite,
1391 1522 1519 1573 dum
1543 1536 1697 1575 ascr-

108 1610 192 1652 tas
223 1609 473 1668 egerant,
505 1612 599 1657 aut
627 1605 1064 1662 exercitatores:
1099 1609 1336 1681 denique
1391 1614 1553 1667 trium
1595 1613 1694 1668 ha-

102 1706 229 1744 rum
269 1693 698 1756 virtutum,dum
729 1696 1056 1765 μονάζοντες
1092 1699 1295 1770 forent,
1334 1703 1496 1775 603
1538 1704 1694 1775 quasi

105 1784 476 1838 maturitatem
511 1788 963 1856 assequebantur.

177 1916 237 1971 In
306 1921 675 1979 ecclesiastica
728 1926 959 1983 historia
1022 1932 1417 1988 monachorum
1487 1936 1697 2006 species

104 2011 277 2064 variae
323 2025 766 2081 percensentur:
823 2034 925 2090 ego
966 2037 1096 2077 vero
1153 2025 1511 2082 animadverti
1571 2044 1725 2098 per-‘

104 2102 410 2156 scrutando
463 2104 779 2174 diligentius
825 2110 991 2165 hosce
1032 2114 1301 2184 praecipue
1334 2125 1443 2171 tres
1498 2125 1698 2188 gradus

99 2210 298 2262 parum
330 2200 398 2249 ab
423 2198 544 2253 aliis
576 2200 1036 2266 observatos,imo
1064 2207 1382 2278 plerumque
1404 2210 1684 2279 confusos,

99 2297 156 2338 et
187 2286 493 2355 μονάζοντα
544 2294 770 2360 exposui
807 2306 1055 2364 agentem
1093 2300 1456 2355 monasticam
1494 2304 1687 2359 vitam.

100 2379 373 2447 Agatltius
409 2381 573 2448 igitur
605 2384 710 2438 iste
737 2389 1096 2442 monasticam
1129 2390 1292 2445 vitam
1320 2407 1486 2462 agens
1511 2393 1694 2451 Nilum

104 2470 560 2526 meditabundum
594 2482 851 2544 tanquam
887 2493 955 2532 ex
987 2479 1204 2536 insidiis
1238 2483 1462 2539 adortus
1505 2497 1613 2552 est,
1642 2498 1699 2543 et

104 2579 402 2634 aggressus
430 2567 811 2637 improvisum,
839 2580 892 2625 et
915 2574 1147 2630 suadere
1169 2578 1329 2646 coepit
1367 2592 1425 2634 ut
1451 2579 1695 2638 Etlticam

100 2659 447 2724 quampiam,
479 2673 573 2713 seu
606 2658 864 2715 Moralem
916 2664 1350 2721 lucubrationem
1386 2672 1698 2727 conscribe-

103 2760 213 2802 ret.
250 2749 317 2803 At
343 2747 500 2805 Nilus
529 2751 584 2805 in
619 2752 970 2822 Expositione
999 2754 1341 2813 Psalmorum
1374 2772 1693 2832 occupatus,

102 2840 272 2909 cujus
329 2840 630 2911 fragmenta
687 2845 949 2898 nonnulla
1004 2848 1357 2916 reperiuntur
1416 2850 1471 2905 in
1509 2852 1699 2907 codice

101 2932 412 2987 Barberino
443 2936 839 3005 manuscripto,
877 2947 931 2991 et
959 2940 1101 3008 apud
1133 2938 1437 2995 Bessouum
1499 2944 1553 2997 in
1588 2944 1697 2999 Ca-

102 3037 293 3082 tenam
334 3026 587 3097 Procopii
631 3044 793 3112 super
833 3029 1076 3087 Canticis
1114 3034 1480 3099 canticorum,
1531 3036 1697 3107 tergi-

1790 539 1845 584 et
1898 529 2128 587 forsnan
2178 533 2247 588 ad
2299 534 2640 591 diaconatum
2701 538 3013 608 promoveri
3076 550 3373 594 meruerat.

1793 616 2021 674 Exstant
2075 630 2131 675 et
2179 621 2685 680 lsidoriPelusiotte
2720 626 2838 696 qui,
2881 624 3071 681 eodem
3131 634 3377 697 tempore

1794 710 1997 766 vixisse
2024 712 2258 780 videtur,
2290 724 2344 770 et
2371 717 2622 772 eumdem
2653 716 2976 787 magistrum
3022 717 3213 773 habuit
3253 733 3379 773 san-

1795 811 1943 855 ctum
1962 800 2228 859 Joannem
2252 804 2731 878 Chrysostomum,
2756 808 2825 863 ad
2848 809 3121 880 Agathum
3147 809 3376 880 presby-

1796 902 1970 976 terum
2010 895 2047 949 1.
2082 912 2120 950 ι.
2171 898 2330 969 epist.
2357 899 2483 966 270,
2520 909 2575 956 ct
2606 901 2643 955 l.
2692 918 2778 966 ιιι,
2815 901 2975 972 epist.
3008 901 3096 967 18,
3126 902 3218 966 27,
3251 900 3373 966 160,

1792 985 1919 1050 296,
1957 988 2081 1054 505,
2108 989 2225 1045 sive
2252 988 2737 1061 Agathodaamona.
2774 995 2854 1049 Eo
2888 994 3147 1049 nimirum
3178 1002 3379 1064 tempo-

1795 1097 1855 1135 re
1885 1082 2085 1151 saepius
2128 1100 2158 1138 e
2190 1086 2474 1141 monachis
2503 1086 2720 1142 diaconi
2765 1087 3165 1158 deligebantur,
3208 1086 3379 1142 immo

1796 1174 2097 1243 presbyteri
2151 1185 2206 1230 et
2250 1177 2519 1247 episcopi,
2573 1189 2793 1235 auctore
2844 1179 2997 1236 card.
3040 1177 3278 1235 Baronio
3308 1180 3380 1236 ad

1796 1282 1925 1322 ann.
1959 1268 2063 1324 598
2093 1267 2155 1324 C.
2189 1268 2280 1334 N.,
2324 1280 2379 1326 et
2410 1271 2580 1342 liquet
2606 1288 2637 1328 e
2684 1272 2723 1328 l.
2777 1289 2951 1350 xxxii.
2988 1271 3052 1329 C.
3100 1270 3378 1328 Theodos.

1798 1360 1875 1416 De
1907 1364 2069 1431 episc.
2103 1375 2151 1417 et
2180 1363 2357 1419 cleris.
2389 1363 2562 1420 Tanta
2591 1374 2711 1421 erat
2758 1366 3155 1421 monachorum
3189 1364 3377 1420 multi-

1798 1453 1929 1507 tudo
1958 1493 1973 1515 ,
2019 1463 2099 1508 tot
2127 1456 2377 1510 examina
2422 1472 2707 1513 servorum
2762 1457 2890 1513 Dei:
2923 1456 3041 1513 hac
3081 1456 3228 1511 enim
3272 1472 3376 1512 vox

1798 1540 1815 1611 (
1841 1549 1900 1595 ut
1923 1541 2035 1610 jam
2070 1544 2259 1598 monui
2287 1544 2305 1611 )
2343 1546 2643 1602 monachos
2675 1547 2958 1619 signiﬁcat.
2990 1547 3227 1605 Sanctus
3246 1547 3379 1604 Gre-

1795 1633 1982 1702 gorius
2011 1632 2194 1688 M.lib.
2226 1652 2277 1689 ιι.
2309 1636 2471 1706 epist.
2491 1637 2579 1702 51,
2599 1648 2654 1695 et
2678 1639 2773 1694 lib.
2806 1656 2869 1695 ιι.
2898 1640 3061 1710 epist.
3098 1639 3170 1695 24
3201 1650 3255 1696 et
3281 1639 3377 1705 9i,

1764 1791 1767 1795 ι
1798 1725 1891 1779 lib.
1925 1742 2021 1781 vut
2044 1736 2099 1781 et
2126 1743 2313 1782 xxxix.
2340 1728 2437 1785 lib.
2460 1745 2553 1785 xxt
2578 1746 2627 1786 ε.
2653 1731 2991 1789 12.8ειιιειιιε
3016 1731 3381 1806 Hieronymus

1726 1802 1770 1858 Β
1798 1818 1994 1887 psalm.
2028 1820 2151 1875 155.
2183 1820 2546 1891 θεραπευταὶ,
2577 1822 2813 1881 Sanctus
2847 1824 3139 1897 Dionysius
3171 1802 3375 1881 Eccles.

1800 1909 2122 1979 Hieran/1.;
2159 1912 2313 1969 Philo
2372 1915 2465 1970 lib.
2522 1915 2599 1970 De
2636 1918 2731 1971 sit.
2769 1917 3094 1988 contempl.;
3142 1917 3379 1974 Sanctus

1798 2007 2140 2076 Augustinus
2156 2010 2317 2080 epist.
2333 2011 2401 2066 56
2424 2028 2439 2078 ;
2463 2010 2747 2069 Ennodius
2774 2013 2813 2068 l.
2838 2013 3215 2085 tn.epist.29;
3243 2016 3377 2087 quin

1798 2111 1853 2157 et
1882 2102 2133 2158 homines
2157 2102 2324 2175 604
2344 2103 2460 2169 Dei,
2495 2105 2597 2160 viri
2622 2105 2751 2172 Dei;
2786 2105 2860 2161 ita
2900 2116 3126 2164 sanctus
3153 2108 3380 2162 Alexius

1799 2197 2091 2261 vocitatus,
2125 2206 2179 2251 et
2192 2196 2525 2268 Porphyrius
2560 2198 2616 2253 in
2640 2196 2766 2254 Vita
2786 2199 2961 2256 sancti
2982 2199 3221 2270 Agapiti,
3240 2208 3295 2255 et
3323 2199 3379 2253 in

1799 2285 2075 2358 Martyrol.
2108 2284 2267 2341 Rom.
2297 2286 2369 2340 20
2394 2287 2647 2358 Augusti.
2682 2288 2843 2342 Anno
2873 2285 3013 2343 1658
3046 2285 3243 2341 effossa
3278 2286 3379 2340 iuit

1800 2380 1903 2435 sub
1930 2379 2165 2434 statione
2187 2378 2442 2436 Cohortis
2468 2379 2842 2436 Helvetiorum
2867 2378 3134 2451 prastoria:
3161 2380 3215 2432 in
3238 2381 3382 2433 Arca

1800 2468 2063 2525 Vaticana
2120 2469 2505 2539 hujuscemodi
2554 2480 2713 2525 vetus
2756 2468 3067 2540 inscriptio,
3116 2483 3278 2539 quam
3307 2466 3378 2521 ad

1798 2579 2002 2619 annum
2044 2564 2250 2619 Christi
2284 2563 2411 2631 405,
2467 2579 2612 2619 coss.
2658 2562 2973 2619 Theodosio
3007 2560 3225 2630 juniore
3266 2561 3379 2631 pri-

1801 2673 1949 2711 mum
1984 2666 2040 2712 et
2068 2657 2413 2722 Rumoridio,
2453 2655 2861 2712 eruditissimus
2891 2652 3209 2709 Holstenius
3233 2662 3379 2705 retu-

1798 2749 1890 2803 lit:
1924 2748 2286 2814 Quintilianus
2329 2748 2483 2802 Itomo
2514 2746 2612 2802 Dei
2663 2746 2989 2815 conﬁrmans
3043 2743 3380 2808 Trinitatem,

1799 2859 1985 2895 amans
2018 2843 2351 2905 castitatem,
2390 2855 2639 2909 respuens
2673 2837 2929 2892 mundum
2950 2836 3237 2908 requiescet
3274 2850 3385 2888 una

1801 2936 2185 3005 cum.......qui
2201 2934 2333 2989 vixit
2360 2950 2491 2988 ann.
2512 2932 2580 2987 P.
2601 2934 2679 2988 M.
2698 2928 3217 2988 X.......Tlteodosio
3242 2926 3379 2996 Aug.

1800 3037 1850 3081 et
1886 3028 1951 3083 R.
1987 3028 2080 3083 ubi
2111 3027 2262 3082 vides
2290 3026 2557 3081 castitatis
2595 3039 2861 3089 amorem,
2890 3032 2946 3079 et
2975 3020 3165 3077 mundi
3195 3019 3380 3089 despi-

100 3120 453 3199 versabatur,
488 3131 751 3179 causatus
790 3124 974 3179 saeculi
1008 3126 1333 3195 nequitiam,
1373 3144 1539 3199 quam
1573 3144 1691 3184 cor-

1804 3120 2079 3186 cieutiam,
2110 3120 2225 3175 sive
2246 3118 2500 3190 ἄσκησιν,
2541 3126 2594 3173 et
2615 3117 2966 3188 ἐγκράτειαν.
3010 3114 3101 3170 isti
3132 3113 3383 3169 homines

99 3194 237 3282 rigi,
293 3226 357 3266 ac
412 3214 687 3268 emendari
721 3213 1065 3284 desperabat,
1096 3194 1223 3272 cum
1259 3233 1369 3273 ιιοιι
1390 3194 1561 3285 esset,
1606 3210 1701 3291 qui

99 3305 317 3358 faceret
371 3305 577 3359 bonum
650 3321 825 3375 usque
868 3307 935 3361 ad
982 3323 1153 3362 unum
1235 3309 1275 3376 ί,
1322 3322 1376 3366 et
1445 3312 1702 3369 vanitatis

98 3394 324 3448 daemon
355 3403 531 3450 terras
569 3394 825 3466 indagine
864 3398 1129 3467 cingeret,
1169 3400 1537 3470 expansisque
1566 3402 1701 3457 reti-

100 3489 215 3543 bus
246 3495 469 3542 cunctos
496 3488 757 3543 mortales
780 3488 1150 3559 illaqueasset,
1174 3490 1247 3545 ita
1272 3500 1333 3546 ut
1359 3492 1410 3545 lii
1442 3493 1701 3562 expedire

98 3595 163 3634 se
218 3593 326 3632 non
384 3587 628 3648 possent,
683 3580 764 3634 uti
841 3581 1240 3636 monachorum
1301 3583 1702 3653 antesignanus

98 3673 251 3725 alter
273 3678 496 3726 sanctus
526 3671 799 3727 Antonius
827 3673 1103 3742 quondam
1152 3674 1381 3738 viderat,
1413 3692 1462 3730 c.
1500 3675 1564 3729 21
1598 3675 1700 3729 Le-

98 3763 291 3835 genda:
323 3763 516 3818 Claud.
550 3764 613 3817 de
640 3764 797 3817 Rata.
846 3765 1111 3834 Agathius
1153 3782 1284 3837 ergo
1349 3767 1697 3823 Peristeriam

98 3858 534 3922 commendavit,
580 3867 635 3912 et
685 3857 827 3911 hanc
882 3873 1045 3912 unam
1099 3862 1356 3929 opposuit
1383 3861 1533 3914 vitiis
1592 3862 1699 3916 late

100 3951 485 4005 crescentibus
530 3951 949 4019 exemplumque
986 3951 1177 4018 dedit;
1218 3962 1383 4023 atque
1436 3952 1577 4008 adeo
1606 3955 1691 4008 di-

101 4040 372 4104 laudavit,
412 4050 469 4093 ut
503 4048 668 4094 tantae
726 4041 946 4095 virtutis
975 4042 1337 4097 admiratione
1398 4046 1689 4113 perculsus

100 4136 266 4188 Nilus
292 4135 544 4189 alacriter
596 4144 886 4188 tractatum
930 4135 1092 4189 istum
1126 4135 1196 4189 sit
1240 4151 1492 4201 exorsus,
1535 4147 1699 4208 atque

98 4226 428 4297 perfecerit;
478 4227 621 4280 unde
666 4243 697 4280 a
740 4226 1053 4291 Peristeria,
1086 4242 1208 4295 quae
1258 4228 1385 4283 huic
1439 4230 1693 4285 tractatui

99 4336 334 4375 causam
365 4320 662 4389 praebuisse
692 4321 927 4384 videtur,
962 4321 1177 4375 titulum
1232 4336 1351 4375 sum
1386 4333 1691 4378 mutuatus.

101 4414 175 4468 Et
236 4413 404 4467 sectio
461 4411 704 4480 quidem,
766 4428 929 4483 quam
969 4422 1151 4468 statuo
1206 4411 1498 4479 decimam,
1554 4416 1694 4483 sapit

1805 3228 1902 3268 seu
1932 3212 2075 3267 servi
2114 3209 2210 3266 Dei
2230 3209 2591 3273 deﬁniuntur,
2617 3207 2710 3278 qui
2734 3204 2803 3261 ad
2831 3204 3028 3261 faciem
3069 3203 3385 3257 ministrant

1805 3306 2055 3361 Domino.
2118 3301 2297 3358 Homo
2365 3301 2572 3358 Graecis
2646 3296 3043 3354 recentioribus
3094 3293 3384 3365 ἄνθρωπος

1803 3399 1967 3460 idem,
1999 3396 2094 3468 qui
2124 3410 2337 3451 servus.
2365 3390 2711 3449 Constantin.
2745 3388 2825 3444 De
2843 3388 3152 3443 administr.
3187 3386 3376 3455 imper.

1802 3490 1879 3546 La
1910 3490 2083 3546 Cerda
2119 3504 2169 3545 c.
2201 3487 2325 3542 M6.
2356 3503 2413 3540 ιι.
2448 3486 2536 3540 12.
2581 3484 2870 3540 Adversar.
2901 3497 3045 3536 sacr.
3080 3479 3287 3551 passim
3322 3478 3379 3533 in

1802 3582 1957 3639 libris
2003 3581 2313 3638 feudorum.
2354 3577 2531 3634 Homo
2554 3585 2638 3633 est
2666 3574 2958 3639 vassallus,
2987 3581 3043 3629 et
3077 3570 3380 3627 hominium

1800 3676 1947 3741 inde,
1983 3674 2129 3745 quod
2155 3672 2277 3729 aliis
2327 3670 2641 3741 homagium
2686 3668 2758 3724 ab
2816 3664 2955 3738 ὠμῷ
3001 3664 3165 3737 ἁγίῳ,
3207 3663 3261 3721 id
3297 3669 3384 3718 est

1801 3776 1998 3825 sancto
2020 3762 2384 3837 jurejurando
2424 3762 2682 3817 trahitur.

1874 3855 2272 3927 Suprascriptae
2318 3852 2545 3909 decima:
2594 3848 2828 3907 sectioni.
2873 3846 3093 3904 adtexui
3153 3842 3389 3901 undeci—

1799 3966 1968 4015 mam,
2004 3948 2092 4005 cui
2140 3946 2332 4002 titulus
2372 3953 2508 4011 erat,
2544 3944 2682 4015 Περὶ
2717 3942 2815 3996 τοῦ
2865 3940 3088 4012 Ἰωσὴφ,
3130 3939 3225 3992 καὶ
3282 3937 3391 4008 τῆς

1801 4042 2088 4103 Σωσάννας
2143 4040 2228 4092 ὅτι
2262 4036 2464 4108 μείζων
2500 4038 2529 4089 ὁ
2553 4034 2651 4088 τοῦ
2694 4031 2894 4102 Ἰωσὴφ
2927 4030 3079 4101 ἁγὼν
3111 4030 3209 4101 τῆς
3243 4028 3391 4082 κατὰ

1799 4135 1899 4206 τὴν
1934 4132 2211 4204 μακαρίαν
2255 4128 2562 4183 Σωσὰνναν.
2590 4126 2670 4182 De
2716 4124 2968 4195 Josepho,
2998 4132 3155 4194 atque
3184 4120 3395 4177 Susan-

1801 4245 1890 4291 na,
1921 4236 2284 4295 certamenque
2332 4222 2498 4292 fuisse
2534 4221 2708 4290 majus
2739 4218 2959 4288 Iosephi
3009 4234 3070 4271 eo
3114 4216 3256 4286 quod
3286 4214 3385 4270 ad-

1802 4335 1976 4374 versus
2026 4316 2232 4372 beatam
2281 4313 2583 4369 Susannam
2610 4321 2906 4381 susceptum
2944 4309 3066 4379 fuit.
3119 4307 3389 4362 Praeterea

1800 4409 2176 4465 duodecimam
2195 4406 2493 4463 sectionem
2515 4403 2736 4474 appinxi
2760 4420 2773 4456 :
2798 4400 2936 4472 napi.
2955 4400 3053 4471 τῆς
3071 4396 3385 4471 παραϐολῆς

99 4506 382 4576 epilogum
448 4504 672 4573 cperis,
722 4505 838 4558 sive
904 4504 1360 4569 conclusionem;
1422 4506 1691 4559 convertit

1804 4502 1892 4556 τοῦ
1953 4499 2312 4571 ἀμπελῶνος,
2368 4497 2464 4551 καὶ
2512 4494 2621 4549 τῶν
2671 4492 3052 4565 μισθωθέντων
3111 4489 3384 4561 ἐργατῶν,

99 4600 255 4654 enim
291 4613 411 4653 sese
436 4598 673 4667 scriptor
705 4598 773 4652 ad
832 4598 1094 4662 amicum,
1122 4599 1417 4668 Agathium
1466 4600 1692 4653 scilicet.

106 4689 315 4743 Verum
350 4704 473 4742 cum
505 4688 557 4740 in
586 4686 853 4741 Vaticano
886 4688 1075 4743 codice
1107 4688 1430 4757 reperissent
1463 4689 1697 4758 inscrip-

102 4797 232 4836 tum
294 4782 509 4834 titulum
561 4779 636 4833 De
681 4787 953 4833 beatorum
1035 4783 1459 4847 conversatione,
1539 4783 1700 4852 deque

101 4873 313 4928 diaboli
341 4871 850 4942 malignitate,illam
878 4888 1073 4926 nonam
1103 4873 1396 4927 sectionem
1426 4874 1699 4942 posui,et,

103 4978 171 5024 ut
206 4968 263 5022 in
293 4968 470 5037 capite
496 4968 532 5021 2
562 4967 631 5021 ab
658 4967 778 5035 ipso
814 4967 935 5021 Nilo
969 4969 1143 5031 innui,
1177 4966 1521 5021 Peristeriam
1548 4983 1699 5020 eam-

101 5062 235 5114 dem
270 5058 527 5113 adnotavi
579 5073 744 5126 quam
794 5057 962 5112 variis
1011 5058 1265 5112 afﬂictam
1315 5058 1597 5121 aerumnis,
1647 5065 1701 5110 ct

103 5152 411 5207 exercitam
457 5150 853 5205 tentationibus
917 5149 1179 5204 afﬁrmat.
1225 5149 1307 5203 Ad
1356 5150 1502 5203 hunc
1555 5150 1698 5216 Aga-

107 5245 290 5300 thinm
325 5242 579 5312 suspicor
610 5242 869 5311 scriptam
900 5258 929 5296 a
963 5240 1083 5297 Nilo
1117 5242 1404 5311 epistolam
1437 5240 1541 5295 152
1569 5240 1703 5295 P0s-

106 5336 409 5401 sinianam,
439 5336 625 5405 ibique
647 5344 931 5405 nuncupat
973 5334 1209 5389 Allatius
1243 5335 1538 5405 Agathium
1586 5334 1703 5387 dia-

108 5442 341 5491 conum,
370 5426 521 5480 illam
564 5425 853 5496 epistolam
888 5425 943 5478 in
988 5425 1127 5480 duas
1172 5425 1421 5480 dividens
1456 5424 1552 5479 lib.
1612 5439 1698 5477 nr.

109 5519 276 5588 epist.
307 5518 414 5572 215
435 5527 489 5572 et
513 5517 641 5580 216,
671 5532 796 5588 quae
845 5532 1129 5587 perperam
1183 5518 1238 5572 in
1294 5515 1487 5572 Graeco
1522 5514 1702 5570 Indice

111 5618 440 5667 numeratur
470 5624 570 5679 pro
588 5608 717 5677 216,
746 5622 875 5665 cum
906 5607 979 5663 sit
1000 5607 1234 5680 trajecta
1260 5607 1383 5665 162.
1420 5607 1608 5678 Ibique
1634 5607 1703 5663 de

194 5796 211 5829 ⁸
251 5796 398 5855 Psal.
421 5811 543 5863 xui,
575 5796 608 5850 5
632 5812 653 5865 ;
678 5793 825 5853 Psal.
855 5809 953 5863 ut,
977 5792 1035 5850 2.

1800 4591 1944 4647 κατὰ
1998 4590 2295 4659 διαφόρους
2359 4585 2546 4659 ὥρας,
2613 4584 2693 4639 De
2753 4581 3017 4653 parabole
3066 4580 3263 4644 uineta,
3333 4590 3387 4634 et

1802 4687 2034 4741 mercede
2096 4681 2370 4737 conductis
2440 4680 2695 4751 operariis
2752 4676 2823 4732 ad
2882 4677 3040 4732 horas
3104 4675 3385 4739 diversas;

1800 4778 2272 4849 subsequebantur
2325 4774 2527 4844 quippe
2615 4774 2737 4827 ista:
2809 4769 2933 4825 dum
2977 4767 3394 4824 lucubrationes

1802 4878 2095 4923 tractatum
2138 4865 2462 4930 Peristeriae,
2524 4872 2579 4919 et
2630 4859 2963 4931 appendices
3034 4857 3383 4912 videbantur.

1799 4958 2116 5013 Tractatum
2164 4966 2336 5011 totum
2386 4953 2641 5024 insigniri
2683 4952 2789 5006 hoc
2820 4950 2979 5006 titulo
3003 4948 3191 5005 Graece
3223 4962 3237 4999 :
3272 4944 3385 4999 Τοῦ

1799 5052 1948 5105 ὁσίου
1984 5049 2192 5121 [ἰατρὸς
2215 5048 2372 5119 ἡμῶν
2387 5046 2584 5101 Νείλου
2613 5044 2752 5115 πρὸς
2778 5041 3033 5111 Ἀγάθιον
3058 5040 3390 5112 μονάζοντα,

1802 5148 1908 5201 Sed
1968 5144 2119 5198 illum
2174 5143 2340 5197 latius
2395 5139 2629 5210 expandi
2671 5137 2895 5193 Latine:
2949 5133 3136 5190 Sancti
3198 5132 3386 5188 Patris

1802 5239 1973 5293 nostri
2055 5234 2173 5289 Nili
2275 5234 2347 5287 ad
2415 5231 2705 5304 Agathium
2794 5228 3147 5284 monasticam
3221 5226 3387 5282 vitam

1800 5340 2038 5403 agentem
2108 5327 2422 5393 Peristeria,
2496 5341 2588 5379 seu
2676 5321 2958 5378 Tractatus
3020 5321 3085 5376 de
3172 5319 3388 5376 sit-tuti-

1802 5428 1896 5479 bus
1925 5421 2247 5488 excolendis,
2277 5429 2326 5475 et
2362 5418 2508 5473 vitiis
2536 5416 2801 5488 fugiendis
2828 5414 3064 5485 exemplo
3086 5412 3395 5469 Pesisteric

1801 5517 2114 5573 clarissime
2164 5532 2225 5570 eo
2268 5513 2462 5569 sarculo
2513 5511 2758 5582 Imminet.
2795 5508 2857 5566 in
2904 5510 3220 5577 sectiones,
3268 5507 3405 5565 sive:

1800 5613 2065 5687 τμήματα
2088 5626 2163 5668 xu
2204 5609 2385 5668 divisi.
2409 5605 2594 5665 Prima
2618 5604 2864 5664 continet
2910 5604 3089 5676 capita
3136 5619 3230 5661 sex
3283 5617 3395 5660 ceu.
