  <div class='ocr_page' id='page_1' title='image "/cluster/home/n/w/nwhite01/storage/ocr_20150623/79/nnc1.0038021404/755.png"; bbox 0 0 3808 6226; ppageno 0'>
   <div class='ocr_carea' id='block_1_1' title="bbox 412 291 542 361">
    <p class='ocr_par' dir='ltr' id='par_1_1' title="bbox 412 291 542 361">
     <span class='ocr_line' id='line_1_1' title="bbox 412 291 542 361; baseline -0.038 0"><span class='ocrx_word' id='word_1_1' title='bbox 412 291 542 361; x_wconf 82' lang='lat'><strong>1331</strong></span> 
     </span>
    </p>
   </div>
   <div class='ocr_carea' id='block_1_2' title="bbox 1328 307 2719 380">
    <p class='ocr_par' dir='ltr' id='par_1_2' title="bbox 1328 307 2719 380">
     <span class='ocr_line' id='line_1_2' title="bbox 1328 307 2719 380; baseline 0.009 -13"><span class='ocrx_word' id='word_1_2' title='bbox 1328 307 1476 368; x_wconf 82' lang='lat' dir='ltr'><strong>JOS.</strong></span> <span class='ocrx_word' id='word_1_3' title='bbox 1526 309 1792 373; x_wconf 69' lang='grc' dir='ltr'><strong>ΜΛΒΙΑΞ</strong></span> <span class='ocrx_word' id='word_1_4' title='bbox 1827 312 2183 376; x_wconf 79' lang='lat' dir='ltr'><strong>SUARESII</strong></span> <span class='ocrx_word' id='word_1_5' title='bbox 2223 318 2719 380; x_wconf 77' lang='lat' dir='ltr'><strong>DISSERTATIO</strong></span> 
     </span>
    </p>
   </div>
   <div class='ocr_carea' id='block_1_3' title="bbox 3534 316 3655 379">
    <p class='ocr_par' dir='ltr' id='par_1_3' title="bbox 3534 316 3655 379">
     <span class='ocr_line' id='line_1_3' title="bbox 3534 316 3655 379; baseline 0.025 -3"><span class='ocrx_word' id='word_1_6' title='bbox 3534 316 3655 379; x_wconf 61' lang='lat'><strong>133?.</strong></span> 
     </span>
    </p>
   </div>
   <div class='ocr_carea' id='block_1_4' title="bbox 406 409 3665 505">
    <p class='ocr_par' dir='ltr' id='par_1_4' title="bbox 406 409 3665 505">
     <span class='ocr_line' id='line_1_4' title="bbox 406 409 3665 505; baseline 0.007 -40"><span class='ocrx_word' id='word_1_7' title='bbox 406 409 809 505; x_wconf 67' lang='lat' dir='ltr'><strong>Praelationem,</strong></span> <span class='ocrx_word' id='word_1_8' title='bbox 847 414 1089 505; x_wconf 85' lang='lat' dir='ltr'><strong>secunda</strong></span> <span class='ocrx_word' id='word_1_9' title='bbox 1141 418 1209 473; x_wconf 91' lang='lat' dir='ltr'><strong>de</strong></span> <span class='ocrx_word' id='word_1_10' title='bbox 1257 425 1618 492; x_wconf 72' lang='lat' dir='ltr'><strong>temperantia</strong></span> <span class='ocrx_word' id='word_1_11' title='bbox 1649 427 1763 483; x_wconf 89' lang='lat' dir='ltr'><strong>sive</strong></span> <span class='ocrx_word' id='word_1_12' title='bbox 1817 429 1989 484; x_wconf 87' lang='lat' dir='ltr'><strong>absti-</strong></span> <span class='ocrx_word' id='word_1_13' title='bbox 2019 436 2065 491; x_wconf 77' lang='grc' dir='ltr'>Α</span> <span class='ocrx_word' id='word_1_14' title='bbox 2095 433 2257 487; x_wconf 82' lang='lat' dir='ltr'><strong>nibus</strong></span> <span class='ocrx_word' id='word_1_15' title='bbox 2288 436 2580 505; x_wconf 76' lang='lat' dir='ltr'><strong>egentibus</strong></span> <span class='ocrx_word' id='word_1_16' title='bbox 2638 435 2993 505; x_wconf 75' lang='lat' dir='ltr'><strong>suppeditans</strong></span> <span class='ocrx_word' id='word_1_17' title='bbox 3044 433 3330 496; x_wconf 80' lang='lat' dir='ltr'><strong>auxilium,</strong></span> <span class='ocrx_word' id='word_1_18' title='bbox 3371 447 3484 486; x_wconf 92' lang='lat' dir='ltr'><strong>non</strong></span> <span class='ocrx_word' id='word_1_19' title='bbox 3510 448 3665 487; x_wconf 70' lang='lat' dir='ltr'><strong>cessa-</strong></span> 
     </span>
    </p>
   </div>
   <div class='ocr_carea' id='block_1_5' title="bbox 402 501 1994 585">
    <p class='ocr_par' dir='ltr' id='par_1_5' title="bbox 402 501 1994 585">
     <span class='ocr_line' id='line_1_5' title="bbox 402 501 1994 585; baseline 0.013 -31"><span class='ocrx_word' id='word_1_20' title='bbox 402 501 611 568; x_wconf 82' lang='lat' dir='ltr'><strong>tientia,</strong></span> <span class='ocrx_word' id='word_1_21' title='bbox 647 516 770 572; x_wconf 83' lang='lat' dir='ltr'><strong>cap.</strong></span> <span class='ocrx_word' id='word_1_22' title='bbox 820 504 1096 575; x_wconf 89' lang='lat' dir='ltr'><strong>quinque;</strong></span> <span class='ocrx_word' id='word_1_23' title='bbox 1146 510 1303 563; x_wconf 91' lang='lat' dir='ltr'><strong>tertia</strong></span> <span class='ocrx_word' id='word_1_24' title='bbox 1351 514 1417 565; x_wconf 89' lang='lat' dir='ltr'><strong>de</strong></span> <span class='ocrx_word' id='word_1_25' title='bbox 1470 529 1610 569; x_wconf 89' lang='lat' dir='ltr'><strong>vana</strong></span> <span class='ocrx_word' id='word_1_26' title='bbox 1661 517 1866 585; x_wconf 85' lang='lat' dir='ltr'><strong>gloria,</strong></span> <span class='ocrx_word' id='word_1_27' title='bbox 1900 535 1994 574; x_wconf 87' lang='lat' dir='ltr'><strong>ca-</strong></span> 
     </span>
    </p>
   </div>
   <div class='ocr_carea' id='block_1_6' title="bbox 405 591 1994 680">
    <p class='ocr_par' dir='ltr' id='par_1_6' title="bbox 405 591 1994 680">
     <span class='ocr_line' id='line_1_6' title="bbox 405 591 1994 680; baseline 0.015 -37"><span class='ocrx_word' id='word_1_28' title='bbox 405 591 513 660; x_wconf 92' lang='lat' dir='ltr'><strong>pita</strong></span> <span class='ocrx_word' id='word_1_29' title='bbox 563 592 697 658; x_wconf 84' lang='lat' dir='ltr'><strong>tria;</strong></span> <span class='ocrx_word' id='word_1_30' title='bbox 730 604 924 663; x_wconf 86' lang='lat' dir='ltr'><strong>quarta</strong></span> <span class='ocrx_word' id='word_1_31' title='bbox 954 597 1021 651; x_wconf 91' lang='lat' dir='ltr'><strong>de</strong></span> <span class='ocrx_word' id='word_1_32' title='bbox 1048 596 1303 664; x_wconf 85' lang='lat' dir='ltr'><strong>lectione,</strong></span> <span class='ocrx_word' id='word_1_33' title='bbox 1331 612 1386 656; x_wconf 89' lang='lat' dir='ltr'><strong>et</strong></span> <span class='ocrx_word' id='word_1_34' title='bbox 1422 607 1690 671; x_wconf 85' lang='lat' dir='ltr'><strong>oratione,</strong></span> <span class='ocrx_word' id='word_1_35' title='bbox 1720 623 1840 679; x_wconf 78' lang='lat' dir='ltr'><strong>cap.</strong></span> <span class='ocrx_word' id='word_1_36' title='bbox 1873 626 1994 680; x_wconf 89' lang='lat' dir='ltr'><strong>sep-</strong></span> 
     </span>
    </p>
   </div>
   <div class='ocr_carea' id='block_1_7' title="bbox 410 682 1995 758">
    <p class='ocr_par' dir='ltr' id='par_1_7' title="bbox 410 682 1995 758">
     <span class='ocr_line' id='line_1_7' title="bbox 410 682 1995 758; baseline 0.013 -23"><span class='ocrx_word' id='word_1_37' title='bbox 410 682 740 751; x_wconf 86' lang='lat' dir='ltr'><strong>temdecim;</strong></span> <span class='ocrx_word' id='word_1_38' title='bbox 780 686 1156 758; x_wconf 89' lang='lat' dir='ltr'><strong>quinta,quod</strong></span> <span class='ocrx_word' id='word_1_39' title='bbox 1200 693 1398 749; x_wconf 67' lang='lat' dir='ltr'><strong>anima:</strong></span> <span class='ocrx_word' id='word_1_40' title='bbox 1445 699 1742 752; x_wconf 87' lang='lat' dir='ltr'><strong>amantium</strong></span> <span class='ocrx_word' id='word_1_41' title='bbox 1771 701 1995 757; x_wconf 83' lang='lat' dir='ltr'><strong>divitias</strong></span> 
     </span>
    </p>
   </div>
   <div class='ocr_carea' id='block_1_8' title="bbox 408 772 1995 857">
    <p class='ocr_par' dir='ltr' id='par_1_8' title="bbox 408 772 1995 857">
     <span class='ocr_line' id='line_1_8' title="bbox 408 772 1995 857; baseline 0.013 -33"><span class='ocrx_word' id='word_1_42' title='bbox 408 772 534 827; x_wconf 70' lang='lat' dir='ltr'><strong>vitae</strong></span> <span class='ocrx_word' id='word_1_43' title='bbox 566 774 776 844; x_wconf 72' lang='lat' dir='ltr'><strong>cupidae</strong></span> <span class='ocrx_word' id='word_1_44' title='bbox 803 792 948 847; x_wconf 64' lang='lat' dir='ltr'><strong>aegre</strong></span> <span class='ocrx_word' id='word_1_45' title='bbox 973 779 1101 835; x_wconf 89' lang='lat' dir='ltr'><strong>hinc</strong></span> <span class='ocrx_word' id='word_1_46' title='bbox 1142 783 1474 840; x_wconf 86' lang='lat' dir='ltr'><strong>divelluntur</strong></span> <span class='ocrx_word' id='word_1_47' title='bbox 1505 787 1559 841; x_wconf 92' lang='lat' dir='ltr'><strong>in</strong></span> <span class='ocrx_word' id='word_1_48' title='bbox 1604 789 1735 843; x_wconf 91' lang='lat' dir='ltr'><strong>hora</strong></span> <span class='ocrx_word' id='word_1_49' title='bbox 1764 791 1957 845; x_wconf 89' lang='lat' dir='ltr'><strong>mortis</strong></span> <span class='ocrx_word' id='word_1_50' title='bbox 1980 831 1995 857; x_wconf 94' lang='lat'><strong>,</strong></span> 
     </span>
    </p>
   </div>
   <div class='ocr_carea' id='block_1_9' title="bbox 408 868 1997 950">
    <p class='ocr_par' dir='ltr' id='par_1_9' title="bbox 408 868 1997 950">
     <span class='ocr_line' id='line_1_9' title="bbox 408 868 1997 950; baseline 0.011 -31"><span class='ocrx_word' id='word_1_51' title='bbox 408 881 529 933; x_wconf 90' lang='lat' dir='ltr'><strong>cap.</strong></span> <span class='ocrx_word' id='word_1_52' title='bbox 566 868 704 932; x_wconf 87' lang='lat' dir='ltr'><strong>tria;</strong></span> <span class='ocrx_word' id='word_1_53' title='bbox 739 880 914 937; x_wconf 82' lang='lat' dir='ltr'><strong>sexta,</strong></span> <span class='ocrx_word' id='word_1_54' title='bbox 947 874 1093 942; x_wconf 89' lang='lat' dir='ltr'><strong>quod</strong></span> <span class='ocrx_word' id='word_1_55' title='bbox 1122 877 1321 931; x_wconf 91' lang='lat' dir='ltr'><strong>merito</strong></span> <span class='ocrx_word' id='word_1_56' title='bbox 1341 878 1669 947; x_wconf 90' lang='lat' dir='ltr'><strong>puniuntur,</strong></span> <span class='ocrx_word' id='word_1_57' title='bbox 1699 882 1791 950; x_wconf 86' lang='lat' dir='ltr'><strong>qui</strong></span> <span class='ocrx_word' id='word_1_58' title='bbox 1824 880 1997 935; x_wconf 82' lang='lat' dir='ltr'><strong>facul-</strong></span> 
     </span>
    </p>
   </div>
   <div class='ocr_carea' id='block_1_10' title="bbox 408 960 2000 1043">
    <p class='ocr_par' dir='ltr' id='par_1_10' title="bbox 408 960 2000 1043">
     <span class='ocr_line' id='line_1_10' title="bbox 408 960 2000 1043; baseline 0.013 -33"><span class='ocrx_word' id='word_1_59' title='bbox 408 966 550 1011; x_wconf 80' lang='lat' dir='ltr'><strong>tates</strong></span> <span class='ocrx_word' id='word_1_60' title='bbox 578 960 886 1028; x_wconf 90' lang='lat' dir='ltr'><strong>promiscue</strong></span> <span class='ocrx_word' id='word_1_61' title='bbox 913 966 1329 1038; x_wconf 83' lang='lat' dir='ltr'><strong>quibuscunque</strong></span> <span class='ocrx_word' id='word_1_62' title='bbox 1358 970 1690 1040; x_wconf 90' lang='lat' dir='ltr'><strong>relinquunt,</strong></span> <span class='ocrx_word' id='word_1_63' title='bbox 1710 989 1830 1043; x_wconf 88' lang='lat' dir='ltr'><strong>cap.</strong></span> <span class='ocrx_word' id='word_1_64' title='bbox 1856 974 2000 1042; x_wconf 91' lang='lat' dir='ltr'><strong>duo;</strong></span> 
     </span>
    </p>
   </div>
   <div class='ocr_carea' id='block_1_11' title="bbox 410 1053 1999 1130">
    <p class='ocr_par' dir='ltr' id='par_1_11' title="bbox 410 1053 1999 1130">
     <span class='ocr_line' id='line_1_11' title="bbox 410 1053 1999 1130; baseline 0.012 -27"><span class='ocrx_word' id='word_1_65' title='bbox 410 1054 639 1119; x_wconf 86' lang='lat' dir='ltr'><strong>septima</strong></span> <span class='ocrx_word' id='word_1_66' title='bbox 673 1053 739 1107; x_wconf 91' lang='lat' dir='ltr'><strong>de</strong></span> <span class='ocrx_word' id='word_1_67' title='bbox 763 1054 871 1117; x_wconf 89' lang='lat' dir='ltr'><strong>his,</strong></span> <span class='ocrx_word' id='word_1_68' title='bbox 903 1057 995 1125; x_wconf 92' lang='lat' dir='ltr'><strong>qui</strong></span> <span class='ocrx_word' id='word_1_69' title='bbox 1026 1056 1079 1111; x_wconf 90' lang='lat' dir='ltr'><strong>in</strong></span> <span class='ocrx_word' id='word_1_70' title='bbox 1119 1068 1364 1130; x_wconf 92' lang='lat' dir='ltr'><strong>tempore</strong></span> <span class='ocrx_word' id='word_1_71' title='bbox 1416 1063 1610 1118; x_wconf 90' lang='lat' dir='ltr'><strong>mortis</strong></span> <span class='ocrx_word' id='word_1_72' title='bbox 1646 1066 1851 1119; x_wconf 88' lang='lat' dir='ltr'><strong>nullam</strong></span> <span class='ocrx_word' id='word_1_73' title='bbox 1883 1082 1999 1122; x_wconf 62' lang='lat' dir='ltr'><strong>sua</strong></span> 
     </span>
    </p>
   </div>
   <div class='ocr_carea' id='block_1_12' title="bbox 411 1143 2003 1215">
    <p class='ocr_par' dir='ltr' id='par_1_12' title="bbox 411 1143 2003 1215">
     <span class='ocr_line' id='line_1_12' title="bbox 411 1143 2003 1215; baseline 0.011 -18"><span class='ocrx_word' id='word_1_74' title='bbox 411 1143 604 1198; x_wconf 87' lang='lat' dir='ltr'><strong>salutis</strong></span> <span class='ocrx_word' id='word_1_75' title='bbox 630 1160 817 1199; x_wconf 88' lang='lat' dir='ltr'><strong>curam</strong></span> <span class='ocrx_word' id='word_1_76' title='bbox 869 1149 1091 1215; x_wconf 84' lang='lat' dir='ltr'><strong>habent,</strong></span> <span class='ocrx_word' id='word_1_77' title='bbox 1124 1149 1219 1205; x_wconf 90' lang='lat' dir='ltr'><strong>sed</strong></span> <span class='ocrx_word' id='word_1_78' title='bbox 1263 1162 1317 1207; x_wconf 90' lang='lat' dir='ltr'><strong>et</strong></span> <span class='ocrx_word' id='word_1_79' title='bbox 1344 1162 1670 1211; x_wconf 84' lang='lat' dir='ltr'><strong>testamenta</strong></span> <span class='ocrx_word' id='word_1_80' title='bbox 1703 1157 2003 1214; x_wconf 84' lang='lat' dir='ltr'><strong>scribentes</strong></span> 
     </span>
    </p>
   </div>
   <div class='ocr_carea' id='block_1_13' title="bbox 409 1235 2002 1316">
    <p class='ocr_par' dir='ltr' id='par_1_13' title="bbox 409 1235 2002 1316">
     <span class='ocr_line' id='line_1_13' title="bbox 409 1235 2002 1316; baseline 0.011 -29"><span class='ocrx_word' id='word_1_81' title='bbox 409 1235 605 1303; x_wconf 83' lang='lat' dir='ltr'><strong>jubere</strong></span> <span class='ocrx_word' id='word_1_82' title='bbox 657 1252 715 1292; x_wconf 91' lang='lat' dir='ltr'><strong>se</strong></span> <span class='ocrx_word' id='word_1_83' title='bbox 754 1237 945 1293; x_wconf 89' lang='lat' dir='ltr'><strong>dicunt</strong></span> <span class='ocrx_word' id='word_1_84' title='bbox 998 1239 1067 1295; x_wconf 83' lang='lat' dir='ltr'><strong>de</strong></span> <span class='ocrx_word' id='word_1_85' title='bbox 1097 1242 1183 1297; x_wconf 93' lang='lat' dir='ltr'><strong>his</strong></span> <span class='ocrx_word' id='word_1_86' title='bbox 1232 1259 1466 1313; x_wconf 90' lang='lat' dir='ltr'><strong>quorum</strong></span> <span class='ocrx_word' id='word_1_87' title='bbox 1518 1256 1841 1316; x_wconf 86' lang='lat' dir='ltr'><strong>potestatem</strong></span> <span class='ocrx_word' id='word_1_88' title='bbox 1894 1266 2002 1304; x_wconf 94' lang='lat' dir='ltr'><strong>non</strong></span> 
     </span>
    </p>
   </div>
   <div class='ocr_carea' id='block_1_14' title="bbox 415 1328 2002 1412">
    <p class='ocr_par' dir='ltr' id='par_1_14' title="bbox 415 1328 2002 1412">
     <span class='ocr_line' id='line_1_14' title="bbox 415 1328 2002 1412; baseline 0.01 -31"><span class='ocrx_word' id='word_1_89' title='bbox 415 1328 635 1396; x_wconf 84' lang='lat' dir='ltr'><strong>habent,</strong></span> <span class='ocrx_word' id='word_1_90' title='bbox 678 1344 800 1400; x_wconf 86' lang='lat' dir='ltr'><strong>cap.</strong></span> <span class='ocrx_word' id='word_1_91' title='bbox 837 1332 1126 1400; x_wconf 88' lang='lat' dir='ltr'><strong>undecim;</strong></span> <span class='ocrx_word' id='word_1_92' title='bbox 1183 1344 1375 1390; x_wconf 86' lang='lat' dir='ltr'><strong>octava</strong></span> <span class='ocrx_word' id='word_1_93' title='bbox 1411 1338 1479 1392; x_wconf 91' lang='lat' dir='ltr'><strong>de</strong></span> <span class='ocrx_word' id='word_1_94' title='bbox 1507 1339 1836 1405; x_wconf 71' lang='lat' dir='ltr'><strong>haeredibus,</strong></span> <span class='ocrx_word' id='word_1_95' title='bbox 1881 1357 2002 1412; x_wconf 92' lang='lat' dir='ltr'><strong>cap.</strong></span> 
     </span>
    </p>
   </div>
   <div class='ocr_carea' id='block_1_15' title="bbox 414 1425 2009 1499">
    <p class='ocr_par' dir='ltr' id='par_1_15' title="bbox 414 1425 2009 1499">
     <span class='ocr_line' id='line_1_15' title="bbox 414 1425 2009 1499; baseline 0.01 -28"><span class='ocrx_word' id='word_1_96' title='bbox 414 1435 583 1473; x_wconf 91' lang='lat' dir='ltr'><strong>unum</strong></span> <span class='ocrx_word' id='word_1_97' title='bbox 608 1436 624 1483; x_wconf 90' lang='lat'><strong>;</strong></span> <span class='ocrx_word' id='word_1_98' title='bbox 650 1436 815 1486; x_wconf 91' lang='lat' dir='ltr'><strong>nona,</strong></span> <span class='ocrx_word' id='word_1_99' title='bbox 835 1425 1147 1493; x_wconf 85' lang='lat' dir='ltr'><strong>suggillatio</strong></span> <span class='ocrx_word' id='word_1_100' title='bbox 1176 1442 1392 1492; x_wconf 92' lang='lat' dir='ltr'><strong>eorum,</strong></span> <span class='ocrx_word' id='word_1_101' title='bbox 1411 1430 1503 1499; x_wconf 95' lang='lat' dir='ltr'><strong>qui</strong></span> <span class='ocrx_word' id='word_1_102' title='bbox 1532 1438 1850 1489; x_wconf 87' lang='lat' dir='ltr'><strong>testamenta</strong></span> <span class='ocrx_word' id='word_1_103' title='bbox 1872 1435 2009 1488; x_wconf 84' lang='lat' dir='ltr'><strong>scri-</strong></span> 
     </span>
    </p>
   </div>
   <div class='ocr_carea' id='block_1_16' title="bbox 412 1507 2009 1578">
    <p class='ocr_par' dir='ltr' id='par_1_16' title="bbox 412 1507 2009 1578">
     <span class='ocr_line' id='line_1_16' title="bbox 412 1507 2009 1578; baseline 0.011 -18"><span class='ocrx_word' id='word_1_104' title='bbox 412 1507 728 1578; x_wconf 49' lang='lat' dir='ltr'><strong>bunt,,cap.</strong></span> <span class='ocrx_word' id='word_1_105' title='bbox 761 1508 980 1577; x_wconf 87' lang='lat' dir='ltr'><strong>decem;</strong></span> <span class='ocrx_word' id='word_1_106' title='bbox 1029 1512 1242 1569; x_wconf 89' lang='lat' dir='ltr'><strong>decima</strong></span> <span class='ocrx_word' id='word_1_107' title='bbox 1295 1516 1368 1570; x_wconf 91' lang='lat' dir='ltr'><strong>de</strong></span> <span class='ocrx_word' id='word_1_108' title='bbox 1403 1518 1690 1573; x_wconf 85' lang='lat' dir='ltr'><strong>beatorum</strong></span> <span class='ocrx_word' id='word_1_109' title='bbox 1720 1536 2009 1578; x_wconf 87' lang='lat' dir='ltr'><strong>conversa-</strong></span> 
     </span>
    </p>
   </div>
   <div class='ocr_carea' id='block_1_17' title="bbox 415 1594 2007 1682">
    <p class='ocr_par' dir='ltr' id='par_1_17' title="bbox 415 1594 2007 1682">
     <span class='ocr_line' id='line_1_17' title="bbox 415 1594 2007 1682; baseline 0.01 -31"><span class='ocrx_word' id='word_1_110' title='bbox 415 1600 585 1667; x_wconf 76' lang='lat' dir='ltr'><strong>tione,</strong></span> <span class='ocrx_word' id='word_1_111' title='bbox 628 1617 750 1671; x_wconf 85' lang='lat' dir='ltr'><strong>cap.</strong></span> <span class='ocrx_word' id='word_1_112' title='bbox 800 1594 1037 1674; x_wconf 74' lang='lat' dir='ltr'><strong>septem;</strong></span> <span class='ocrx_word' id='word_1_113' title='bbox 1084 1606 1370 1662; x_wconf 85' lang='lat' dir='ltr'><strong>undecima</strong></span> <span class='ocrx_word' id='word_1_114' title='bbox 1450 1625 1570 1680; x_wconf 89' lang='lat' dir='ltr'><strong>cap.</strong></span> <span class='ocrx_word' id='word_1_115' title='bbox 1640 1611 1829 1682; x_wconf 76' lang='lat' dir='ltr'><strong>viginti</strong></span> <span class='ocrx_word' id='word_1_116' title='bbox 1870 1614 2007 1678; x_wconf 86' lang='lat' dir='ltr'><strong>tria;</strong></span> 
     </span>
    </p>
   </div>
   <div class='ocr_carea' id='block_1_18' title="bbox 416 1694 2004 1770">
    <p class='ocr_par' dir='ltr' id='par_1_18' title="bbox 416 1694 2004 1770">
     <span class='ocr_line' id='line_1_18' title="bbox 416 1694 2004 1770; baseline 0.009 -25"><span class='ocrx_word' id='word_1_117' title='bbox 416 1708 654 1762; x_wconf 81' lang='lat' dir='ltr'><strong>quorum</strong></span> <span class='ocrx_word' id='word_1_118' title='bbox 690 1694 972 1764; x_wconf 87' lang='lat' dir='ltr'><strong>aliquibus</strong></span> <span class='ocrx_word' id='word_1_119' title='bbox 1004 1697 1144 1753; x_wconf 87' lang='lat' dir='ltr'><strong>tituli</strong></span> <span class='ocrx_word' id='word_1_120' title='bbox 1176 1709 1309 1753; x_wconf 90' lang='lat' dir='ltr'><strong>sunt</strong></span> <span class='ocrx_word' id='word_1_121' title='bbox 1336 1699 1617 1770; x_wconf 88' lang='lat' dir='ltr'><strong>impositi;</strong></span> <span class='ocrx_word' id='word_1_122' title='bbox 1657 1702 2004 1769; x_wconf 88' lang='lat' dir='ltr'><strong>duodecima,</strong></span> 
     </span>
    </p>
   </div>
   <div class='ocr_carea' id='block_1_19' title="bbox 418 1784 857 1853">
    <p class='ocr_par' dir='ltr' id='par_1_19' title="bbox 418 1784 857 1853">
     <span class='ocr_line' id='line_1_19' title="bbox 418 1784 857 1853; baseline 0.007 -16"><span class='ocrx_word' id='word_1_123' title='bbox 418 1799 541 1853; x_wconf 87' lang='lat' dir='ltr'><strong>cap.</strong></span> <span class='ocrx_word' id='word_1_124' title='bbox 577 1784 857 1840; x_wconf 88' lang='lat' dir='ltr'><strong>tredecim.</strong></span> 
     </span>
    </p>
   </div>
   <div class='ocr_carea' id='block_1_20' title="bbox 2100 524 3663 597">
    <p class='ocr_par' dir='ltr' id='par_1_20' title="bbox 2100 524 3663 597">
     <span class='ocr_line' id='line_1_20' title="bbox 2100 524 3663 597; baseline -0.001 -19"><span class='ocrx_word' id='word_1_125' title='bbox 2100 524 2192 580; x_wconf 91' lang='lat' dir='ltr'><strong>bat</strong></span> <span class='ocrx_word' id='word_1_126' title='bbox 2228 525 2477 581; x_wconf 82' lang='lat' dir='ltr'><strong>hilariter</strong></span> <span class='ocrx_word' id='word_1_127' title='bbox 2517 526 2818 597; x_wconf 89' lang='lat' dir='ltr'><strong>dispartiri,</strong></span> <span class='ocrx_word' id='word_1_128' title='bbox 2870 537 2925 581; x_wconf 89' lang='lat' dir='ltr'><strong>et</strong></span> <span class='ocrx_word' id='word_1_129' title='bbox 2973 524 3187 595; x_wconf 91' lang='lat' dir='ltr'><strong>operari</strong></span> <span class='ocrx_word' id='word_1_130' title='bbox 3218 525 3473 593; x_wconf 82' lang='lat' dir='ltr'><strong>pietatem</strong></span> <span class='ocrx_word' id='word_1_131' title='bbox 3504 524 3663 579; x_wconf 78' lang='lat' dir='ltr'><strong>latea-</strong></span> 
     </span>
    </p>
   </div>
   <div class='ocr_carea' id='block_1_21' title="bbox 2099 614 3667 686">
    <p class='ocr_par' dir='ltr' id='par_1_21' title="bbox 2099 614 3667 686">
     <span class='ocr_line' id='line_1_21' title="bbox 2099 614 3667 686; baseline -0.003 -15"><span class='ocrx_word' id='word_1_132' title='bbox 2099 625 2204 679; x_wconf 90' lang='lat' dir='ltr'><strong>ter,</strong></span> <span class='ocrx_word' id='word_1_133' title='bbox 2262 625 2318 669; x_wconf 89' lang='lat' dir='ltr'><strong>et</strong></span> <span class='ocrx_word' id='word_1_134' title='bbox 2372 631 2466 686; x_wconf 90' lang='lat' dir='ltr'><strong>per</strong></span> <span class='ocrx_word' id='word_1_135' title='bbox 2519 632 2601 681; x_wconf 90' lang='lat' dir='ltr'><strong>se,</strong></span> <span class='ocrx_word' id='word_1_136' title='bbox 2656 625 2713 670; x_wconf 91' lang='lat' dir='ltr'><strong>et</strong></span> <span class='ocrx_word' id='word_1_137' title='bbox 2769 632 2866 686; x_wconf 90' lang='lat' dir='ltr'><strong>per</strong></span> <span class='ocrx_word' id='word_1_138' title='bbox 2924 632 3111 671; x_wconf 83' lang='lat' dir='ltr'><strong>servos</strong></span> <span class='ocrx_word' id='word_1_139' title='bbox 3164 615 3517 669; x_wconf 78' lang='lat' dir='ltr'><strong>ﬁdelissimos</strong></span> <span class='ocrx_word' id='word_1_140' title='bbox 3555 632 3569 668; x_wconf 89' lang='lat'>:</span> <span class='ocrx_word' id='word_1_141' title='bbox 3611 614 3667 667; x_wconf 83' lang='lat' dir='ltr'><strong>ab</strong></span> 
     </span>
    </p>
   </div>
   <div class='ocr_carea' id='block_1_22' title="bbox 2103 707 3672 775">
    <p class='ocr_par' dir='ltr' id='par_1_22' title="bbox 2103 707 3672 775">
     <span class='ocr_line' id='line_1_22' title="bbox 2103 707 3672 775; baseline 0.001 -13"><span class='ocrx_word' id='word_1_142' title='bbox 2103 708 2338 762; x_wconf 86' lang='lat' dir='ltr'><strong>ecclesia</strong></span> <span class='ocrx_word' id='word_1_143' title='bbox 2371 723 2477 762; x_wconf 93' lang='lat' dir='ltr'><strong>non</strong></span> <span class='ocrx_word' id='word_1_144' title='bbox 2511 708 2791 775; x_wconf 85' lang='lat' dir='ltr'><strong>recedens,</strong></span> <span class='ocrx_word' id='word_1_145' title='bbox 2825 718 2990 763; x_wconf 90' lang='lat' dir='ltr'><strong>noctu</strong></span> <span class='ocrx_word' id='word_1_146' title='bbox 3031 708 3289 773; x_wconf 81' lang='lat' dir='ltr'><strong>maxime,</strong></span> <span class='ocrx_word' id='word_1_147' title='bbox 3324 707 3379 761; x_wconf 94' lang='lat' dir='ltr'><strong>in</strong></span> <span class='ocrx_word' id='word_1_148' title='bbox 3433 709 3672 765; x_wconf 78' lang='lat' dir='ltr'><strong>omnibus</strong></span> 
     </span>
    </p>
   </div>
   <div class='ocr_carea' id='block_1_23' title="bbox 2100 799 3667 870">
    <p class='ocr_par' dir='ltr' id='par_1_23' title="bbox 2100 799 3667 870">
     <span class='ocr_line' id='line_1_23' title="bbox 2100 799 3667 870; baseline -0.003 -16"><span class='ocrx_word' id='word_1_149' title='bbox 2100 814 2367 856; x_wconf 81' lang='lat' dir='ltr'><strong>exercens</strong></span> <span class='ocrx_word' id='word_1_150' title='bbox 2394 814 2453 855; x_wconf 84' lang='lat' dir='ltr'><strong>se</strong></span> <span class='ocrx_word' id='word_1_151' title='bbox 2476 809 2696 870; x_wconf 86' lang='lat' dir='ltr'><strong>prepter</strong></span> <span class='ocrx_word' id='word_1_152' title='bbox 2717 815 2867 868; x_wconf 89' lang='lat' dir='ltr'><strong>spem</strong></span> <span class='ocrx_word' id='word_1_153' title='bbox 2898 799 3041 869; x_wconf 85' lang='lat' dir='ltr'><strong>ejus,</strong></span> <span class='ocrx_word' id='word_1_154' title='bbox 3063 815 3187 869; x_wconf 83' lang='lat' dir='ltr'><strong>quae</strong></span> <span class='ocrx_word' id='word_1_155' title='bbox 3217 814 3341 854; x_wconf 87' lang='lat' dir='ltr'><strong>vere</strong></span> <span class='ocrx_word' id='word_1_156' title='bbox 3370 810 3477 865; x_wconf 89' lang='lat' dir='ltr'><strong>est,</strong></span> <span class='ocrx_word' id='word_1_157' title='bbox 3510 801 3667 852; x_wconf 65' lang='lat' dir='ltr'><strong>vitrea</strong></span> 
     </span>
    </p>
   </div>
   <div class='ocr_carea' id='block_1_24' title="bbox 2102 888 3672 971">
    <p class='ocr_par' dir='ltr' id='par_1_24' title="bbox 2102 888 3672 971">
     <span class='ocr_line' id='line_1_24' title="bbox 2102 888 3672 971; baseline 0.001 -28"><span class='ocrx_word' id='word_1_158' title='bbox 2102 888 2172 943; x_wconf 90' lang='lat' dir='ltr'><strong>Et</strong></span> <span class='ocrx_word' id='word_1_159' title='bbox 2226 890 2414 944; x_wconf 91' lang='lat' dir='ltr'><strong>eadem</strong></span> <span class='ocrx_word' id='word_1_160' title='bbox 2464 888 2780 971; x_wconf 75' lang='lat' dir='ltr'><strong>Heraclides</strong></span> <span class='ocrx_word' id='word_1_161' title='bbox 2827 890 3311 960; x_wconf 65' lang='lat' dir='ltr'><strong>verbisjpaululum</strong></span> <span class='ocrx_word' id='word_1_162' title='bbox 3361 890 3672 955; x_wconf 81' lang='lat' dir='ltr'><strong>immutatis,</strong></span> 
     </span>
    </p>
   </div>
   <div class='ocr_carea' id='block_1_25' title="bbox 2104 982 3676 1054">
    <p class='ocr_par' dir='ltr' id='par_1_25' title="bbox 2104 982 3676 1054">
     <span class='ocr_line' id='line_1_25' title="bbox 2104 982 3676 1054; baseline -0.001 -18"><span class='ocrx_word' id='word_1_163' title='bbox 2104 998 2213 1037; x_wconf 90' lang='lat' dir='ltr'><strong>non</strong></span> <span class='ocrx_word' id='word_1_164' title='bbox 2277 999 2495 1039; x_wconf 85' lang='lat' dir='ltr'><strong>sensu:</strong></span> <span class='ocrx_word' id='word_1_165' title='bbox 2555 982 2762 1054; x_wconf 84' lang='lat' dir='ltr'><strong>Magnae</strong></span> <span class='ocrx_word' id='word_1_166' title='bbox 2812 998 3009 1038; x_wconf 90' lang='lat' dir='ltr'><strong>nomen</strong></span> <span class='ocrx_word' id='word_1_167' title='bbox 3074 983 3337 1038; x_wconf 81' lang='lat' dir='ltr'><strong>Romanis</strong></span> <span class='ocrx_word' id='word_1_168' title='bbox 3398 992 3604 1041; x_wconf 79' lang='lat' dir='ltr'><strong>notum,</strong></span> <span class='ocrx_word' id='word_1_169' title='bbox 3630 992 3676 1035; x_wconf 91' lang='lat' dir='ltr'><strong>et</strong></span> 
     </span>
    </p>
   </div>
   <div class='ocr_carea' id='block_1_26' title="bbox 2106 1066 3672 1138">
    <p class='ocr_par' dir='ltr' id='par_1_26' title="bbox 2106 1066 3672 1138">
     <span class='ocr_line' id='line_1_26' title="bbox 2106 1066 3672 1138; baseline -0.003 -16"><span class='ocrx_word' id='word_1_170' title='bbox 2106 1078 2426 1138; x_wconf 89' lang='lat' dir='ltr'><strong>usurpatum</strong></span> <span class='ocrx_word' id='word_1_171' title='bbox 2480 1066 2602 1131; x_wconf 76' lang='lat' dir='ltr'><strong>fuit,</strong></span> <span class='ocrx_word' id='word_1_172' title='bbox 2635 1076 2691 1121; x_wconf 92' lang='lat' dir='ltr'><strong>et</strong></span> <span class='ocrx_word' id='word_1_173' title='bbox 2727 1066 2941 1135; x_wconf 84' lang='lat' dir='ltr'><strong>Magnia</strong></span> <span class='ocrx_word' id='word_1_174' title='bbox 2986 1067 3181 1123; x_wconf 85' lang='lat' dir='ltr'><strong>Urbica</strong></span> <span class='ocrx_word' id='word_1_175' title='bbox 3238 1066 3500 1121; x_wconf 73' lang='lat' dir='ltr'><strong>Maxentii</strong></span> <span class='ocrx_word' id='word_1_176' title='bbox 3548 1069 3672 1135; x_wconf 76' lang='lat' dir='ltr'><strong>Aug.</strong></span> 
     </span>
    </p>
   </div>
   <div class='ocr_carea' id='block_1_27' title="bbox 2107 1157 3676 1230">
    <p class='ocr_par' dir='ltr' id='par_1_27' title="bbox 2107 1157 3676 1230">
     <span class='ocr_line' id='line_1_27' title="bbox 2107 1157 3676 1230; baseline -0.003 -15"><span class='ocrx_word' id='word_1_177' title='bbox 2107 1176 2270 1224; x_wconf 78' lang='lat' dir='ltr'><strong>uxor,</strong></span> <span class='ocrx_word' id='word_1_178' title='bbox 2310 1160 2453 1230; x_wconf 86' lang='lat' dir='ltr'><strong>apud</strong></span> <span class='ocrx_word' id='word_1_179' title='bbox 2483 1159 2878 1229; x_wconf 87' lang='lat' dir='ltr'><strong>Spanhemium</strong></span> <span class='ocrx_word' id='word_1_180' title='bbox 2923 1159 2977 1213; x_wconf 91' lang='lat' dir='ltr'><strong>in</strong></span> <span class='ocrx_word' id='word_1_181' title='bbox 3018 1157 3295 1226; x_wconf 86' lang='lat' dir='ltr'><strong>Nummis;</strong></span> <span class='ocrx_word' id='word_1_182' title='bbox 3327 1169 3377 1212; x_wconf 89' lang='lat' dir='ltr'><strong>et</strong></span> <span class='ocrx_word' id='word_1_183' title='bbox 3418 1160 3475 1212; x_wconf 93' lang='lat' dir='ltr'><strong>in</strong></span> <span class='ocrx_word' id='word_1_184' title='bbox 3505 1159 3676 1213; x_wconf 84' lang='lat' dir='ltr'><strong>inscri-</strong></span> 
     </span>
    </p>
   </div>
   <div class='ocr_carea' id='block_1_28' title="bbox 2107 1248 3675 1324">
    <p class='ocr_par' dir='ltr' id='par_1_28' title="bbox 2107 1248 3675 1324">
     <span class='ocr_line' id='line_1_28' title="bbox 2107 1248 3675 1324; baseline -0.004 -17"><span class='ocrx_word' id='word_1_185' title='bbox 2107 1255 2293 1324; x_wconf 90' lang='lat' dir='ltr'><strong>ptione</strong></span> <span class='ocrx_word' id='word_1_186' title='bbox 2326 1253 2594 1315; x_wconf 77' lang='lat' dir='ltr'><strong>Romana,</strong></span> <span class='ocrx_word' id='word_1_187' title='bbox 2624 1252 2678 1305; x_wconf 91' lang='lat' dir='ltr'><strong>in</strong></span> <span class='ocrx_word' id='word_1_188' title='bbox 2700 1252 2825 1305; x_wconf 87' lang='lat' dir='ltr'><strong>villa</strong></span> <span class='ocrx_word' id='word_1_189' title='bbox 2859 1248 3071 1305; x_wconf 56' lang='lat' dir='ltr'><strong>Felicia:</strong></span> <span class='ocrx_word' id='word_1_190' title='bbox 3108 1250 3489 1303; x_wconf 68' lang='lat' dir='ltr'><strong>Pallavicinm:</strong></span> <span class='ocrx_word' id='word_1_191' title='bbox 3516 1249 3576 1302; x_wconf 88' lang='lat' dir='ltr'><strong>D.</strong></span> <span class='ocrx_word' id='word_1_192' title='bbox 3610 1248 3675 1301; x_wconf 75' lang='lat' dir='ltr'><strong>ll.</strong></span> 
     </span>
    </p>
   </div>
   <div class='ocr_carea' id='block_1_29' title="bbox 2110 1340 3680 1415">
    <p class='ocr_par' dir='ltr' id='par_1_29' title="bbox 2110 1340 3680 1415">
     <span class='ocr_line' id='line_1_29' title="bbox 2110 1340 3680 1415; baseline -0.004 -16"><span class='ocrx_word' id='word_1_193' title='bbox 2110 1344 2333 1415; x_wconf 72' lang='lat' dir='ltr'><strong>Hagnia</strong></span> <span class='ocrx_word' id='word_1_194' title='bbox 2363 1345 2536 1415; x_wconf 82' lang='lat' dir='ltr'><strong>Tyche</strong></span> <span class='ocrx_word' id='word_1_195' title='bbox 2570 1344 2691 1414; x_wconf 77' lang='lat' dir='ltr'><strong>fecit</strong></span> <span class='ocrx_word' id='word_1_196' title='bbox 2722 1343 2824 1397; x_wconf 90' lang='lat' dir='ltr'><strong>sibi</strong></span> <span class='ocrx_word' id='word_1_197' title='bbox 2851 1353 2898 1395; x_wconf 89' lang='lat' dir='ltr'><strong>et</strong></span> <span class='ocrx_word' id='word_1_198' title='bbox 2924 1342 3067 1396; x_wconf 79' lang='lat' dir='ltr'><strong>karis</strong></span> <span class='ocrx_word' id='word_1_199' title='bbox 3095 1343 3203 1395; x_wconf 86' lang='lat' dir='ltr'><strong>suis</strong></span> <span class='ocrx_word' id='word_1_200' title='bbox 3227 1340 3287 1394; x_wconf 86' lang='grc' dir='ltr'><strong>Τ.</strong></span> <span class='ocrx_word' id='word_1_201' title='bbox 3317 1341 3537 1410; x_wconf 75' lang='lat' dir='ltr'><strong>Magnia</strong></span> <span class='ocrx_word' id='word_1_202' title='bbox 3558 1346 3680 1408; x_wconf 47' lang='lat' dir='ltr'><strong>Any.</strong></span> 
     </span>
    </p>
   </div>
   <div class='ocr_carea' id='block_1_30' title="bbox 2110 1430 3679 1507">
    <p class='ocr_par' dir='ltr' id='par_1_30' title="bbox 2110 1430 3679 1507">
     <span class='ocr_line' id='line_1_30' title="bbox 2110 1430 3679 1507; baseline -0.004 -15"><span class='ocrx_word' id='word_1_203' title='bbox 2110 1447 2221 1492; x_wconf 85' lang='lat' dir='ltr'><strong>ceto</strong></span> <span class='ocrx_word' id='word_1_204' title='bbox 2244 1450 2293 1492; x_wconf 88' lang='lat' dir='ltr'><strong>et</strong></span> <span class='ocrx_word' id='word_1_205' title='bbox 2318 1436 2379 1490; x_wconf 88' lang='lat' dir='ltr'><strong>T.</strong></span> <span class='ocrx_word' id='word_1_206' title='bbox 2411 1436 2627 1507; x_wconf 79' lang='lat' dir='ltr'><strong>Magnio</strong></span> <span class='ocrx_word' id='word_1_207' title='bbox 2652 1433 2929 1505; x_wconf 80' lang='lat' dir='ltr'><strong>Eutychio,</strong></span> <span class='ocrx_word' id='word_1_208' title='bbox 2951 1446 2999 1488; x_wconf 86' lang='lat' dir='ltr'><strong>et</strong></span> <span class='ocrx_word' id='word_1_209' title='bbox 3027 1433 3092 1499; x_wconf 81' lang='grc' dir='ltr'><strong>ρ.</strong></span> <span class='ocrx_word' id='word_1_210' title='bbox 3121 1433 3279 1486; x_wconf 82' lang='lat' dir='ltr'><strong>Tillio</strong></span> <span class='ocrx_word' id='word_1_211' title='bbox 3303 1430 3588 1502; x_wconf 83' lang='lat' dir='ltr'><strong>Figuliano</strong></span> <span class='ocrx_word' id='word_1_212' title='bbox 3608 1434 3679 1485; x_wconf 81' lang='lat' dir='ltr'><strong>be-</strong></span> 
     </span>
    </p>
   </div>
   <div class='ocr_carea' id='block_1_31' title="bbox 2112 1522 3679 1592">
    <p class='ocr_par' dir='ltr' id='par_1_31' title="bbox 2112 1522 3679 1592">
     <span class='ocr_line' id='line_1_31' title="bbox 2112 1522 3679 1592; baseline -0.006 -10"><span class='ocrx_word' id='word_1_213' title='bbox 2112 1528 2513 1590; x_wconf 85' lang='lat' dir='ltr'><strong>nenterentibus,</strong></span> <span class='ocrx_word' id='word_1_214' title='bbox 2545 1536 2594 1581; x_wconf 88' lang='lat' dir='ltr'><strong>et</strong></span> <span class='ocrx_word' id='word_1_215' title='bbox 2623 1525 2872 1589; x_wconf 77' lang='lat' dir='ltr'><strong>Libertis,</strong></span> <span class='ocrx_word' id='word_1_216' title='bbox 2908 1522 3339 1592; x_wconf 82' lang='lat' dir='ltr'><strong>Libertabusque,</strong></span> <span class='ocrx_word' id='word_1_217' title='bbox 3369 1523 3679 1592; x_wconf 71' lang='lat' dir='ltr'><strong>posterisque</strong></span> 
     </span>
    </p>
   </div>
   <div class='ocr_carea' id='block_1_32' title="bbox 2110 1610 3680 1682">
    <p class='ocr_par' dir='ltr' id='par_1_32' title="bbox 2110 1610 3680 1682">
     <span class='ocr_line' id='line_1_32' title="bbox 2110 1610 3680 1682; baseline -0.009 -10"><span class='ocrx_word' id='word_1_218' title='bbox 2110 1635 2290 1672; x_wconf 87' lang='lat' dir='ltr'><strong>eorum</strong></span> <span class='ocrx_word' id='word_1_219' title='bbox 2331 1616 2405 1670; x_wconf 81' lang='grc' dir='ltr'><strong>Η.</strong></span> <span class='ocrx_word' id='word_1_220' title='bbox 2431 1614 2511 1669; x_wconf 79' lang='grc' dir='ltr'><strong>Μ.</strong></span> <span class='ocrx_word' id='word_1_221' title='bbox 2538 1615 2605 1669; x_wconf 88' lang='lat' dir='ltr'><strong>D.</strong></span> <span class='ocrx_word' id='word_1_222' title='bbox 2646 1613 2726 1670; x_wconf 69' lang='grc' dir='ltr'><strong>Μ.</strong></span> <span class='ocrx_word' id='word_1_223' title='bbox 2776 1612 2844 1666; x_wconf 87' lang='grc' dir='ltr'><strong>Α.</strong></span> <span class='ocrx_word' id='word_1_224' title='bbox 2883 1613 2959 1682; x_wconf 91' lang='lat' dir='ltr'><strong>(id</strong></span> <span class='ocrx_word' id='word_1_225' title='bbox 2994 1623 3097 1667; x_wconf 89' lang='lat' dir='ltr'><strong>est.</strong></span> <span class='ocrx_word' id='word_1_226' title='bbox 3139 1631 3150 1665; x_wconf 90' lang='lat'>:</span> <span class='ocrx_word' id='word_1_227' title='bbox 3191 1610 3329 1663; x_wconf 84' lang='lat' dir='ltr'><strong>Iluic</strong></span> <span class='ocrx_word' id='word_1_228' title='bbox 3364 1620 3680 1663; x_wconf 76' lang='lat' dir='ltr'><strong>monumento</strong></span> 
     </span>
    </p>
   </div>
   <div class='ocr_carea' id='block_1_33' title="bbox 2113 1703 3681 1777">
    <p class='ocr_par' dir='ltr' id='par_1_33' title="bbox 2113 1703 3681 1777">
     <span class='ocr_line' id='line_1_33' title="bbox 2113 1703 3681 1777; baseline -0.007 -12"><span class='ocrx_word' id='word_1_229' title='bbox 2113 1710 2263 1765; x_wconf 86' lang='lat' dir='ltr'><strong>dolus</strong></span> <span class='ocrx_word' id='word_1_230' title='bbox 2296 1710 2467 1763; x_wconf 83' lang='lat' dir='ltr'><strong>malus</strong></span> <span class='ocrx_word' id='word_1_231' title='bbox 2520 1708 2745 1777; x_wconf 85' lang='lat' dir='ltr'><strong>abesto.)</strong></span> <span class='ocrx_word' id='word_1_232' title='bbox 2792 1706 2927 1761; x_wconf 84' lang='lat' dir='ltr'><strong>Item</strong></span> <span class='ocrx_word' id='word_1_233' title='bbox 2972 1711 3027 1761; x_wconf 94' lang='lat' dir='ltr'><strong>T.</strong></span> <span class='ocrx_word' id='word_1_234' title='bbox 3060 1704 3287 1760; x_wconf 80' lang='lat' dir='ltr'><strong>Claudio</strong></span> <span class='ocrx_word' id='word_1_235' title='bbox 3318 1703 3613 1765; x_wconf 85' lang='lat' dir='ltr'><strong>Honorato,</strong></span> <span class='ocrx_word' id='word_1_236' title='bbox 3640 1713 3681 1755; x_wconf 82' lang='lat' dir='ltr'><strong>et</strong></span> 
     </span>
    </p>
   </div>
   <div class='ocr_carea' id='block_1_34' title="bbox 2036 1774 3684 1869">
    <p class='ocr_par' dir='ltr' id='par_1_34' title="bbox 2036 1774 3684 1869">
     <span class='ocr_line' id='line_1_34' title="bbox 2036 1774 3684 1869; baseline -0.008 -10"><span class='ocrx_word' id='word_1_237' title='bbox 2036 1774 2084 1835; x_wconf 72' lang='grc' dir='ltr'><strong>Β</strong></span> <span class='ocrx_word' id='word_1_238' title='bbox 2114 1805 2356 1859; x_wconf 71' lang='lat' dir='ltr'><strong>Claudia:</strong></span> <span class='ocrx_word' id='word_1_239' title='bbox 2376 1802 2651 1858; x_wconf 79' lang='lat' dir='ltr'><strong>Marcella:</strong></span> <span class='ocrx_word' id='word_1_240' title='bbox 2679 1774 2866 1855; x_wconf 82' lang='lat' dir='ltr'><strong>amicis</strong></span> <span class='ocrx_word' id='word_1_241' title='bbox 2892 1798 3216 1869; x_wconf 79' lang='lat' dir='ltr'><strong>ﬁdelissimis</strong></span> <span class='ocrx_word' id='word_1_242' title='bbox 3235 1814 3361 1851; x_wconf 75' lang='lat' dir='ltr'><strong>vasa</strong></span> <span class='ocrx_word' id='word_1_243' title='bbox 3383 1796 3684 1851; x_wconf 79' lang='lat' dir='ltr'><strong>obremlan&#39;e</strong></span> 
     </span>
    </p>
   </div>
   <div class='ocr_carea' id='block_1_35' title="bbox 2113 1891 3681 1959">
    <p class='ocr_par' dir='ltr' id='par_1_35' title="bbox 2113 1891 3681 1959">
     <span class='ocr_line' id='line_1_35' title="bbox 2113 1891 3681 1959; baseline -0.006 -9"><span class='ocrx_word' id='word_1_244' title='bbox 2113 1898 2244 1959; x_wconf 86' lang='lat' dir='ltr'><strong>dua,</strong></span> <span class='ocrx_word' id='word_1_245' title='bbox 2278 1897 2403 1949; x_wconf 87' lang='lat' dir='ltr'><strong>item</strong></span> <span class='ocrx_word' id='word_1_246' title='bbox 2431 1894 2654 1949; x_wconf 87' lang='lat' dir='ltr'><strong>olicaria</strong></span> <span class='ocrx_word' id='word_1_247' title='bbox 2686 1894 2794 1947; x_wconf 83' lang='lat' dir='ltr'><strong>tria</strong></span> <span class='ocrx_word' id='word_1_248' title='bbox 2824 1893 3207 1946; x_wconf 83' lang='lat' dir='ltr'><strong>introeuntibus</strong></span> <span class='ocrx_word' id='word_1_249' title='bbox 3226 1902 3375 1959; x_wconf 87' lang='lat' dir='ltr'><strong>parte</strong></span> <span class='ocrx_word' id='word_1_250' title='bbox 3405 1891 3681 1943; x_wconf 70' lang='lat' dir='ltr'><strong>dextera...</strong></span> 
     </span>
    </p>
   </div>
   <div class='ocr_carea' id='block_1_36' title="bbox 2112 1981 3685 2059">
    <p class='ocr_par' dir='ltr' id='par_1_36' title="bbox 2112 1981 3685 2059">
     <span class='ocr_line' id='line_1_36' title="bbox 2112 1981 3685 2059; baseline -0.006 -16"><span class='ocrx_word' id='word_1_251' title='bbox 2112 1989 2358 2059; x_wconf 75' lang='lat' dir='ltr'><strong>orefecit|,</strong></span> <span class='ocrx_word' id='word_1_252' title='bbox 2411 1997 2459 2041; x_wconf 90' lang='lat' dir='ltr'><strong>et</strong></span> <span class='ocrx_word' id='word_1_253' title='bbox 2519 1986 2754 2040; x_wconf 85' lang='lat' dir='ltr'><strong>donavit.</strong></span> <span class='ocrx_word' id='word_1_254' title='bbox 2820 1983 3150 2039; x_wconf 86' lang='lat' dir='ltr'><strong>Obrendaria</strong></span> <span class='ocrx_word' id='word_1_255' title='bbox 3213 1983 3449 2047; x_wconf 88' lang='lat' dir='ltr'><strong>corbes,</strong></span> <span class='ocrx_word' id='word_1_256' title='bbox 3504 1981 3685 2051; x_wconf 89' lang='lat' dir='ltr'><strong>quibus</strong></span> 
     </span>
    </p>
   </div>
   <div class='ocr_carea' id='block_1_37' title="bbox 2113 2075 3684 2146">
    <p class='ocr_par' dir='ltr' id='par_1_37' title="bbox 2113 2075 3684 2146">
     <span class='ocr_line' id='line_1_37' title="bbox 2113 2075 3684 2146; baseline -0.005 -13"><span class='ocrx_word' id='word_1_257' title='bbox 2113 2081 2387 2137; x_wconf 83' lang='lat' dir='ltr'><strong>vindemia</strong></span> <span class='ocrx_word' id='word_1_258' title='bbox 2428 2078 2691 2141; x_wconf 75' lang='lat' dir='ltr'><strong>defertur,</strong></span> <span class='ocrx_word' id='word_1_259' title='bbox 2744 2078 2885 2146; x_wconf 87' lang='lat' dir='ltr'><strong>apud</strong></span> <span class='ocrx_word' id='word_1_260' title='bbox 2920 2075 3257 2130; x_wconf 84' lang='lat' dir='ltr'><strong>Lombardos</strong></span> <span class='ocrx_word' id='word_1_261' title='bbox 3281 2075 3390 2130; x_wconf 91' lang='lat' dir='ltr'><strong>dici</strong></span> <span class='ocrx_word' id='word_1_262' title='bbox 3422 2075 3617 2135; x_wconf 87' lang='lat' dir='ltr'><strong>solent,</strong></span> <span class='ocrx_word' id='word_1_263' title='bbox 3639 2083 3684 2126; x_wconf 88' lang='lat' dir='ltr'><strong>et</strong></span> 
     </span>
    </p>
   </div>
   <div class='ocr_carea' id='block_1_38' title="bbox 2114 2167 3683 2241">
    <p class='ocr_par' dir='ltr' id='par_1_38' title="bbox 2114 2167 3683 2241">
     <span class='ocr_line' id='line_1_38' title="bbox 2114 2167 3683 2241; baseline -0.006 -12"><span class='ocrx_word' id='word_1_264' title='bbox 2114 2174 2258 2229; x_wconf 89' lang='lat' dir='ltr'><strong>dolia</strong></span> <span class='ocrx_word' id='word_1_265' title='bbox 2290 2173 2521 2237; x_wconf 83' lang='lat' dir='ltr'><strong>vinaria,</strong></span> <span class='ocrx_word' id='word_1_266' title='bbox 2553 2188 2647 2227; x_wconf 86' lang='lat' dir='ltr'><strong>seu</strong></span> <span class='ocrx_word' id='word_1_267' title='bbox 2679 2186 2852 2241; x_wconf 66' lang='lat' dir='ltr'><strong>cupze.</strong></span> <span class='ocrx_word' id='word_1_268' title='bbox 2881 2170 3244 2224; x_wconf 79' lang='lat' dir='ltr'><strong>Nominantur</strong></span> <span class='ocrx_word' id='word_1_269' title='bbox 3274 2169 3327 2221; x_wconf 90' lang='lat' dir='ltr'><strong>in</strong></span> <span class='ocrx_word' id='word_1_270' title='bbox 3353 2167 3683 2222; x_wconf 82' lang='lat' dir='ltr'><strong>Gruterianis</strong></span> 
     </span>
    </p>
   </div>
   <div class='ocr_carea' id='block_1_39' title="bbox 2116 2258 3683 2336">
    <p class='ocr_par' dir='ltr' id='par_1_39' title="bbox 2116 2258 3683 2336">
     <span class='ocr_line' id='line_1_39' title="bbox 2116 2258 3683 2336; baseline -0.008 -13"><span class='ocrx_word' id='word_1_271' title='bbox 2116 2266 2571 2336; x_wconf 85' lang='lat' dir='ltr'><strong>lnscriptionihus</strong></span> <span class='ocrx_word' id='word_1_272' title='bbox 2612 2260 2813 2331; x_wconf 81' lang='lat' dir='ltr'><strong>Magna</strong></span> <span class='ocrx_word' id='word_1_273' title='bbox 2879 2260 3089 2325; x_wconf 84' lang='lat' dir='ltr'><strong>Ironia,</strong></span> <span class='ocrx_word' id='word_1_274' title='bbox 3142 2260 3392 2329; x_wconf 80' lang='lat' dir='ltr'><strong>Magneia</strong></span> <span class='ocrx_word' id='word_1_275' title='bbox 3438 2258 3683 2329; x_wconf 79' lang='lat' dir='ltr'><strong>jucunda,</strong></span> 
     </span>
    </p>
   </div>
   <div class='ocr_carea' id='block_1_40' title="bbox 486 1871 2007 1952">
    <p class='ocr_par' dir='ltr' id='par_1_40' title="bbox 486 1871 2007 1952">
     <span class='ocr_line' id='line_1_40' title="bbox 486 1871 2007 1952; baseline 0.01 -26"><span class='ocrx_word' id='word_1_276' title='bbox 486 1871 823 1942; x_wconf 86' lang='lat' dir='ltr'><strong>Opusculum</strong></span> <span class='ocrx_word' id='word_1_277' title='bbox 850 1874 955 1931; x_wconf 83' lang='lat' dir='ltr'><strong>Nili</strong></span> <span class='ocrx_word' id='word_1_278' title='bbox 986 1877 1159 1932; x_wconf 90' lang='lat' dir='ltr'><strong>locavi</strong></span> <span class='ocrx_word' id='word_1_279' title='bbox 1189 1879 1441 1947; x_wconf 82' lang='lat' dir='ltr'><strong>subinde,</strong></span> <span class='ocrx_word' id='word_1_280' title='bbox 1473 1881 1619 1952; x_wconf 89' lang='lat' dir='ltr'><strong>quod</strong></span> <span class='ocrx_word' id='word_1_281' title='bbox 1652 1884 2007 1941; x_wconf 86' lang='lat' dir='ltr'><strong>inscribitur:</strong></span> 
     </span>
    </p>
   </div>
   <div class='ocr_carea' id='block_1_41' title="bbox 417 1965 2014 2051">
    <p class='ocr_par' dir='ltr' id='par_1_41' title="bbox 417 1965 2014 2051">
     <span class='ocr_line' id='line_1_41' title="bbox 417 1965 2014 2051; baseline 0.01 -33"><span class='ocrx_word' id='word_1_282' title='bbox 417 1965 562 2037; x_wconf 86' lang='grc' dir='ltr'><strong>Πρὸς</strong></span> <span class='ocrx_word' id='word_1_283' title='bbox 656 1967 754 2038; x_wconf 79' lang='grc' dir='ltr'><strong>τὴν</strong></span> <span class='ocrx_word' id='word_1_284' title='bbox 816 1971 1372 2051; x_wconf 57' lang='grc' dir='ltr'><strong>σεμνοπρςπεστὰτην</strong></span> <span class='ocrx_word' id='word_1_285' title='bbox 1438 1974 1666 2045; x_wconf 82' lang='grc' dir='ltr'><strong>Μάγναν</strong></span> <span class='ocrx_word' id='word_1_286' title='bbox 1743 1976 1844 2046; x_wconf 84' lang='grc' dir='ltr'><strong>τὴν</strong></span> <span class='ocrx_word' id='word_1_287' title='bbox 1895 1978 2014 2033; x_wconf 78' lang='grc' dir='ltr'><strong>διά-</strong></span> 
     </span>
    </p>
   </div>
   <div class='ocr_carea' id='block_1_42' title="bbox 419 2058 2017 2139">
    <p class='ocr_par' dir='ltr' id='par_1_42' title="bbox 419 2058 2017 2139">
     <span class='ocr_line' id='line_1_42' title="bbox 419 2058 2017 2139; baseline 0.012 -29"><span class='ocrx_word' id='word_1_288' title='bbox 419 2074 573 2112; x_wconf 86' lang='grc' dir='ltr'>κονον</span> <span class='ocrx_word' id='word_1_289' title='bbox 620 2058 912 2131; x_wconf 76' lang='grc' dir='ltr'><strong>Ἀγκύρας.</strong></span> <span class='ocrx_word' id='word_1_290' title='bbox 940 2061 1110 2131; x_wconf 85' lang='grc' dir='ltr'><strong>Λόγος</strong></span> <span class='ocrx_word' id='word_1_291' title='bbox 1135 2065 1265 2134; x_wconf 79' lang='grc' dir='ltr'>περὶ</span> <span class='ocrx_word' id='word_1_292' title='bbox 1301 2066 1711 2139; x_wconf 85' lang='grc' dir='ltr'><strong>ἀκτημοσύνης.</strong></span> <span class='ocrx_word' id='word_1_293' title='bbox 1751 2069 1834 2123; x_wconf 86' lang='lat' dir='ltr'><strong>Ad</strong></span> <span class='ocrx_word' id='word_1_294' title='bbox 1867 2086 2017 2130; x_wconf 80' lang='lat' dir='ltr'><strong>vene.</strong></span> 
     </span>
    </p>
   </div>
   <div class='ocr_carea' id='block_1_43' title="bbox 421 2151 2013 2231">
    <p class='ocr_par' dir='ltr' id='par_1_43' title="bbox 421 2151 2013 2231">
     <span class='ocr_line' id='line_1_43' title="bbox 421 2151 2013 2231; baseline 0.008 -28"><span class='ocrx_word' id='word_1_295' title='bbox 421 2151 626 2205; x_wconf 79' lang='lat' dir='ltr'><strong>ratione</strong></span> <span class='ocrx_word' id='word_1_296' title='bbox 673 2151 1040 2221; x_wconf 79' lang='lat' dir='ltr'><strong>dignissimam</strong></span> <span class='ocrx_word' id='word_1_297' title='bbox 1108 2154 1363 2226; x_wconf 85' lang='lat' dir='ltr'><strong>Magnam</strong></span> <span class='ocrx_word' id='word_1_298' title='bbox 1419 2159 1777 2214; x_wconf 86' lang='lat' dir='ltr'><strong>diaconissam</strong></span> <span class='ocrx_word' id='word_1_299' title='bbox 1827 2162 2013 2231; x_wconf 80' lang='lat' dir='ltr'><strong>Ancy-</strong></span> 
     </span>
    </p>
   </div>
   <div class='ocr_carea' id='block_1_44' title="bbox 422 2242 2015 2317">
    <p class='ocr_par' dir='ltr' id='par_1_44' title="bbox 422 2242 2015 2317">
     <span class='ocr_line' id='line_1_44' title="bbox 422 2242 2015 2317; baseline 0.009 -26"><span class='ocrx_word' id='word_1_300' title='bbox 422 2256 529 2306; x_wconf 71' lang='lat' dir='ltr'><strong>rae,</strong></span> <span class='ocrx_word' id='word_1_301' title='bbox 576 2251 833 2296; x_wconf 83' lang='lat' dir='ltr'><strong>tractatus</strong></span> <span class='ocrx_word' id='word_1_302' title='bbox 873 2242 936 2297; x_wconf 86' lang='lat' dir='ltr'><strong>de</strong></span> <span class='ocrx_word' id='word_1_303' title='bbox 981 2244 1284 2299; x_wconf 84' lang='lat' dir='ltr'><strong>voluntaria</strong></span> <span class='ocrx_word' id='word_1_304' title='bbox 1325 2260 1670 2317; x_wconf 81' lang='lat' dir='ltr'><strong>paupertate,</strong></span> <span class='ocrx_word' id='word_1_305' title='bbox 1719 2252 1835 2307; x_wconf 89' lang='lat' dir='ltr'><strong>sive</strong></span> <span class='ocrx_word' id='word_1_306' title='bbox 1879 2251 2015 2306; x_wconf 90' lang='lat' dir='ltr'><strong>nihil</strong></span> 
     </span>
    </p>
   </div>
   <div class='ocr_carea' id='block_1_45' title="bbox 423 2331 2013 2412">
    <p class='ocr_par' dir='ltr' id='par_1_45' title="bbox 423 2331 2013 2412">
     <span class='ocr_line' id='line_1_45' title="bbox 423 2331 2013 2412; baseline 0.008 -28"><span class='ocrx_word' id='word_1_307' title='bbox 423 2331 771 2398; x_wconf 86' lang='lat' dir='ltr'><strong>possidendo.</strong></span> <span class='ocrx_word' id='word_1_308' title='bbox 805 2332 1143 2404; x_wconf 87' lang='lat' dir='ltr'><strong>Principium</strong></span> <span class='ocrx_word' id='word_1_309' title='bbox 1168 2336 1360 2407; x_wconf 81' lang='grc' dir='ltr'>πρώην</span> <span class='ocrx_word' id='word_1_310' title='bbox 1401 2338 1751 2410; x_wconf 77' lang='grc' dir='ltr'><strong>μέν.ιΝαρεν</strong></span> <span class='ocrx_word' id='word_1_311' title='bbox 1780 2342 2013 2412; x_wconf 80' lang='lat' dir='ltr'><strong>quidem.</strong></span> 
     </span>
    </p>
   </div>
   <div class='ocr_carea' id='block_1_46' title="bbox 420 2421 2009 2499">
    <p class='ocr_par' dir='ltr' id='par_1_46' title="bbox 420 2421 2009 2499">
     <span class='ocr_line' id='line_1_46' title="bbox 420 2421 2009 2499; baseline 0.009 -22"><span class='ocrx_word' id='word_1_312' title='bbox 420 2421 669 2495; x_wconf 71' lang='lat' dir='ltr'><strong>Magnam</strong></span> <span class='ocrx_word' id='word_1_313' title='bbox 702 2426 893 2481; x_wconf 88' lang='lat' dir='ltr'><strong>vocavi</strong></span> <span class='ocrx_word' id='word_1_314' title='bbox 920 2442 1027 2481; x_wconf 92' lang='lat' dir='ltr'><strong>non</strong></span> <span class='ocrx_word' id='word_1_315' title='bbox 1063 2427 1417 2499; x_wconf 78' lang='lat' dir='ltr'><strong>Magnesiam,</strong></span> <span class='ocrx_word' id='word_1_316' title='bbox 1454 2442 1681 2488; x_wconf 90' lang='lat' dir='ltr'><strong>secutus</strong></span> <span class='ocrx_word' id='word_1_317' title='bbox 1712 2432 2009 2491; x_wconf 86' lang='lat' dir='ltr'><strong>Vaticanos</strong></span> 
     </span>
    </p>
   </div>
   <div class='ocr_carea' id='block_1_47' title="bbox 420 2517 2014 2596">
    <p class='ocr_par' dir='ltr' id='par_1_47' title="bbox 420 2517 2014 2596">
     <span class='ocr_line' id='line_1_47' title="bbox 420 2517 2014 2596; baseline 0.006 -25"><span class='ocrx_word' id='word_1_318' title='bbox 420 2518 640 2572; x_wconf 87' lang='lat' dir='ltr'><strong>codices</strong></span> <span class='ocrx_word' id='word_1_319' title='bbox 662 2517 768 2572; x_wconf 80' lang='grc'><strong>655</strong></span> <span class='ocrx_word' id='word_1_320' title='bbox 793 2528 847 2573; x_wconf 94' lang='lat' dir='ltr'><strong>et</strong></span> <span class='ocrx_word' id='word_1_321' title='bbox 877 2520 1037 2585; x_wconf 70' lang='grc'><strong>1454,</strong></span> <span class='ocrx_word' id='word_1_322' title='bbox 1058 2530 1112 2574; x_wconf 90' lang='lat' dir='ltr'><strong>et</strong></span> <span class='ocrx_word' id='word_1_323' title='bbox 1138 2519 1458 2578; x_wconf 86' lang='lat' dir='ltr'><strong>Heracliden</strong></span> <span class='ocrx_word' id='word_1_324' title='bbox 1475 2524 1637 2596; x_wconf 77' lang='lat'><strong>605</strong></span> <span class='ocrx_word' id='word_1_325' title='bbox 1664 2525 1719 2579; x_wconf 91' lang='lat' dir='ltr'><strong>in</strong></span> <span class='ocrx_word' id='word_1_326' title='bbox 1746 2525 2014 2582; x_wconf 86' lang='lat' dir='ltr'><strong>Paradiso</strong></span> 
     </span>
    </p>
   </div>
   <div class='ocr_carea' id='block_1_48' title="bbox 420 2610 2016 2690">
    <p class='ocr_par' dir='ltr' id='par_1_48' title="bbox 420 2610 2016 2690">
     <span class='ocr_line' id='line_1_48' title="bbox 420 2610 2016 2690; baseline 0.007 -25"><span class='ocrx_word' id='word_1_327' title='bbox 420 2625 473 2665; x_wconf 90' lang='lat' dir='ltr'><strong>c.</strong></span> <span class='ocrx_word' id='word_1_328' title='bbox 506 2610 593 2673; x_wconf 83' lang='lat'><strong>55,</strong></span> <span class='ocrx_word' id='word_1_329' title='bbox 629 2627 724 2667; x_wconf 87' lang='lat' dir='ltr'><strong>seu</strong></span> <span class='ocrx_word' id='word_1_330' title='bbox 758 2611 1058 2667; x_wconf 85' lang='lat' dir='ltr'><strong>Palladium</strong></span> <span class='ocrx_word' id='word_1_331' title='bbox 1088 2614 1142 2667; x_wconf 90' lang='lat' dir='ltr'><strong>in</strong></span> <span class='ocrx_word' id='word_1_332' title='bbox 1173 2613 1379 2669; x_wconf 82' lang='lat' dir='ltr'><strong>Hister.</strong></span> <span class='ocrx_word' id='word_1_333' title='bbox 1405 2616 1674 2672; x_wconf 86' lang='lat' dir='ltr'><strong>Lausiaca</strong></span> <span class='ocrx_word' id='word_1_334' title='bbox 1694 2634 1745 2674; x_wconf 93' lang='lat' dir='ltr'><strong>c.</strong></span> <span class='ocrx_word' id='word_1_335' title='bbox 1774 2621 1898 2685; x_wconf 74' lang='grc'><strong>151,</strong></span> <span class='ocrx_word' id='word_1_336' title='bbox 1922 2621 2016 2690; x_wconf 85' lang='lat' dir='ltr'><strong>qui</strong></span> 
     </span>
    </p>
   </div>
   <div class='ocr_carea' id='block_1_49' title="bbox 424 2701 2016 2777">
    <p class='ocr_par' dir='ltr' id='par_1_49' title="bbox 424 2701 2016 2777">
     <span class='ocr_line' id='line_1_49' title="bbox 424 2701 2016 2777; baseline 0.008 -22"><span class='ocrx_word' id='word_1_337' title='bbox 424 2701 674 2771; x_wconf 78' lang='lat' dir='ltr'><strong>Magnam</strong></span> <span class='ocrx_word' id='word_1_338' title='bbox 708 2714 948 2771; x_wconf 90' lang='lat' dir='ltr'><strong>vocant;</strong></span> <span class='ocrx_word' id='word_1_339' title='bbox 999 2716 1054 2759; x_wconf 89' lang='lat' dir='ltr'><strong>et</strong></span> <span class='ocrx_word' id='word_1_340' title='bbox 1082 2706 1359 2763; x_wconf 89' lang='lat' dir='ltr'><strong>Palladius</strong></span> <span class='ocrx_word' id='word_1_341' title='bbox 1396 2710 1616 2777; x_wconf 90' lang='lat' dir='ltr'><strong>quidem</strong></span> <span class='ocrx_word' id='word_1_342' title='bbox 1680 2711 1776 2766; x_wconf 93' lang='lat' dir='ltr'><strong>lib.</strong></span> <span class='ocrx_word' id='word_1_343' title='bbox 1808 2727 1902 2766; x_wconf 86' lang='lat' dir='ltr'><strong>VIII</strong></span> <span class='ocrx_word' id='word_1_344' title='bbox 1940 2712 2016 2767; x_wconf 86' lang='lat' dir='ltr'><strong>De</strong></span> 
     </span>
    </p>
   </div>
   <div class='ocr_carea' id='block_1_50' title="bbox 421 2793 2013 2867">
    <p class='ocr_par' dir='ltr' id='par_1_50' title="bbox 421 2793 2013 2867">
     <span class='ocr_line' id='line_1_50' title="bbox 421 2793 2013 2867; baseline 0.008 -20"><span class='ocrx_word' id='word_1_345' title='bbox 421 2796 518 2847; x_wconf 73' lang='lat' dir='ltr'><strong>ait.</strong></span> <span class='ocrx_word' id='word_1_346' title='bbox 552 2793 796 2859; x_wconf 85' lang='lat' dir='ltr'><strong>Patrum,</strong></span> <span class='ocrx_word' id='word_1_347' title='bbox 826 2796 1029 2851; x_wconf 89' lang='lat' dir='ltr'><strong>relatus</strong></span> <span class='ocrx_word' id='word_1_348' title='bbox 1061 2814 1112 2867; x_wconf 93' lang='lat' dir='ltr'><strong>p.</strong></span> <span class='ocrx_word' id='word_1_349' title='bbox 1145 2801 1267 2866; x_wconf 84' lang='grc'>776,</span> <span class='ocrx_word' id='word_1_350' title='bbox 1295 2802 1376 2854; x_wconf 90' lang='lat' dir='ltr'><strong>sic</strong></span> <span class='ocrx_word' id='word_1_351' title='bbox 1403 2801 1597 2855; x_wconf 83' lang='lat' dir='ltr'><strong>habet:</strong></span> <span class='ocrx_word' id='word_1_352' title='bbox 1642 2821 1659 2853; x_wconf 73' lang='grc' dir='ltr'><strong>ε</strong></span> <span class='ocrx_word' id='word_1_353' title='bbox 1693 2801 1749 2854; x_wconf 90' lang='lat' dir='ltr'><strong>In</strong></span> <span class='ocrx_word' id='word_1_354' title='bbox 1792 2802 2013 2859; x_wconf 87' lang='lat' dir='ltr'><strong>civitate</strong></span> 
     </span>
    </p>
   </div>
   <div class='ocr_carea' id='block_1_51' title="bbox 424 2886 2018 2960">
    <p class='ocr_par' dir='ltr' id='par_1_51' title="bbox 424 2886 2018 2960">
     <span class='ocr_line' id='line_1_51' title="bbox 424 2886 2018 2960; baseline 0.008 -21"><span class='ocrx_word' id='word_1_355' title='bbox 424 2888 639 2956; x_wconf 82' lang='lat' dir='ltr'><strong>Ancyra</strong></span> <span class='ocrx_word' id='word_1_356' title='bbox 672 2886 798 2957; x_wconf 91' lang='lat' dir='ltr'><strong>(est</strong></span> <span class='ocrx_word' id='word_1_357' title='bbox 826 2904 891 2942; x_wconf 88' lang='lat' dir='ltr'><strong>ea</strong></span> <span class='ocrx_word' id='word_1_358' title='bbox 933 2892 1247 2960; x_wconf 85' lang='lat' dir='ltr'><strong>metropolis</strong></span> <span class='ocrx_word' id='word_1_359' title='bbox 1290 2892 1518 2947; x_wconf 67' lang='lat' dir='ltr'><strong>Galatia:</strong></span> <span class='ocrx_word' id='word_1_360' title='bbox 1550 2895 1604 2947; x_wconf 91' lang='lat' dir='ltr'><strong>in</strong></span> <span class='ocrx_word' id='word_1_361' title='bbox 1640 2894 1768 2950; x_wconf 88' lang='lat' dir='ltr'><strong>Asia</strong></span> <span class='ocrx_word' id='word_1_362' title='bbox 1810 2896 2018 2952; x_wconf 85' lang='lat' dir='ltr'><strong>Minore</strong></span> 
     </span>
    </p>
   </div>
   <div class='ocr_carea' id='block_1_52' title="bbox 424 2976 2014 3052">
    <p class='ocr_par' dir='ltr' id='par_1_52' title="bbox 424 2976 2014 3052">
     <span class='ocr_line' id='line_1_52' title="bbox 424 2976 2014 3052; baseline 0.008 -21"><span class='ocrx_word' id='word_1_363' title='bbox 424 2976 783 3033; x_wconf 88' lang='lat' dir='ltr'><strong>celeberrima</strong></span> <span class='ocrx_word' id='word_1_364' title='bbox 816 2982 1023 3050; x_wconf 86' lang='lat' dir='ltr'><strong>synodo</strong></span> <span class='ocrx_word' id='word_1_365' title='bbox 1073 2981 1205 3036; x_wconf 89' lang='lat' dir='ltr'><strong>inibi</strong></span> <span class='ocrx_word' id='word_1_366' title='bbox 1245 2983 1427 3037; x_wconf 85' lang='lat' dir='ltr'><strong>habita</strong></span> <span class='ocrx_word' id='word_1_367' title='bbox 1487 3001 1630 3039; x_wconf 90' lang='lat' dir='ltr'><strong>anno</strong></span> <span class='ocrx_word' id='word_1_368' title='bbox 1675 2988 1737 3041; x_wconf 69' lang='lat'><strong>(1.</strong></span> <span class='ocrx_word' id='word_1_369' title='bbox 1780 2985 1843 3039; x_wconf 87' lang='lat' dir='ltr'><strong>N.</strong></span> <span class='ocrx_word' id='word_1_370' title='bbox 1887 2988 2014 3052; x_wconf 73' lang='lat' dir='ltr'><strong>3M,</strong></span> 
     </span>
    </p>
   </div>
   <div class='ocr_carea' id='block_1_53' title="bbox 2112 2352 3685 2429">
    <p class='ocr_par' dir='ltr' id='par_1_53' title="bbox 2112 2352 3685 2429">
     <span class='ocr_line' id='line_1_53' title="bbox 2112 2352 3685 2429; baseline -0.006 -16"><span class='ocrx_word' id='word_1_371' title='bbox 2112 2358 2410 2429; x_wconf 83' lang='lat' dir='ltr'><strong>Magnesia,</strong></span> <span class='ocrx_word' id='word_1_372' title='bbox 2442 2356 2662 2426; x_wconf 83' lang='lat' dir='ltr'><strong>Magnia</strong></span> <span class='ocrx_word' id='word_1_373' title='bbox 2699 2354 2759 2408; x_wconf 88' lang='lat' dir='ltr'><strong>T.</strong></span> <span class='ocrx_word' id='word_1_374' title='bbox 2795 2354 2862 2408; x_wconf 83' lang='lat' dir='ltr'><strong>L.</strong></span> <span class='ocrx_word' id='word_1_375' title='bbox 2886 2354 3079 2420; x_wconf 66' lang='lat' dir='ltr'><strong>Metire,</strong></span> <span class='ocrx_word' id='word_1_376' title='bbox 3119 2353 3457 2419; x_wconf 70' lang='lat' dir='ltr'><strong>Maximiola,</strong></span> <span class='ocrx_word' id='word_1_377' title='bbox 3512 2352 3685 2415; x_wconf 70' lang='lat' dir='ltr'><strong>Statii,</strong></span> 
     </span>
    </p>
   </div>
   <div class='ocr_carea' id='block_1_54' title="bbox 2114 2442 3687 2518">
    <p class='ocr_par' dir='ltr' id='par_1_54' title="bbox 2114 2442 3687 2518">
     <span class='ocr_line' id='line_1_54' title="bbox 2114 2442 3687 2518; baseline -0.005 -13"><span class='ocrx_word' id='word_1_378' title='bbox 2114 2460 2171 2505; x_wconf 88' lang='lat' dir='ltr'><strong>et</strong></span> <span class='ocrx_word' id='word_1_379' title='bbox 2210 2449 2268 2503; x_wconf 86' lang='lat' dir='ltr'><strong>S.</strong></span> <span class='ocrx_word' id='word_1_380' title='bbox 2300 2448 2569 2518; x_wconf 84' lang='lat' dir='ltr'><strong>Magnilus</strong></span> <span class='ocrx_word' id='word_1_381' title='bbox 2603 2447 2687 2501; x_wconf 88' lang='lat' dir='ltr'><strong>bis</strong></span> <span class='ocrx_word' id='word_1_382' title='bbox 2744 2455 2933 2515; x_wconf 86' lang='lat' dir='ltr'><strong>terque</strong></span> <span class='ocrx_word' id='word_1_383' title='bbox 2964 2455 3433 2500; x_wconf 81' lang='lat' dir='ltr'><strong>commemoratur</strong></span> <span class='ocrx_word' id='word_1_384' title='bbox 3480 2444 3535 2497; x_wconf 91' lang='lat' dir='ltr'><strong>in</strong></span> <span class='ocrx_word' id='word_1_385' title='bbox 3564 2442 3687 2497; x_wconf 45' lang='lat' dir='ltr'><strong>lat”</strong></span> 
     </span>
    </p>
   </div>
   <div class='ocr_carea' id='block_1_55' title="bbox 2118 2536 3686 2615">
    <p class='ocr_par' dir='ltr' id='par_1_55' title="bbox 2118 2536 3686 2615">
     <span class='ocr_line' id='line_1_55' title="bbox 2118 2536 3686 2615; baseline -0.008 -17"><span class='ocrx_word' id='word_1_386' title='bbox 2118 2542 2387 2615; x_wconf 82' lang='lat' dir='ltr'><strong>tyrologio</strong></span> <span class='ocrx_word' id='word_1_387' title='bbox 2436 2540 2661 2595; x_wconf 88' lang='lat' dir='ltr'><strong>Lucano</strong></span> <span class='ocrx_word' id='word_1_388' title='bbox 2706 2539 2774 2592; x_wconf 92' lang='lat' dir='ltr'><strong>ab</strong></span> <span class='ocrx_word' id='word_1_389' title='bbox 2802 2538 3255 2607; x_wconf 87' lang='lat' dir='ltr'><strong>eloquentissimo</strong></span> <span class='ocrx_word' id='word_1_390' title='bbox 3292 2547 3347 2592; x_wconf 89' lang='lat' dir='ltr'><strong>et</strong></span> <span class='ocrx_word' id='word_1_391' title='bbox 3383 2536 3686 2591; x_wconf 85' lang='lat' dir='ltr'><strong>doctissimo</strong></span> 
     </span>
    </p>
   </div>
   <div class='ocr_carea' id='block_1_56' title="bbox 2115 2627 3687 2700">
    <p class='ocr_par' dir='ltr' id='par_1_56' title="bbox 2115 2627 3687 2700">
     <span class='ocr_line' id='line_1_56' title="bbox 2115 2627 3687 2700; baseline -0.008 -10"><span class='ocrx_word' id='word_1_392' title='bbox 2115 2634 2476 2691; x_wconf 88' lang='lat' dir='ltr'><strong>Florentinio.</strong></span> <span class='ocrx_word' id='word_1_393' title='bbox 2523 2632 2564 2685; x_wconf 87' lang='lat' dir='ltr'><strong>A</strong></span> <span class='ocrx_word' id='word_1_394' title='bbox 2629 2629 2827 2700; x_wconf 81' lang='lat' dir='ltr'><strong>Magna</strong></span> <span class='ocrx_word' id='word_1_395' title='bbox 2882 2629 3067 2683; x_wconf 83' lang='lat' dir='ltr'><strong>vocari</strong></span> <span class='ocrx_word' id='word_1_396' title='bbox 3127 2628 3309 2699; x_wconf 86' lang='lat' dir='ltr'><strong>potuit</strong></span> <span class='ocrx_word' id='word_1_397' title='bbox 3365 2627 3603 2697; x_wconf 81' lang='lat' dir='ltr'><strong>Maguia,</strong></span> <span class='ocrx_word' id='word_1_398' title='bbox 3645 2634 3687 2679; x_wconf 88' lang='lat' dir='ltr'><strong>et</strong></span> 
     </span>
    </p>
   </div>
   <div class='ocr_carea' id='block_1_57' title="bbox 2118 2717 3687 2795">
    <p class='ocr_par' dir='ltr' id='par_1_57' title="bbox 2118 2717 3687 2795">
     <span class='ocr_line' id='line_1_57' title="bbox 2118 2717 3687 2795; baseline -0.008 -15"><span class='ocrx_word' id='word_1_399' title='bbox 2118 2725 2389 2795; x_wconf 81' lang='lat' dir='ltr'><strong>Magnisia</strong></span> <span class='ocrx_word' id='word_1_400' title='bbox 2424 2733 2479 2777; x_wconf 89' lang='lat' dir='ltr'><strong>et</strong></span> <span class='ocrx_word' id='word_1_401' title='bbox 2510 2721 2849 2791; x_wconf 77' lang='lat' dir='ltr'><strong>Magnisilla,</strong></span> <span class='ocrx_word' id='word_1_402' title='bbox 2889 2736 2984 2773; x_wconf 89' lang='lat' dir='ltr'><strong>seu</strong></span> <span class='ocrx_word' id='word_1_403' title='bbox 3015 2719 3285 2789; x_wconf 80' lang='lat' dir='ltr'><strong>Magnesia</strong></span> <span class='ocrx_word' id='word_1_404' title='bbox 3313 2728 3370 2773; x_wconf 90' lang='lat' dir='ltr'><strong>et</strong></span> <span class='ocrx_word' id='word_1_405' title='bbox 3398 2717 3687 2787; x_wconf 74' lang='lat' dir='ltr'><strong>Magnesiae</strong></span> 
     </span>
    </p>
   </div>
   <div class='ocr_carea' id='block_1_58' title="bbox 2117 2808 3685 2889">
    <p class='ocr_par' dir='ltr' id='par_1_58' title="bbox 2117 2808 3685 2889">
     <span class='ocr_line' id='line_1_58' title="bbox 2117 2808 3685 2889; baseline -0.009 -16"><span class='ocrx_word' id='word_1_406' title='bbox 2117 2816 2576 2889; x_wconf 84' lang='grc' dir='ltr'><strong>ὑποκοριστικῶς.</strong></span> <span class='ocrx_word' id='word_1_407' title='bbox 2604 2816 2665 2868; x_wconf 86' lang='grc' dir='ltr'><strong>υἱ</strong></span> <span class='ocrx_word' id='word_1_408' title='bbox 2698 2812 2807 2883; x_wconf 80' lang='grc' dir='ltr'><strong>γὰρ</strong></span> <span class='ocrx_word' id='word_1_409' title='bbox 2837 2811 3071 2882; x_wconf 76' lang='grc' dir='ltr'><strong>ἐρῶντες</strong></span> <span class='ocrx_word' id='word_1_410' title='bbox 3110 2810 3333 2864; x_wconf 77' lang='grc' dir='ltr'><strong>εἰώθασι</strong></span> <span class='ocrx_word' id='word_1_411' title='bbox 3377 2811 3547 2880; x_wconf 76' lang='lat'><strong>606</strong></span> <span class='ocrx_word' id='word_1_412' title='bbox 3578 2808 3685 2868; x_wconf 67' lang='grc' dir='ltr'><strong>τοὺς</strong></span> 
     </span>
    </p>
   </div>
   <div class='ocr_carea' id='block_1_59' title="bbox 2116 2900 3685 2983">
    <p class='ocr_par' dir='ltr' id='par_1_59' title="bbox 2116 2900 3685 2983">
     <span class='ocr_line' id='line_1_59' title="bbox 2116 2900 3685 2983; baseline -0.008 -18"><span class='ocrx_word' id='word_1_413' title='bbox 2116 2910 2432 2983; x_wconf 81' lang='grc' dir='ltr'><strong>ἐρωμένους</strong></span> <span class='ocrx_word' id='word_1_414' title='bbox 2452 2906 2731 2979; x_wconf 79' lang='grc' dir='ltr'><strong>ἐρωτικῶς</strong></span> <span class='ocrx_word' id='word_1_415' title='bbox 2751 2904 2817 2958; x_wconf 82' lang='grc' dir='ltr'><strong>δι’</strong></span> <span class='ocrx_word' id='word_1_416' title='bbox 2841 2903 3233 2973; x_wconf 80' lang='grc' dir='ltr'><strong>ὑποκορισμῶν</strong></span> <span class='ocrx_word' id='word_1_417' title='bbox 3251 2902 3467 2964; x_wconf 80' lang='grc' dir='ltr'>καλεῖν,</span> <span class='ocrx_word' id='word_1_418' title='bbox 3492 2918 3523 2956; x_wconf 85' lang='lat' dir='ltr'><strong>e</strong></span> <span class='ocrx_word' id='word_1_419' title='bbox 3542 2900 3685 2953; x_wconf 79' lang='lat' dir='ltr'><strong>Suida</strong></span> 
     </span>
    </p>
   </div>
   <div class='ocr_carea' id='block_1_60' title="bbox 2119 2992 3685 3074">
    <p class='ocr_par' dir='ltr' id='par_1_60' title="bbox 2119 2992 3685 3074">
     <span class='ocr_line' id='line_1_60' title="bbox 2119 2992 3685 3074; baseline -0.009 -17"><span class='ocrx_word' id='word_1_420' title='bbox 2119 3005 2173 3057; x_wconf 93' lang='lat' dir='ltr'><strong>in</strong></span> <span class='ocrx_word' id='word_1_421' title='bbox 2207 3001 2508 3074; x_wconf 81' lang='grc' dir='ltr'>εὑριπίδιον</span> <span class='ocrx_word' id='word_1_422' title='bbox 2530 3016 2543 3029; x_wconf 73' lang='grc'><strong><em>⁸</em></strong></span> <span class='ocrx_word' id='word_1_423' title='bbox 2577 3000 2652 3052; x_wconf 87' lang='lat' dir='ltr'><strong>ita</strong></span> <span class='ocrx_word' id='word_1_424' title='bbox 2692 2998 2960 3051; x_wconf 80' lang='lat' dir='ltr'><strong>Romulus</strong></span> <span class='ocrx_word' id='word_1_425' title='bbox 3013 3005 3067 3049; x_wconf 89' lang='lat' dir='ltr'><strong>et</strong></span> <span class='ocrx_word' id='word_1_426' title='bbox 3093 2995 3439 3065; x_wconf 78' lang='lat' dir='ltr'><strong>Augustulus</strong></span> <span class='ocrx_word' id='word_1_427' title='bbox 3487 2992 3685 3047; x_wconf 78' lang='lat' dir='ltr'><strong>delicia-</strong></span> 
     </span>
    </p>
   </div>
   <div class='ocr_carea' id='block_1_61' title="bbox 425 3068 2012 3176">
    <p class='ocr_par' dir='ltr' id='par_1_61' title="bbox 425 3068 2012 3145">
     <span class='ocr_line' id='line_1_61' title="bbox 425 3068 2012 3145; baseline 0.006 -20"><span class='ocrx_word' id='word_1_428' title='bbox 425 3068 542 3125; x_wconf 85' lang='lat' dir='ltr'><strong>sive</strong></span> <span class='ocrx_word' id='word_1_429' title='bbox 606 3078 664 3124; x_wconf 92' lang='lat' dir='ltr'><strong>ut</strong></span> <span class='ocrx_word' id='word_1_430' title='bbox 716 3072 1053 3143; x_wconf 86' lang='lat' dir='ltr'><strong>Rosweydus</strong></span> <span class='ocrx_word' id='word_1_431' title='bbox 1119 3075 1191 3129; x_wconf 89' lang='lat' dir='ltr'><strong>ibi</strong></span> <span class='ocrx_word' id='word_1_432' title='bbox 1227 3076 1449 3131; x_wconf 85' lang='lat' dir='ltr'><strong>adnotat</strong></span> <span class='ocrx_word' id='word_1_433' title='bbox 1489 3094 1519 3132; x_wconf 93' lang='lat' dir='ltr'><strong>e</strong></span> <span class='ocrx_word' id='word_1_434' title='bbox 1578 3095 1709 3145; x_wconf 91' lang='lat' dir='ltr'><strong>ms.,</strong></span> <span class='ocrx_word' id='word_1_435' title='bbox 1766 3080 2012 3136; x_wconf 71' lang='lat' dir='ltr'><strong>Ctesarea</strong></span> 
     </span>
    </p>
   </div>
   <div class='ocr_carea' id='block_1_62' title="bbox 2119 3068 3688 3176">
    <p class='ocr_par' dir='ltr' id='par_1_62' title="bbox 2120 3068 3688 3153">
     <span class='ocr_line' id='line_1_62' title="bbox 2120 3068 3688 3153; baseline -0.01 -6"><span class='ocrx_word' id='word_1_436' title='bbox 2120 3109 2241 3147; x_wconf 88' lang='lat' dir='ltr'><strong>rum</strong></span> <span class='ocrx_word' id='word_1_437' title='bbox 2269 3068 2435 3145; x_wconf 77' lang='lat' dir='ltr'><strong>causa</strong></span> <span class='ocrx_word' id='word_1_438' title='bbox 2468 3098 2523 3143; x_wconf 91' lang='lat' dir='ltr'><strong>et</strong></span> <span class='ocrx_word' id='word_1_439' title='bbox 2575 3086 2986 3150; x_wconf 82' lang='lat' dir='ltr'><strong>blanditiarum,</strong></span> <span class='ocrx_word' id='word_1_440' title='bbox 3024 3085 3077 3137; x_wconf 92' lang='lat' dir='ltr'><strong>in</strong></span> <span class='ocrx_word' id='word_1_441' title='bbox 3125 3085 3325 3153; x_wconf 91' lang='lat' dir='ltr'><strong>quibus</strong></span> <span class='ocrx_word' id='word_1_442' title='bbox 3373 3080 3688 3137; x_wconf 70' lang='lat' dir='ltr'><strong>diminutivis</strong></span> 
     </span>
    </p>
   </div>
   <div class='ocr_carea' id='block_1_63' title="bbox 426 3159 2013 3237">
    <p class='ocr_par' dir='ltr' id='par_1_63' title="bbox 426 3159 2013 3237">
     <span class='ocr_line' id='line_1_63' title="bbox 426 3159 2013 3237; baseline 0.007 -21"><span class='ocrx_word' id='word_1_443' title='bbox 426 3159 784 3231; x_wconf 64' lang='lat' dir='ltr'><strong>Cappadociae</strong></span> <span class='ocrx_word' id='word_1_444' title='bbox 830 3178 883 3233; x_wconf 89' lang='lat' dir='ltr'><strong>p.</strong></span> <span class='ocrx_word' id='word_1_445' title='bbox 934 3165 1073 3235; x_wconf 72' lang='lat'>792)</span> <span class='ocrx_word' id='word_1_446' title='bbox 1130 3177 1259 3221; x_wconf 90' lang='lat' dir='ltr'><strong>sunt</strong></span> <span class='ocrx_word' id='word_1_447' title='bbox 1330 3168 1513 3222; x_wconf 64' lang='lat' dir='ltr'><strong>multa:</strong></span> <span class='ocrx_word' id='word_1_448' title='bbox 1584 3170 1802 3237; x_wconf 89' lang='lat' dir='ltr'><strong>quidem</strong></span> <span class='ocrx_word' id='word_1_449' title='bbox 1894 3172 2013 3227; x_wconf 74' lang='lat' dir='ltr'><strong>alia:</strong></span> 
     </span>
    </p>
   </div>
   <div class='ocr_carea' id='block_1_64' title="bbox 427 3253 2015 3331">
    <p class='ocr_par' dir='ltr' id='par_1_64' title="bbox 427 3253 2015 3331">
     <span class='ocr_line' id='line_1_64' title="bbox 427 3253 2015 3331; baseline 0.008 -25"><span class='ocrx_word' id='word_1_450' title='bbox 427 3253 667 3321; x_wconf 74' lang='lat' dir='ltr'><strong>virgines</strong></span> <span class='ocrx_word' id='word_1_451' title='bbox 692 3294 707 3319; x_wconf 98' lang='lat'><strong>,</strong></span> <span class='ocrx_word' id='word_1_452' title='bbox 758 3270 952 3325; x_wconf 91' lang='lat' dir='ltr'><strong>nempe</strong></span> <span class='ocrx_word' id='word_1_453' title='bbox 983 3258 1049 3311; x_wconf 91' lang='lat' dir='ltr'><strong>ad</strong></span> <span class='ocrx_word' id='word_1_454' title='bbox 1083 3258 1268 3312; x_wconf 82' lang='lat' dir='ltr'><strong>decem</strong></span> <span class='ocrx_word' id='word_1_455' title='bbox 1310 3260 1478 3312; x_wconf 85' lang='lat' dir='ltr'><strong>millia</strong></span> <span class='ocrx_word' id='word_1_456' title='bbox 1516 3261 1661 3331; x_wconf 90' lang='lat' dir='ltr'><strong>(duo</strong></span> <span class='ocrx_word' id='word_1_457' title='bbox 1696 3262 1865 3316; x_wconf 89' lang='lat' dir='ltr'><strong>millia</strong></span> <span class='ocrx_word' id='word_1_458' title='bbox 1914 3263 2015 3318; x_wconf 82' lang='lat' dir='ltr'><strong>He-</strong></span> 
     </span>
    </p>
   </div>
   <div class='ocr_carea' id='block_1_65' title="bbox 430 3345 2015 3420">
    <p class='ocr_par' dir='ltr' id='par_1_65' title="bbox 430 3345 2015 3420">
     <span class='ocr_line' id='line_1_65' title="bbox 430 3345 2015 3420; baseline 0.008 -22"><span class='ocrx_word' id='word_1_459' title='bbox 430 3345 619 3399; x_wconf 88' lang='lat' dir='ltr'><strong>raclidi</strong></span> <span class='ocrx_word' id='word_1_460' title='bbox 666 3355 720 3401; x_wconf 92' lang='lat' dir='ltr'><strong>et</strong></span> <span class='ocrx_word' id='word_1_461' title='bbox 768 3349 1033 3419; x_wconf 90' lang='lat' dir='ltr'><strong>amplius)</strong></span> <span class='ocrx_word' id='word_1_462' title='bbox 1074 3368 1197 3420; x_wconf 69' lang='lat' dir='ltr'><strong>qua:</strong></span> <span class='ocrx_word' id='word_1_463' title='bbox 1244 3363 1592 3417; x_wconf 82' lang='lat' dir='ltr'><strong>exercentur,</strong></span> <span class='ocrx_word' id='word_1_464' title='bbox 1642 3364 1696 3408; x_wconf 89' lang='lat' dir='ltr'><strong>et</strong></span> <span class='ocrx_word' id='word_1_465' title='bbox 1745 3356 1799 3409; x_wconf 92' lang='lat' dir='ltr'><strong>in</strong></span> <span class='ocrx_word' id='word_1_466' title='bbox 1865 3357 2015 3411; x_wconf 91' lang='lat' dir='ltr'><strong>omni</strong></span> 
     </span>
    </p>
   </div>
   <div class='ocr_carea' id='block_1_66' title="bbox 430 3437 2016 3517">
    <p class='ocr_par' dir='ltr' id='par_1_66' title="bbox 430 3437 2016 3517">
     <span class='ocr_line' id='line_1_66' title="bbox 430 3437 2016 3517; baseline 0.008 -28"><span class='ocrx_word' id='word_1_467' title='bbox 430 3437 646 3493; x_wconf 88' lang='lat' dir='ltr'><strong>virtutis</strong></span> <span class='ocrx_word' id='word_1_468' title='bbox 680 3440 1026 3497; x_wconf 86' lang='lat' dir='ltr'><strong>institutione</strong></span> <span class='ocrx_word' id='word_1_469' title='bbox 1058 3444 1309 3506; x_wconf 71' lang='lat' dir='ltr'><strong>militant,</strong></span> <span class='ocrx_word' id='word_1_470' title='bbox 1366 3460 1671 3515; x_wconf 84' lang='lat' dir='ltr'><strong>omnesque</strong></span> <span class='ocrx_word' id='word_1_471' title='bbox 1704 3457 2016 3517; x_wconf 87' lang='lat' dir='ltr'><strong>temperan—</strong></span> 
     </span>
    </p>
   </div>
   <div class='ocr_carea' id='block_1_67' title="bbox 432 3530 2017 3607">
    <p class='ocr_par' dir='ltr' id='par_1_67' title="bbox 432 3530 2017 3607">
     <span class='ocr_line' id='line_1_67' title="bbox 432 3530 2017 3607; baseline 0.006 -22"><span class='ocrx_word' id='word_1_472' title='bbox 432 3532 523 3585; x_wconf 75' lang='lat' dir='ltr'><strong>tiae</strong></span> <span class='ocrx_word' id='word_1_473' title='bbox 553 3530 763 3601; x_wconf 83' lang='lat' dir='ltr'><strong>legibus</strong></span> <span class='ocrx_word' id='word_1_474' title='bbox 825 3534 986 3589; x_wconf 81' lang='lat' dir='ltr'><strong>clarae</strong></span> <span class='ocrx_word' id='word_1_475' title='bbox 1016 3545 1071 3589; x_wconf 90' lang='lat' dir='ltr'><strong>et</strong></span> <span class='ocrx_word' id='word_1_476' title='bbox 1106 3536 1347 3607; x_wconf 79' lang='lat' dir='ltr'><strong>insignes</strong></span> <span class='ocrx_word' id='word_1_477' title='bbox 1398 3536 1635 3603; x_wconf 66' lang='lat' dir='ltr'><strong>feminaa,</strong></span> <span class='ocrx_word' id='word_1_478' title='bbox 1665 3547 1721 3593; x_wconf 91' lang='lat' dir='ltr'><strong>et</strong></span> <span class='ocrx_word' id='word_1_479' title='bbox 1771 3540 2017 3595; x_wconf 88' lang='lat' dir='ltr'><strong>divinum</strong></span> 
     </span>
    </p>
   </div>
   <div class='ocr_carea' id='block_1_68' title="bbox 431 3626 2020 3704">
    <p class='ocr_par' dir='ltr' id='par_1_68' title="bbox 431 3626 2020 3704">
     <span class='ocr_line' id='line_1_68' title="bbox 431 3626 2020 3704; baseline 0.006 -24"><span class='ocrx_word' id='word_1_480' title='bbox 431 3635 706 3680; x_wconf 90' lang='lat' dir='ltr'><strong>certamen</strong></span> <span class='ocrx_word' id='word_1_481' title='bbox 744 3626 927 3680; x_wconf 90' lang='lat' dir='ltr'><strong>studio</strong></span> <span class='ocrx_word' id='word_1_482' title='bbox 979 3644 1180 3699; x_wconf 86' lang='lat' dir='ltr'><strong>magno</strong></span> <span class='ocrx_word' id='word_1_483' title='bbox 1240 3639 1626 3700; x_wconf 79' lang='lat' dir='ltr'><strong>exsequentes,</strong></span> <span class='ocrx_word' id='word_1_484' title='bbox 1684 3632 1824 3686; x_wconf 90' lang='lat' dir='ltr'><strong>inter</strong></span> <span class='ocrx_word' id='word_1_485' title='bbox 1878 3649 2020 3704; x_wconf 90' lang='lat' dir='ltr'><strong>quas</strong></span> 
     </span>
    </p>
   </div>
   <div class='ocr_carea' id='block_1_69' title="bbox 434 3716 2017 3790">
    <p class='ocr_par' dir='ltr' id='par_1_69' title="bbox 434 3716 2017 3790">
     <span class='ocr_line' id='line_1_69' title="bbox 434 3716 2017 3790; baseline 0.007 -20"><span class='ocrx_word' id='word_1_486' title='bbox 434 3716 797 3786; x_wconf 89' lang='lat' dir='ltr'><strong>principatum</strong></span> <span class='ocrx_word' id='word_1_487' title='bbox 827 3719 1036 3773; x_wconf 90' lang='lat' dir='ltr'><strong>obtinet</strong></span> <span class='ocrx_word' id='word_1_488' title='bbox 1068 3721 1120 3774; x_wconf 94' lang='lat' dir='ltr'><strong>in</strong></span> <span class='ocrx_word' id='word_1_489' title='bbox 1156 3722 1357 3790; x_wconf 90' lang='lat' dir='ltr'><strong>pietate</strong></span> <span class='ocrx_word' id='word_1_490' title='bbox 1392 3722 1590 3790; x_wconf 86' lang='lat' dir='ltr'><strong>Magna</strong></span> <span class='ocrx_word' id='word_1_491' title='bbox 1625 3724 2017 3781; x_wconf 89' lang='lat' dir='ltr'><strong>honestissima</strong></span> 
     </span>
    </p>
   </div>
   <div class='ocr_carea' id='block_1_70' title="bbox 436 3807 2020 3884">
    <p class='ocr_par' dir='ltr' id='par_1_70' title="bbox 436 3807 2020 3884">
     <span class='ocr_line' id='line_1_70' title="bbox 436 3807 2020 3884; baseline 0.007 -24"><span class='ocrx_word' id='word_1_492' title='bbox 436 3807 637 3863; x_wconf 77' lang='lat' dir='ltr'><strong>femina</strong></span> <span class='ocrx_word' id='word_1_493' title='bbox 690 3817 747 3862; x_wconf 89' lang='lat' dir='ltr'><strong>et</strong></span> <span class='ocrx_word' id='word_1_494' title='bbox 802 3810 1157 3879; x_wconf 86' lang='lat' dir='ltr'><strong>probissima,</strong></span> <span class='ocrx_word' id='word_1_495' title='bbox 1190 3828 1351 3879; x_wconf 90' lang='lat' dir='ltr'><strong>quam</strong></span> <span class='ocrx_word' id='word_1_496' title='bbox 1385 3815 1569 3868; x_wconf 87' lang='lat' dir='ltr'><strong>nescio</strong></span> <span class='ocrx_word' id='word_1_497' title='bbox 1611 3817 1740 3884; x_wconf 90' lang='lat' dir='ltr'><strong>quid</strong></span> <span class='ocrx_word' id='word_1_498' title='bbox 1782 3818 1883 3871; x_wconf 91' lang='lat' dir='ltr'><strong>sim</strong></span> <span class='ocrx_word' id='word_1_499' title='bbox 1918 3835 2020 3871; x_wconf 87' lang='lat' dir='ltr'><strong>no-</strong></span> 
     </span>
    </p>
   </div>
   <div class='ocr_carea' id='block_1_71' title="bbox 434 3897 2020 3976">
    <p class='ocr_par' dir='ltr' id='par_1_71' title="bbox 434 3897 2020 3976">
     <span class='ocr_line' id='line_1_71' title="bbox 434 3897 2020 3976; baseline 0.008 -26"><span class='ocrx_word' id='word_1_500' title='bbox 434 3897 766 3962; x_wconf 88' lang='lat' dir='ltr'><strong>minaturus,</strong></span> <span class='ocrx_word' id='word_1_501' title='bbox 820 3898 1109 3968; x_wconf 82' lang='lat' dir='ltr'><strong>virginem,</strong></span> <span class='ocrx_word' id='word_1_502' title='bbox 1143 3918 1209 3953; x_wconf 87' lang='lat' dir='ltr'><strong>an</strong></span> <span class='ocrx_word' id='word_1_503' title='bbox 1243 3902 1463 3956; x_wconf 84' lang='lat' dir='ltr'><strong>viduam</strong></span> <span class='ocrx_word' id='word_1_504' title='bbox 1492 3903 1514 3956; x_wconf 91' lang='lat'><strong>?</strong></span> <span class='ocrx_word' id='word_1_505' title='bbox 1546 3919 1576 3958; x_wconf 90' lang='lat' dir='ltr'><strong>a</strong></span> <span class='ocrx_word' id='word_1_506' title='bbox 1616 3913 1791 3960; x_wconf 89' lang='lat' dir='ltr'><strong>matre</strong></span> <span class='ocrx_word' id='word_1_507' title='bbox 1821 3907 2020 3976; x_wconf 87' lang='lat' dir='ltr'><strong>quippe</strong></span> 
     </span>
    </p>
   </div>
   <div class='ocr_carea' id='block_1_72' title="bbox 436 3990 2021 4061">
    <p class='ocr_par' dir='ltr' id='par_1_72' title="bbox 436 3990 2021 4061">
     <span class='ocr_line' id='line_1_72' title="bbox 436 3990 2021 4061; baseline 0.008 -19"><span class='ocrx_word' id='word_1_508' title='bbox 436 4004 531 4057; x_wconf 89' lang='lat' dir='ltr'><strong>per</strong></span> <span class='ocrx_word' id='word_1_509' title='bbox 565 3990 673 4043; x_wconf 84' lang='lat' dir='ltr'><strong>vim</strong></span> <span class='ocrx_word' id='word_1_510' title='bbox 701 3990 818 4043; x_wconf 89' lang='lat' dir='ltr'><strong>viro</strong></span> <span class='ocrx_word' id='word_1_511' title='bbox 862 3991 1175 4061; x_wconf 88' lang='lat' dir='ltr'><strong>conjuncta,</strong></span> <span class='ocrx_word' id='word_1_512' title='bbox 1222 4008 1346 4047; x_wconf 88' lang='lat' dir='ltr'><strong>eum</strong></span> <span class='ocrx_word' id='word_1_513' title='bbox 1396 4004 1578 4050; x_wconf 88' lang='lat' dir='ltr'><strong>tamen</strong></span> <span class='ocrx_word' id='word_1_514' title='bbox 1616 3995 1808 4050; x_wconf 80' lang='lat' dir='ltr'><strong>fefellit</strong></span> <span class='ocrx_word' id='word_1_515' title='bbox 1856 4000 2021 4055; x_wconf 88' lang='lat' dir='ltr'><strong>variis</strong></span> 
     </span>
    </p>
   </div>
   <div class='ocr_carea' id='block_1_73' title="bbox 438 4080 2018 4158">
    <p class='ocr_par' dir='ltr' id='par_1_73' title="bbox 438 4080 2018 4158">
     <span class='ocr_line' id='line_1_73' title="bbox 438 4080 2018 4158; baseline 0.008 -24"><span class='ocrx_word' id='word_1_516' title='bbox 438 4080 689 4136; x_wconf 87' lang='lat' dir='ltr'><strong>iuescans</strong></span> <span class='ocrx_word' id='word_1_517' title='bbox 718 4081 1093 4150; x_wconf 90' lang='lat' dir='ltr'><strong>dilationibus,</strong></span> <span class='ocrx_word' id='word_1_518' title='bbox 1110 4093 1163 4137; x_wconf 90' lang='lat' dir='ltr'><strong>et</strong></span> <span class='ocrx_word' id='word_1_519' title='bbox 1183 4087 1428 4155; x_wconf 88' lang='lat' dir='ltr'><strong>corporis</strong></span> <span class='ocrx_word' id='word_1_520' title='bbox 1453 4088 1674 4143; x_wconf 90' lang='lat' dir='ltr'><strong>morbos</strong></span> <span class='ocrx_word' id='word_1_521' title='bbox 1695 4100 2018 4158; x_wconf 80' lang='lat' dir='ltr'><strong>praetexens,</strong></span> 
     </span>
    </p>
   </div>
   <div class='ocr_carea' id='block_1_74' title="bbox 437 4170 2020 4249">
    <p class='ocr_par' dir='ltr' id='par_1_74' title="bbox 437 4170 2020 4249">
     <span class='ocr_line' id='line_1_74' title="bbox 437 4170 2020 4249; baseline 0.007 -26"><span class='ocrx_word' id='word_1_522' title='bbox 437 4185 468 4223; x_wconf 88' lang='lat' dir='ltr'><strong>a</strong></span> <span class='ocrx_word' id='word_1_523' title='bbox 514 4170 886 4241; x_wconf 90' lang='lat' dir='ltr'><strong>corruptionis</strong></span> <span class='ocrx_word' id='word_1_524' title='bbox 918 4173 1049 4228; x_wconf 89' lang='lat' dir='ltr'><strong>vitio</strong></span> <span class='ocrx_word' id='word_1_525' title='bbox 1087 4174 1296 4246; x_wconf 85' lang='lat' dir='ltr'><strong>integra</strong></span> <span class='ocrx_word' id='word_1_526' title='bbox 1352 4186 1404 4231; x_wconf 90' lang='lat' dir='ltr'><strong>et</strong></span> <span class='ocrx_word' id='word_1_527' title='bbox 1464 4179 1667 4233; x_wconf 88' lang='lat' dir='ltr'><strong>intacta</strong></span> <span class='ocrx_word' id='word_1_528' title='bbox 1699 4182 2020 4249; x_wconf 89' lang='lat' dir='ltr'><strong>permansit,</strong></span> 
     </span>
    </p>
   </div>
   <div class='ocr_carea' id='block_1_75' title="bbox 438 4266 2022 4343">
    <p class='ocr_par' dir='ltr' id='par_1_75' title="bbox 438 4266 2022 4343">
     <span class='ocr_line' id='line_1_75' title="bbox 438 4266 2022 4343; baseline 0.006 -23"><span class='ocrx_word' id='word_1_529' title='bbox 438 4274 498 4320; x_wconf 90' lang='lat' dir='ltr'><strong>ut</strong></span> <span class='ocrx_word' id='word_1_530' title='bbox 525 4266 715 4322; x_wconf 84' lang='lat' dir='ltr'><strong>dicunt</strong></span> <span class='ocrx_word' id='word_1_531' title='bbox 758 4266 877 4334; x_wconf 87' lang='lat' dir='ltr'><strong>ejus</strong></span> <span class='ocrx_word' id='word_1_532' title='bbox 912 4270 1245 4337; x_wconf 88' lang='lat' dir='ltr'><strong>necessarii;</strong></span> <span class='ocrx_word' id='word_1_533' title='bbox 1295 4287 1532 4341; x_wconf 90' lang='lat' dir='ltr'><strong>cumque</strong></span> <span class='ocrx_word' id='word_1_534' title='bbox 1566 4274 1726 4342; x_wconf 88' lang='lat' dir='ltr'><strong>paulo</strong></span> <span class='ocrx_word' id='word_1_535' title='bbox 1758 4284 1882 4343; x_wconf 88' lang='lat' dir='ltr'><strong>post</strong></span> <span class='ocrx_word' id='word_1_536' title='bbox 1927 4276 2022 4329; x_wconf 89' lang='lat' dir='ltr'><strong>de-</strong></span> 
     </span>
    </p>
   </div>
   <div class='ocr_carea' id='block_1_76' title="bbox 436 4359 2025 4429">
    <p class='ocr_par' dir='ltr' id='par_1_76' title="bbox 436 4359 2025 4429">
     <span class='ocr_line' id='line_1_76' title="bbox 436 4359 2025 4429; baseline 0.008 -18"><span class='ocrx_word' id='word_1_537' title='bbox 436 4359 695 4414; x_wconf 81' lang='lat' dir='ltr'><strong>cessisset</strong></span> <span class='ocrx_word' id='word_1_538' title='bbox 741 4361 862 4429; x_wconf 88' lang='lat' dir='ltr'><strong>ejus</strong></span> <span class='ocrx_word' id='word_1_539' title='bbox 917 4363 1167 4428; x_wconf 89' lang='lat' dir='ltr'><strong>maritus,</strong></span> <span class='ocrx_word' id='word_1_540' title='bbox 1224 4366 1469 4419; x_wconf 89' lang='lat' dir='ltr'><strong>omnium</strong></span> <span class='ocrx_word' id='word_1_541' title='bbox 1521 4368 1685 4422; x_wconf 87' lang='lat' dir='ltr'><strong>simul</strong></span> <span class='ocrx_word' id='word_1_542' title='bbox 1738 4368 1880 4422; x_wconf 81' lang='lat' dir='ltr'><strong>facta</strong></span> <span class='ocrx_word' id='word_1_543' title='bbox 1941 4380 2025 4425; x_wconf 89' lang='lat' dir='ltr'><strong>est</strong></span> 
     </span>
    </p>
   </div>
   <div class='ocr_carea' id='block_1_77' title="bbox 440 4452 821 4513">
    <p class='ocr_par' dir='ltr' id='par_1_77' title="bbox 440 4452 821 4513">
     <span class='ocr_line' id='line_1_77' title="bbox 440 4452 821 4513; baseline 0.008 -10"><span class='ocrx_word' id='word_1_544' title='bbox 440 4452 607 4505; x_wconf 65' lang='lat' dir='ltr'><strong>haeres</strong></span> <span class='ocrx_word' id='word_1_545' title='bbox 638 4452 821 4513; x_wconf 86' lang='lat' dir='ltr'><strong>unica,</strong></span> 
     </span>
    </p>
   </div>
   <div class='ocr_carea' id='block_1_78' title="bbox 441 4540 2023 4621">
    <p class='ocr_par' dir='ltr' id='par_1_78' title="bbox 441 4540 2023 4621">
     <span class='ocr_line' id='line_1_78' title="bbox 441 4540 2023 4621; baseline 0.005 -22"><span class='ocrx_word' id='word_1_546' title='bbox 441 4540 549 4599; x_wconf 86' lang='lat' dir='ltr'><strong>Deo</strong></span> <span class='ocrx_word' id='word_1_547' title='bbox 579 4555 744 4599; x_wconf 90' lang='lat' dir='ltr'><strong>totam</strong></span> <span class='ocrx_word' id='word_1_548' title='bbox 795 4546 1029 4614; x_wconf 84' lang='lat' dir='ltr'><strong>seipsain</strong></span> <span class='ocrx_word' id='word_1_549' title='bbox 1082 4548 1300 4613; x_wconf 89' lang='lat' dir='ltr'><strong>obtulit,</strong></span> <span class='ocrx_word' id='word_1_550' title='bbox 1338 4566 1551 4604; x_wconf 88' lang='lat' dir='ltr'><strong>summe</strong></span> <span class='ocrx_word' id='word_1_551' title='bbox 1604 4566 1791 4604; x_wconf 86' lang='lat' dir='ltr'><strong>curam</strong></span> <span class='ocrx_word' id='word_1_552' title='bbox 1826 4568 2023 4621; x_wconf 88' lang='lat' dir='ltr'><strong>gerens</strong></span> 
     </span>
    </p>
   </div>
   <div class='ocr_carea' id='block_1_79' title="bbox 436 4636 2027 4707">
    <p class='ocr_par' dir='ltr' id='par_1_79' title="bbox 436 4636 2027 4707">
     <span class='ocr_line' id='line_1_79' title="bbox 436 4636 2027 4707; baseline 0.006 -20"><span class='ocrx_word' id='word_1_553' title='bbox 436 4636 564 4689; x_wconf 65' lang='lat' dir='ltr'><strong>vitae</strong></span> <span class='ocrx_word' id='word_1_554' title='bbox 619 4652 740 4705; x_wconf 69' lang='lat' dir='ltr'><strong>quae</strong></span> <span class='ocrx_word' id='word_1_555' title='bbox 770 4653 983 4707; x_wconf 89' lang='lat' dir='ltr'><strong>semper</strong></span> <span class='ocrx_word' id='word_1_556' title='bbox 1014 4648 1218 4703; x_wconf 87' lang='lat' dir='ltr'><strong>manet,</strong></span> <span class='ocrx_word' id='word_1_557' title='bbox 1252 4642 1368 4694; x_wconf 91' lang='lat' dir='ltr'><strong>suis</strong></span> <span class='ocrx_word' id='word_1_558' title='bbox 1398 4641 1615 4694; x_wconf 79' lang='lat' dir='ltr'><strong>famulis</strong></span> <span class='ocrx_word' id='word_1_559' title='bbox 1638 4641 2027 4697; x_wconf 87' lang='lat' dir='ltr'><strong>honestissime</strong></span> 
     </span>
    </p>
   </div>
   <div class='ocr_carea' id='block_1_80' title="bbox 440 4721 2024 4798">
    <p class='ocr_par' dir='ltr' id='par_1_80' title="bbox 440 4721 2024 4798">
     <span class='ocr_line' id='line_1_80' title="bbox 440 4721 2024 4798; baseline 0.004 -22"><span class='ocrx_word' id='word_1_560' title='bbox 440 4721 735 4791; x_wconf 86' lang='lat' dir='ltr'><strong>imperans,</strong></span> <span class='ocrx_word' id='word_1_561' title='bbox 788 4726 991 4794; x_wconf 88' lang='lat' dir='ltr'><strong>degens</strong></span> <span class='ocrx_word' id='word_1_562' title='bbox 1026 4726 1473 4793; x_wconf 88' lang='lat' dir='ltr'><strong>laboriosissime,</strong></span> <span class='ocrx_word' id='word_1_563' title='bbox 1515 4737 1568 4781; x_wconf 91' lang='lat' dir='ltr'><strong>et</strong></span> <span class='ocrx_word' id='word_1_564' title='bbox 1602 4743 1766 4797; x_wconf 86' lang='lat' dir='ltr'><strong>agens</strong></span> <span class='ocrx_word' id='word_1_565' title='bbox 1812 4730 2024 4798; x_wconf 88' lang='lat' dir='ltr'><strong>plenam</strong></span> 
     </span>
    </p>
   </div>
   <div class='ocr_carea' id='block_1_81' title="bbox 441 4816 2027 4889">
    <p class='ocr_par' dir='ltr' id='par_1_81' title="bbox 441 4816 2027 4889">
     <span class='ocr_line' id='line_1_81' title="bbox 441 4816 2027 4889; baseline 0.006 -22"><span class='ocrx_word' id='word_1_566' title='bbox 441 4816 853 4882; x_wconf 84' lang='lat' dir='ltr'><strong>temperantiam</strong></span> <span class='ocrx_word' id='word_1_567' title='bbox 904 4818 1320 4880; x_wconf 89' lang='lat' dir='ltr'><strong>monachorum,</strong></span> <span class='ocrx_word' id='word_1_568' title='bbox 1370 4819 1422 4871; x_wconf 92' lang='lat' dir='ltr'><strong>in</strong></span> <span class='ocrx_word' id='word_1_569' title='bbox 1474 4835 1767 4889; x_wconf 87' lang='lat' dir='ltr'><strong>congressu</strong></span> <span class='ocrx_word' id='word_1_570' title='bbox 1801 4830 1908 4875; x_wconf 88' lang='lat' dir='ltr'><strong>tam</strong></span> <span class='ocrx_word' id='word_1_571' title='bbox 1939 4837 2027 4875; x_wconf 90' lang='lat' dir='ltr'><strong>se-</strong></span> 
     </span>
    </p>
   </div>
   <div class='ocr_carea' id='block_1_82' title="bbox 441 4906 2025 4980">
    <p class='ocr_par' dir='ltr' id='par_1_82' title="bbox 441 4906 2025 4980">
     <span class='ocr_line' id='line_1_82' title="bbox 441 4906 2025 4980; baseline 0.006 -24"><span class='ocrx_word' id='word_1_572' title='bbox 441 4920 590 4969; x_wconf 87' lang='lat' dir='ltr'><strong>vera,</strong></span> <span class='ocrx_word' id='word_1_573' title='bbox 635 4915 695 4959; x_wconf 93' lang='lat' dir='ltr'><strong>ut</strong></span> <span class='ocrx_word' id='word_1_574' title='bbox 744 4906 922 4975; x_wconf 89' lang='lat' dir='ltr'><strong>ipsum</strong></span> <span class='ocrx_word' id='word_1_575' title='bbox 956 4910 1076 4978; x_wconf 90' lang='lat' dir='ltr'><strong>ejus</strong></span> <span class='ocrx_word' id='word_1_576' title='bbox 1133 4921 1412 4980; x_wconf 85' lang='lat' dir='ltr'><strong>aspectum</strong></span> <span class='ocrx_word' id='word_1_577' title='bbox 1459 4920 1838 4965; x_wconf 80' lang='lat' dir='ltr'><strong>revererentur</strong></span> <span class='ocrx_word' id='word_1_578' title='bbox 1861 4912 2025 4967; x_wconf 90' lang='lat' dir='ltr'><strong>etiam</strong></span> 
     </span>
    </p>
   </div>
   <div class='ocr_carea' id='block_1_83' title="bbox 438 4998 2027 5073">
    <p class='ocr_par' dir='ltr' id='par_1_83' title="bbox 438 4998 2027 5073">
     <span class='ocr_line' id='line_1_83' title="bbox 438 4998 2027 5073; baseline 0.004 -22"><span class='ocrx_word' id='word_1_579' title='bbox 438 4998 885 5055; x_wconf 77' lang='lat' dir='ltr'><strong>excellentissimi</strong></span> <span class='ocrx_word' id='word_1_580' title='bbox 914 5001 1159 5071; x_wconf 88' lang='lat' dir='ltr'><strong>episc0pi</strong></span> <span class='ocrx_word' id='word_1_581' title='bbox 1191 5010 1413 5071; x_wconf 88' lang='lat' dir='ltr'><strong>propter</strong></span> <span class='ocrx_word' id='word_1_582' title='bbox 1441 5002 1711 5072; x_wconf 85' lang='lat' dir='ltr'><strong>insignem</strong></span> <span class='ocrx_word' id='word_1_583' title='bbox 1748 5005 2027 5073; x_wconf 86' lang='lat' dir='ltr'><strong>pietatem,</strong></span> 
     </span>
    </p>
   </div>
   <div class='ocr_carea' id='block_1_84' title="bbox 440 5082 2026 5166">
    <p class='ocr_par' dir='ltr' id='par_1_84' title="bbox 440 5082 2026 5166">
     <span class='ocr_line' id='line_1_84' title="bbox 440 5082 2026 5166; baseline 0.004 -20"><span class='ocrx_word' id='word_1_584' title='bbox 440 5105 507 5146; x_wconf 82' lang='lat' dir='ltr'><strong>ac</strong></span> <span class='ocrx_word' id='word_1_585' title='bbox 533 5091 872 5161; x_wconf 83' lang='lat' dir='ltr'><strong>religionem.</strong></span> <span class='ocrx_word' id='word_1_586' title='bbox 914 5082 1091 5163; x_wconf 85' lang='lat' dir='ltr'><strong>Atque</strong></span> <span class='ocrx_word' id='word_1_587' title='bbox 1134 5097 1253 5164; x_wconf 91' lang='lat' dir='ltr'><strong>ipsa</strong></span> <span class='ocrx_word' id='word_1_588' title='bbox 1282 5096 1501 5164; x_wconf 89' lang='lat' dir='ltr'><strong>quidem</strong></span> <span class='ocrx_word' id='word_1_589' title='bbox 1561 5114 2026 5166; x_wconf 86' lang='lat' dir='ltr'><strong>supervacaneam</strong></span> 
     </span>
    </p>
   </div>
   <div class='ocr_carea' id='block_1_85' title="bbox 441 5183 2031 5259">
    <p class='ocr_par' dir='ltr' id='par_1_85' title="bbox 441 5183 2031 5259">
     <span class='ocr_line' id='line_1_85' title="bbox 441 5183 2031 5259; baseline 0.006 -24"><span class='ocrx_word' id='word_1_590' title='bbox 441 5186 497 5235; x_wconf 89' lang='lat' dir='ltr'><strong>ct</strong></span> <span class='ocrx_word' id='word_1_591' title='bbox 519 5183 745 5236; x_wconf 85' lang='lat' dir='ltr'><strong>nimiam</strong></span> <span class='ocrx_word' id='word_1_592' title='bbox 764 5200 929 5255; x_wconf 85' lang='lat' dir='ltr'><strong>Opum</strong></span> <span class='ocrx_word' id='word_1_593' title='bbox 950 5190 1235 5241; x_wconf 84' lang='lat' dir='ltr'><strong>materiam</strong></span> <span class='ocrx_word' id='word_1_594' title='bbox 1262 5190 1596 5258; x_wconf 87' lang='lat' dir='ltr'><strong>paupertatis</strong></span> <span class='ocrx_word' id='word_1_595' title='bbox 1621 5191 1744 5259; x_wconf 83' lang='lat' dir='ltr'><strong>igne</strong></span> <span class='ocrx_word' id='word_1_596' title='bbox 1775 5206 2031 5245; x_wconf 90' lang='lat' dir='ltr'><strong>consum-</strong></span> 
     </span>
    </p>
   </div>
   <div class='ocr_carea' id='block_1_86' title="bbox 444 5275 2031 5349">
    <p class='ocr_par' dir='ltr' id='par_1_86' title="bbox 444 5275 2031 5349">
     <span class='ocr_line' id='line_1_86' title="bbox 444 5275 2031 5349; baseline 0.006 -21"><span class='ocrx_word' id='word_1_597' title='bbox 444 5275 589 5343; x_wconf 89' lang='lat' dir='ltr'><strong>psit;</strong></span> <span class='ocrx_word' id='word_1_598' title='bbox 628 5293 752 5346; x_wconf 77' lang='lat' dir='ltr'><strong>quze</strong></span> <span class='ocrx_word' id='word_1_599' title='bbox 797 5288 977 5334; x_wconf 91' lang='lat' dir='ltr'><strong>autem</strong></span> <span class='ocrx_word' id='word_1_600' title='bbox 1016 5292 1344 5349; x_wconf 88' lang='lat' dir='ltr'><strong>supererant</strong></span> <span class='ocrx_word' id='word_1_601' title='bbox 1390 5300 1451 5336; x_wconf 92' lang='lat' dir='ltr'><strong>ea</strong></span> <span class='ocrx_word' id='word_1_602' title='bbox 1470 5284 1753 5337; x_wconf 90' lang='lat' dir='ltr'><strong>constituit</strong></span> <span class='ocrx_word' id='word_1_603' title='bbox 1797 5285 1862 5338; x_wconf 90' lang='lat' dir='ltr'><strong>ad</strong></span> <span class='ocrx_word' id='word_1_604' title='bbox 1900 5286 2031 5339; x_wconf 88' lang='lat' dir='ltr'><strong>sub-</strong></span> 
     </span>
    </p>
   </div>
   <div class='ocr_carea' id='block_1_87' title="bbox 446 5367 2032 5445">
    <p class='ocr_par' dir='ltr' id='par_1_87' title="bbox 446 5367 2032 5445">
     <span class='ocr_line' id='line_1_87' title="bbox 446 5367 2032 5445; baseline 0.008 -26"><span class='ocrx_word' id='word_1_605' title='bbox 446 5367 903 5425; x_wconf 87' lang='lat' dir='ltr'><strong>ministrationem</strong></span> <span class='ocrx_word' id='word_1_606' title='bbox 954 5375 1327 5440; x_wconf 87' lang='lat' dir='ltr'><strong>monasteriis,</strong></span> <span class='ocrx_word' id='word_1_607' title='bbox 1382 5376 1654 5442; x_wconf 87' lang='lat' dir='ltr'><strong>ecclesiis,</strong></span> <span class='ocrx_word' id='word_1_608' title='bbox 1702 5378 2032 5445; x_wconf 88' lang='lat' dir='ltr'><strong>pauperibus</strong></span> 
     </span>
    </p>
   </div>
   <div class='ocr_carea' id='block_1_88' title="bbox 450 5462 2033 5537">
    <p class='ocr_par' dir='ltr' id='par_1_88' title="bbox 450 5462 2033 5537">
     <span class='ocr_line' id='line_1_88' title="bbox 450 5462 2033 5537; baseline 0.009 -26"><span class='ocrx_word' id='word_1_609' title='bbox 450 5462 881 5531; x_wconf 86' lang='lat' dir='ltr'><strong>transeuntibus,</strong></span> <span class='ocrx_word' id='word_1_610' title='bbox 916 5464 1212 5537; x_wconf 90' lang='lat' dir='ltr'><strong>episcopis,</strong></span> <span class='ocrx_word' id='word_1_611' title='bbox 1259 5468 1543 5537; x_wconf 88' lang='lat' dir='ltr'><strong>orphanis,</strong></span> <span class='ocrx_word' id='word_1_612' title='bbox 1592 5469 1795 5535; x_wconf 86' lang='lat' dir='ltr'><strong>viduis,</strong></span> <span class='ocrx_word' id='word_1_613' title='bbox 1832 5480 1886 5524; x_wconf 90' lang='lat' dir='ltr'><strong>et</strong></span> <span class='ocrx_word' id='word_1_614' title='bbox 1915 5487 2033 5525; x_wconf 90' lang='lat' dir='ltr'><strong>om-</strong></span> 
     </span>
    </p>
   </div>
   <div class='ocr_carea' id='block_1_89' title="bbox 2120 3174 3684 3249">
    <p class='ocr_par' dir='ltr' id='par_1_89' title="bbox 2120 3174 3684 3249">
     <span class='ocr_line' id='line_1_89' title="bbox 2120 3174 3684 3249; baseline -0.007 -12"><span class='ocrx_word' id='word_1_615' title='bbox 2120 3182 2349 3237; x_wconf 81' lang='lat' dir='ltr'><strong>Romani</strong></span> <span class='ocrx_word' id='word_1_616' title='bbox 2384 3180 2642 3249; x_wconf 88' lang='lat' dir='ltr'><strong>majestas</strong></span> <span class='ocrx_word' id='word_1_617' title='bbox 2679 3178 2889 3247; x_wconf 82' lang='lat' dir='ltr'><strong>imperii</strong></span> <span class='ocrx_word' id='word_1_618' title='bbox 2922 3177 3024 3232; x_wconf 80' lang='lat' dir='ltr'><strong>fuit</strong></span> <span class='ocrx_word' id='word_1_619' title='bbox 3057 3177 3323 3232; x_wconf 89' lang='lat' dir='ltr'><strong>diminuta</strong></span> <span class='ocrx_word' id='word_1_620' title='bbox 3357 3175 3451 3248; x_wconf 88' lang='lat'><strong>(&#39;).</strong></span> <span class='ocrx_word' id='word_1_621' title='bbox 3482 3175 3557 3229; x_wconf 87' lang='lat' dir='ltr'><strong>De</strong></span> <span class='ocrx_word' id='word_1_622' title='bbox 3589 3174 3684 3228; x_wconf 54' lang='lat' dir='ltr'><strong>dia.</strong></span> 
     </span>
    </p>
   </div>
   <div class='ocr_carea' id='block_1_90' title="bbox 2117 3267 3683 3338">
    <p class='ocr_par' dir='ltr' id='par_1_90' title="bbox 2117 3267 3683 3338">
     <span class='ocr_line' id='line_1_90' title="bbox 2117 3267 3683 3338; baseline -0.01 -8"><span class='ocrx_word' id='word_1_623' title='bbox 2117 3274 2350 3330; x_wconf 88' lang='lat' dir='ltr'><strong>conissis</strong></span> <span class='ocrx_word' id='word_1_624' title='bbox 2390 3272 2511 3327; x_wconf 78' lang='lat' dir='ltr'><strong>fuse</strong></span> <span class='ocrx_word' id='word_1_625' title='bbox 2560 3271 2612 3324; x_wconf 92' lang='lat' dir='ltr'><strong>in</strong></span> <span class='ocrx_word' id='word_1_626' title='bbox 2644 3270 2736 3324; x_wconf 91' lang='lat' dir='ltr'><strong>lib.</strong></span> <span class='ocrx_word' id='word_1_627' title='bbox 2788 3267 3229 3338; x_wconf 78' lang='lat' dir='ltr'><strong>Lexicographo,</strong></span> <span class='ocrx_word' id='word_1_628' title='bbox 3276 3268 3461 3338; x_wconf 87' lang='lat' dir='ltr'><strong>deque</strong></span> <span class='ocrx_word' id='word_1_629' title='bbox 3526 3282 3683 3335; x_wconf 62' lang='grc' dir='ltr'><strong>σεμνῦ-</strong></span> 
     </span>
    </p>
   </div>
   <div class='ocr_carea' id='block_1_91' title="bbox 2117 3358 3684 3436">
    <p class='ocr_par' dir='ltr' id='par_1_91' title="bbox 2117 3358 3684 3436">
     <span class='ocr_line' id='line_1_91' title="bbox 2117 3358 3684 3436; baseline -0.008 -18"><span class='ocrx_word' id='word_1_630' title='bbox 2117 3364 2505 3436; x_wconf 84' lang='grc' dir='ltr'><strong>πρεπεστάτης</strong></span> <span class='ocrx_word' id='word_1_631' title='bbox 2566 3362 2828 3431; x_wconf 84' lang='lat' dir='ltr'><strong>epitheto.</strong></span> <span class='ocrx_word' id='word_1_632' title='bbox 2892 3358 3181 3415; x_wconf 88' lang='lat' dir='ltr'><strong>Tractatus</strong></span> <span class='ocrx_word' id='word_1_633' title='bbox 3230 3359 3332 3413; x_wconf 85' lang='lat' dir='ltr'><strong>iste</strong></span> <span class='ocrx_word' id='word_1_634' title='bbox 3399 3366 3684 3413; x_wconf 81' lang='lat' dir='ltr'><strong>numeratur</strong></span> 
     </span>
    </p>
   </div>
   <div class='ocr_carea' id='block_1_92' title="bbox 2120 3446 3682 3514">
    <p class='ocr_par' dir='ltr' id='par_1_92' title="bbox 2120 3446 3682 3514">
     <span class='ocr_line' id='line_1_92' title="bbox 2120 3446 3682 3514; baseline -0.009 -3"><span class='ocrx_word' id='word_1_635' title='bbox 2120 3456 2394 3511; x_wconf 89' lang='lat' dir='ltr'><strong>secundus</strong></span> <span class='ocrx_word' id='word_1_636' title='bbox 2434 3456 2488 3508; x_wconf 91' lang='lat' dir='ltr'><strong>in</strong></span> <span class='ocrx_word' id='word_1_637' title='bbox 2536 3453 2728 3507; x_wconf 82' lang='lat' dir='ltr'><strong>codice</strong></span> <span class='ocrx_word' id='word_1_638' title='bbox 2756 3450 3023 3506; x_wconf 79' lang='lat' dir='ltr'><strong>Vaticano</strong></span> <span class='ocrx_word' id='word_1_639' title='bbox 3050 3451 3211 3514; x_wconf 61' lang='grc'><strong>1454,</strong></span> <span class='ocrx_word' id='word_1_640' title='bbox 3249 3450 3397 3504; x_wconf 86' lang='lat' dir='ltr'><strong>unde</strong></span> <span class='ocrx_word' id='word_1_641' title='bbox 3452 3446 3682 3514; x_wconf 83' lang='lat' dir='ltr'><strong>subsequi</strong></span> 
     </span>
    </p>
   </div>
   <div class='ocr_carea' id='block_1_93' title="bbox 2119 3541 3679 3602">
    <p class='ocr_par' dir='ltr' id='par_1_93' title="bbox 2119 3541 3679 3602">
     <span class='ocr_line' id='line_1_93' title="bbox 2119 3541 3679 3602; baseline -0.009 0"><span class='ocrx_word' id='word_1_642' title='bbox 2119 3564 2243 3602; x_wconf 90' lang='lat' dir='ltr'><strong>eum</strong></span> <span class='ocrx_word' id='word_1_643' title='bbox 2277 3545 2551 3601; x_wconf 83' lang='lat' dir='ltr'><strong>decuisset</strong></span> <span class='ocrx_word' id='word_1_644' title='bbox 2590 3552 2880 3597; x_wconf 89' lang='lat' dir='ltr'><strong>tractatum</strong></span> <span class='ocrx_word' id='word_1_645' title='bbox 2916 3542 2991 3595; x_wconf 90' lang='lat' dir='ltr'><strong>De</strong></span> <span class='ocrx_word' id='word_1_646' title='bbox 3014 3542 3319 3596; x_wconf 81' lang='lat' dir='ltr'><strong>mOnastica</strong></span> <span class='ocrx_word' id='word_1_647' title='bbox 3356 3541 3679 3595; x_wconf 79' lang='lat' dir='ltr'><strong>exercitatio-</strong></span> 
     </span>
    </p>
   </div>
   <div class='ocr_carea' id='block_1_94' title="bbox 2121 3632 3683 3707">
    <p class='ocr_par' dir='ltr' id='par_1_94' title="bbox 2121 3632 3683 3707">
     <span class='ocr_line' id='line_1_94' title="bbox 2121 3632 3683 3707; baseline -0.008 -13"><span class='ocrx_word' id='word_1_648' title='bbox 2121 3657 2210 3705; x_wconf 89' lang='lat' dir='ltr'><strong>ne,</strong></span> <span class='ocrx_word' id='word_1_649' title='bbox 2262 3647 2322 3692; x_wconf 86' lang='grc' dir='ltr'><strong>ιιι</strong></span> <span class='ocrx_word' id='word_1_650' title='bbox 2377 3637 2554 3707; x_wconf 86' lang='lat' dir='ltr'><strong>prima</strong></span> <span class='ocrx_word' id='word_1_651' title='bbox 2604 3635 2767 3689; x_wconf 91' lang='lat' dir='ltr'><strong>verba</strong></span> <span class='ocrx_word' id='word_1_652' title='bbox 2801 3634 3043 3688; x_wconf 90' lang='lat' dir='ltr'><strong>indicant</strong></span> <span class='ocrx_word' id='word_1_653' title='bbox 3091 3634 3276 3687; x_wconf 89' lang='lat' dir='ltr'><strong>etiam.</strong></span> <span class='ocrx_word' id='word_1_654' title='bbox 3316 3634 3390 3687; x_wconf 81' lang='lat' dir='ltr'><strong>At</strong></span> <span class='ocrx_word' id='word_1_655' title='bbox 3440 3635 3494 3687; x_wconf 92' lang='lat' dir='ltr'><strong>in</strong></span> <span class='ocrx_word' id='word_1_656' title='bbox 3529 3632 3683 3686; x_wconf 78' lang='lat' dir='ltr'><strong>codice</strong></span> 
     </span>
    </p>
   </div>
   <div class='ocr_carea' id='block_1_95' title="bbox 2121 3724 3683 3794">
    <p class='ocr_par' dir='ltr' id='par_1_95' title="bbox 2121 3724 3683 3794">
     <span class='ocr_line' id='line_1_95' title="bbox 2121 3724 3683 3794; baseline -0.008 -10"><span class='ocrx_word' id='word_1_657' title='bbox 2121 3728 2425 3784; x_wconf 89' lang='lat' dir='ltr'><strong>Barberino</strong></span> <span class='ocrx_word' id='word_1_658' title='bbox 2463 3743 2569 3781; x_wconf 89' lang='lat' dir='ltr'><strong>ms.</strong></span> <span class='ocrx_word' id='word_1_659' title='bbox 2629 3740 3005 3794; x_wconf 89' lang='lat' dir='ltr'><strong>compereram</strong></span> <span class='ocrx_word' id='word_1_660' title='bbox 3061 3734 3189 3793; x_wconf 91' lang='lat' dir='ltr'><strong>post</strong></span> <span class='ocrx_word' id='word_1_661' title='bbox 3216 3724 3395 3788; x_wconf 87' lang='lat' dir='ltr'><strong>illum,</strong></span> <span class='ocrx_word' id='word_1_662' title='bbox 3430 3733 3683 3777; x_wconf 84' lang='lat' dir='ltr'><strong>tractatum</strong></span> 
     </span>
    </p>
   </div>
   <div class='ocr_carea' id='block_1_96' title="bbox 2120 3817 3681 3886">
    <p class='ocr_par' dir='ltr' id='par_1_96' title="bbox 2120 3817 3681 3886">
     <span class='ocr_line' id='line_1_96' title="bbox 2120 3817 3681 3886; baseline -0.008 -10"><span class='ocrx_word' id='word_1_663' title='bbox 2120 3822 2189 3876; x_wconf 91' lang='lat' dir='ltr'><strong>de</strong></span> <span class='ocrx_word' id='word_1_664' title='bbox 2220 3819 2516 3874; x_wconf 89' lang='lat' dir='ltr'><strong>virtutibus</strong></span> <span class='ocrx_word' id='word_1_665' title='bbox 2568 3826 2621 3871; x_wconf 90' lang='lat' dir='ltr'><strong>et</strong></span> <span class='ocrx_word' id='word_1_666' title='bbox 2665 3817 2811 3870; x_wconf 86' lang='lat' dir='ltr'><strong>vitiis</strong></span> <span class='ocrx_word' id='word_1_667' title='bbox 2843 3818 3112 3870; x_wconf 89' lang='lat' dir='ltr'><strong>directum</strong></span> <span class='ocrx_word' id='word_1_668' title='bbox 3148 3818 3213 3869; x_wconf 89' lang='lat' dir='ltr'><strong>ad</strong></span> <span class='ocrx_word' id='word_1_669' title='bbox 3257 3817 3579 3886; x_wconf 79' lang='lat' dir='ltr'><strong>Agathium,</strong></span> <span class='ocrx_word' id='word_1_670' title='bbox 3608 3829 3681 3867; x_wconf 75' lang='lat' dir='ltr'><strong>sru</strong></span> 
     </span>
    </p>
   </div>
   <div class='ocr_carea' id='block_1_97' title="bbox 2120 3908 3683 3979">
    <p class='ocr_par' dir='ltr' id='par_1_97' title="bbox 2120 3908 3683 3979">
     <span class='ocr_line' id='line_1_97' title="bbox 2120 3908 3683 3979; baseline -0.01 -9"><span class='ocrx_word' id='word_1_671' title='bbox 2120 3912 2498 3975; x_wconf 87' lang='lat' dir='ltr'><strong>Peristeriam,</strong></span> <span class='ocrx_word' id='word_1_672' title='bbox 2533 3910 2767 3978; x_wconf 90' lang='lat' dir='ltr'><strong>ideoque</strong></span> <span class='ocrx_word' id='word_1_673' title='bbox 2804 3909 3031 3973; x_wconf 88' lang='lat' dir='ltr'><strong>inserui,</strong></span> <span class='ocrx_word' id='word_1_674' title='bbox 3082 3908 3274 3978; x_wconf 82' lang='lat' dir='ltr'><strong>religio</strong></span> <span class='ocrx_word' id='word_1_675' title='bbox 3306 3924 3543 3979; x_wconf 87' lang='lat' dir='ltr'><strong>namque</strong></span> <span class='ocrx_word' id='word_1_676' title='bbox 3576 3908 3683 3957; x_wconf 76' lang='lat' dir='ltr'><strong>mihi</strong></span> 
     </span>
    </p>
   </div>
   <div class='ocr_carea' id='block_1_98' title="bbox 2122 4004 3682 4072">
    <p class='ocr_par' dir='ltr' id='par_1_98' title="bbox 2122 4004 3682 4072">
     <span class='ocr_line' id='line_1_98' title="bbox 2122 4004 3682 4072; baseline -0.009 -10"><span class='ocrx_word' id='word_1_677' title='bbox 2122 4007 2226 4063; x_wconf 86' lang='lat' dir='ltr'><strong>fuit</strong></span> <span class='ocrx_word' id='word_1_678' title='bbox 2277 4007 2525 4061; x_wconf 87' lang='lat' dir='ltr'><strong>ordinem</strong></span> <span class='ocrx_word' id='word_1_679' title='bbox 2583 4005 2898 4072; x_wconf 85' lang='lat' dir='ltr'><strong>scriptionis</strong></span> <span class='ocrx_word' id='word_1_680' title='bbox 2933 4004 2986 4057; x_wconf 93' lang='lat' dir='ltr'><strong>in</strong></span> <span class='ocrx_word' id='word_1_681' title='bbox 3032 4004 3276 4058; x_wconf 85' lang='lat' dir='ltr'><strong>editione</strong></span> <span class='ocrx_word' id='word_1_682' title='bbox 3309 4020 3421 4057; x_wconf 90' lang='lat' dir='ltr'><strong>non</strong></span> <span class='ocrx_word' id='word_1_683' title='bbox 3477 4017 3682 4058; x_wconf 60' lang='lat' dir='ltr'><strong>servare.</strong></span> 
     </span>
    </p>
   </div>
   <div class='ocr_carea' id='block_1_99' title="bbox 2136 4096 3687 4170">
    <p class='ocr_par' dir='ltr' id='par_1_99' title="bbox 2136 4096 3687 4170">
     <span class='ocr_line' id='line_1_99' title="bbox 2136 4096 3687 4170; baseline -0.006 -18"><span class='ocrx_word' id='word_1_684' title='bbox 2136 4097 2550 4170; x_wconf 82' lang='grc' dir='ltr'><strong>Ἀκτημοσύνην</strong></span> <span class='ocrx_word' id='word_1_685' title='bbox 2583 4098 2880 4167; x_wconf 88' lang='lat' dir='ltr'><strong>potuissem</strong></span> <span class='ocrx_word' id='word_1_686' title='bbox 2918 4106 3126 4150; x_wconf 86' lang='lat' dir='ltr'><strong>vertere</strong></span> <span class='ocrx_word' id='word_1_687' title='bbox 3155 4112 3282 4150; x_wconf 91' lang='lat' dir='ltr'><strong>cum</strong></span> <span class='ocrx_word' id='word_1_688' title='bbox 3314 4096 3577 4150; x_wconf 82' lang='lat' dir='ltr'><strong>Cassiano</strong></span> <span class='ocrx_word' id='word_1_689' title='bbox 3606 4108 3687 4143; x_wconf 81' lang='lat' dir='ltr'><strong>nu-</strong></span> 
     </span>
    </p>
   </div>
   <div class='ocr_carea' id='block_1_100' title="bbox 2123 4187 3683 4255">
    <p class='ocr_par' dir='ltr' id='par_1_100' title="bbox 2123 4187 3683 4255">
     <span class='ocr_line' id='line_1_100' title="bbox 2123 4187 3683 4255; baseline -0.004 -13"><span class='ocrx_word' id='word_1_690' title='bbox 2123 4194 2345 4247; x_wconf 83' lang='lat' dir='ltr'><strong>ditatem</strong></span> <span class='ocrx_word' id='word_1_691' title='bbox 2371 4207 2573 4255; x_wconf 87' lang='lat' dir='ltr'><strong>rerum,</strong></span> <span class='ocrx_word' id='word_1_692' title='bbox 2610 4191 2689 4244; x_wconf 74' lang='lat' dir='ltr'><strong>vel</strong></span> <span class='ocrx_word' id='word_1_693' title='bbox 2719 4191 3005 4243; x_wconf 91' lang='lat' dir='ltr'><strong>enuntiare</strong></span> <span class='ocrx_word' id='word_1_694' title='bbox 3037 4189 3228 4244; x_wconf 82' lang='lat' dir='ltr'><strong>Latino</strong></span> <span class='ocrx_word' id='word_1_695' title='bbox 3258 4190 3528 4244; x_wconf 84' lang='lat' dir='ltr'><strong>vocabulo</strong></span> <span class='ocrx_word' id='word_1_696' title='bbox 3552 4187 3683 4238; x_wconf 52' lang='lat' dir='ltr'><strong>Acte-</strong></span> 
     </span>
    </p>
   </div>
   <div class='ocr_carea' id='block_1_101' title="bbox 2128 4280 3683 4350">
    <p class='ocr_par' dir='ltr' id='par_1_101' title="bbox 2128 4280 3683 4350">
     <span class='ocr_line' id='line_1_101' title="bbox 2128 4280 3683 4350; baseline -0.009 -13"><span class='ocrx_word' id='word_1_697' title='bbox 2128 4298 2437 4349; x_wconf 71' lang='lat' dir='ltr'><strong>mosynem,</strong></span> <span class='ocrx_word' id='word_1_698' title='bbox 2456 4282 2548 4337; x_wconf 90' lang='lat' dir='ltr'><strong>sed</strong></span> <span class='ocrx_word' id='word_1_699' title='bbox 2567 4280 2903 4350; x_wconf 70' lang='lat' dir='ltr'><strong>expressisse</strong></span> <span class='ocrx_word' id='word_1_700' title='bbox 2927 4281 3253 4333; x_wconf 87' lang='lat' dir='ltr'><strong>concinnius</strong></span> <span class='ocrx_word' id='word_1_701' title='bbox 3272 4280 3567 4333; x_wconf 86' lang='lat' dir='ltr'><strong>arbitratus</strong></span> <span class='ocrx_word' id='word_1_702' title='bbox 3588 4290 3683 4329; x_wconf 85' lang='lat' dir='ltr'><strong>sum</strong></span> 
     </span>
    </p>
   </div>
   <div class='ocr_carea' id='block_1_102' title="bbox 2131 4372 3571 4443">
    <p class='ocr_par' dir='ltr' id='par_1_102' title="bbox 2131 4372 3571 4443">
     <span class='ocr_line' id='line_1_102' title="bbox 2131 4372 3571 4443; baseline -0.003 -13"><span class='ocrx_word' id='word_1_703' title='bbox 2131 4376 2498 4430; x_wconf 83' lang='lat' dir='ltr'><strong>voluntariam</strong></span> <span class='ocrx_word' id='word_1_704' title='bbox 2531 4381 2931 4443; x_wconf 88' lang='lat' dir='ltr'><strong>paupertatem,</strong></span> <span class='ocrx_word' id='word_1_705' title='bbox 2967 4388 3064 4427; x_wconf 75' lang='lat' dir='ltr'><strong>Sen</strong></span> <span class='ocrx_word' id='word_1_706' title='bbox 3100 4372 3237 4425; x_wconf 88' lang='lat' dir='ltr'><strong>nihil</strong></span> <span class='ocrx_word' id='word_1_707' title='bbox 3271 4373 3571 4442; x_wconf 85' lang='lat' dir='ltr'><strong>possidere.</strong></span> 
     </span>
    </p>
   </div>
   <div class='ocr_carea' id='block_1_103' title="bbox 908 4457 2012 4537">
    <p class='ocr_par' dir='ltr' id='par_1_103' title="bbox 908 4457 2012 4524">
     <span class='ocr_line' id='line_1_103' title="bbox 908 4457 2012 4524; baseline 0.007 -18"><span class='ocrx_word' id='word_1_708' title='bbox 908 4464 963 4507; x_wconf 90' lang='lat' dir='ltr'><strong>et</strong></span> <span class='ocrx_word' id='word_1_709' title='bbox 988 4457 1378 4524; x_wconf 86' lang='lat' dir='ltr'><strong>temporalibus</strong></span> <span class='ocrx_word' id='word_1_710' title='bbox 1407 4468 1754 4514; x_wconf 85' lang='lat' dir='ltr'><strong>commutans</strong></span> <span class='ocrx_word' id='word_1_711' title='bbox 1801 4470 2012 4516; x_wconf 44' lang='lat' dir='ltr'><strong>eterna.</strong></span> 
     </span>
    </p>
   </div>
   <div class='ocr_carea' id='block_1_104' title="bbox 2119 4457 3685 4537">
    <p class='ocr_par' dir='ltr' id='par_1_104' title="bbox 2201 4459 3685 4537">
     <span class='ocr_line' id='line_1_104' title="bbox 2201 4459 3685 4537; baseline -0.012 -12"><span class='ocrx_word' id='word_1_712' title='bbox 2201 4469 2417 4537; x_wconf 77' lang='lat' dir='ltr'><strong>Excipit</strong></span> <span class='ocrx_word' id='word_1_713' title='bbox 2444 4474 2736 4521; x_wconf 88' lang='lat' dir='ltr'><strong>tractatum</strong></span> <span class='ocrx_word' id='word_1_714' title='bbox 2769 4468 2912 4517; x_wconf 89' lang='lat' dir='ltr'><strong>hunc</strong></span> <span class='ocrx_word' id='word_1_715' title='bbox 2936 4466 3004 4516; x_wconf 88' lang='lat' dir='ltr'><strong>de</strong></span> <span class='ocrx_word' id='word_1_716' title='bbox 3028 4472 3351 4533; x_wconf 80' lang='lat' dir='ltr'><strong>paupertate</strong></span> <span class='ocrx_word' id='word_1_717' title='bbox 3394 4462 3599 4522; x_wconf 75' lang='grc' dir='ltr'><strong>Ἠϐικὸς</strong></span> <span class='ocrx_word' id='word_1_718' title='bbox 3619 4459 3685 4509; x_wconf 64' lang='lat' dir='ltr'><strong>id-</strong></span> 
     </span>
    </p>
   </div>
   <div class='ocr_carea' id='block_1_105' title="bbox 2131 4548 3682 4631">
    <p class='ocr_par' dir='ltr' id='par_1_105' title="bbox 2131 4548 3682 4631">
     <span class='ocr_line' id='line_1_105' title="bbox 2131 4548 3682 4631; baseline -0.011 -16"><span class='ocrx_word' id='word_1_719' title='bbox 2131 4580 2250 4631; x_wconf 83' lang='grc' dir='ltr'><strong>γος,</strong></span> <span class='ocrx_word' id='word_1_720' title='bbox 2299 4560 2394 4613; x_wconf 77' lang='grc' dir='ltr'><strong>καὶ</strong></span> <span class='ocrx_word' id='word_1_721' title='bbox 2437 4556 2774 4626; x_wconf 80' lang='grc' dir='ltr'><strong>πολυμερὴς,</strong></span> <span class='ocrx_word' id='word_1_722' title='bbox 2810 4557 2869 4607; x_wconf 79' lang='grc' dir='ltr'>ἐν</span> <span class='ocrx_word' id='word_1_723' title='bbox 2931 4548 2976 4621; x_wconf 79' lang='grc' dir='ltr'>ᾧ</span> <span class='ocrx_word' id='word_1_724' title='bbox 3001 4554 3282 4607; x_wconf 74' lang='grc' dir='ltr'>νουθεσίαι</span> <span class='ocrx_word' id='word_1_725' title='bbox 3330 4549 3682 4622; x_wconf 67' lang='grc' dir='ltr'><strong>πνευματικιὶ,</strong></span> 
     </span>
    </p>
   </div>
   <div class='ocr_carea' id='block_1_106' title="bbox 2135 4648 3685 4716">
    <p class='ocr_par' dir='ltr' id='par_1_106' title="bbox 2135 4648 3685 4716">
     <span class='ocr_line' id='line_1_106' title="bbox 2135 4648 3685 4716; baseline -0.012 -6"><span class='ocrx_word' id='word_1_726' title='bbox 2135 4658 2185 4710; x_wconf 87' lang='lat' dir='ltr'><strong>id</strong></span> <span class='ocrx_word' id='word_1_727' title='bbox 2218 4666 2299 4711; x_wconf 90' lang='lat' dir='ltr'><strong>est</strong></span> <span class='ocrx_word' id='word_1_728' title='bbox 2335 4654 2619 4708; x_wconf 80' lang='lat' dir='ltr'><strong>Tractatus</strong></span> <span class='ocrx_word' id='word_1_729' title='bbox 2646 4649 2886 4712; x_wconf 86' lang='lat' dir='ltr'><strong>moralis,</strong></span> <span class='ocrx_word' id='word_1_730' title='bbox 2916 4659 2966 4703; x_wconf 88' lang='lat' dir='ltr'><strong>et</strong></span> <span class='ocrx_word' id='word_1_731' title='bbox 3012 4648 3367 4716; x_wconf 78' lang='lat' dir='ltr'><strong>mnltifarius,</strong></span> <span class='ocrx_word' id='word_1_732' title='bbox 3400 4650 3453 4699; x_wconf 86' lang='lat' dir='ltr'><strong>in</strong></span> <span class='ocrx_word' id='word_1_733' title='bbox 3484 4664 3577 4715; x_wconf 84' lang='lat' dir='ltr'><strong>quo</strong></span> <span class='ocrx_word' id='word_1_734' title='bbox 3603 4648 3685 4705; x_wconf 80' lang='lat' dir='ltr'><strong>spi-</strong></span> 
     </span>
    </p>
   </div>
   <div class='ocr_carea' id='block_1_107' title="bbox 2135 4732 3683 4805">
    <p class='ocr_par' dir='ltr' id='par_1_107' title="bbox 2135 4732 3683 4805">
     <span class='ocr_line' id='line_1_107' title="bbox 2135 4732 3683 4805; baseline -0.013 -5"><span class='ocrx_word' id='word_1_735' title='bbox 2135 4749 2355 4800; x_wconf 76' lang='lat' dir='ltr'><strong>titnales</strong></span> <span class='ocrx_word' id='word_1_736' title='bbox 2375 4755 2497 4798; x_wconf 85' lang='lat' dir='ltr'><strong>sunt</strong></span> <span class='ocrx_word' id='word_1_737' title='bbox 2520 4744 2947 4803; x_wconf 83' lang='lat' dir='ltr'><strong>admonitiones;</strong></span> <span class='ocrx_word' id='word_1_738' title='bbox 2980 4748 3032 4791; x_wconf 87' lang='lat' dir='ltr'><strong>et</strong></span> <span class='ocrx_word' id='word_1_739' title='bbox 3060 4738 3333 4805; x_wconf 79' lang='lat' dir='ltr'><strong>capitibus</strong></span> <span class='ocrx_word' id='word_1_740' title='bbox 3361 4746 3588 4805; x_wconf 83' lang='lat' dir='ltr'><strong>quatuor</strong></span> <span class='ocrx_word' id='word_1_741' title='bbox 3608 4732 3683 4781; x_wconf 68' lang='lat' dir='ltr'><strong>ala-</strong></span> 
     </span>
    </p>
   </div>
   <div class='ocr_carea' id='block_1_108' title="bbox 2134 4822 3683 4906">
    <p class='ocr_par' dir='ltr' id='par_1_108' title="bbox 2134 4822 3683 4906">
     <span class='ocr_line' id='line_1_108' title="bbox 2134 4822 3683 4906; baseline -0.012 -15"><span class='ocrx_word' id='word_1_742' title='bbox 2134 4840 2387 4893; x_wconf 80' lang='lat' dir='ltr'><strong>solvitur.</strong></span> <span class='ocrx_word' id='word_1_743' title='bbox 2431 4836 2768 4906; x_wconf 80' lang='lat' dir='ltr'><strong>Principium</strong></span> <span class='ocrx_word' id='word_1_744' title='bbox 2826 4841 2907 4886; x_wconf 90' lang='lat' dir='ltr'><strong>est</strong></span> <span class='ocrx_word' id='word_1_745' title='bbox 2956 4829 3295 4899; x_wconf 77' lang='grc' dir='ltr'><strong>πολυμερὴς,</strong></span> <span class='ocrx_word' id='word_1_746' title='bbox 3329 4828 3423 4879; x_wconf 71' lang='grc' dir='ltr'><strong>καὶ</strong></span> <span class='ocrx_word' id='word_1_747' title='bbox 3463 4822 3683 4889; x_wconf 62' lang='grc' dir='ltr'><strong>πολύτρῡο</strong></span> 
     </span>
    </p>
   </div>
   <div class='ocr_carea' id='block_1_109' title="bbox 2138 4918 3683 5000">
    <p class='ocr_par' dir='ltr' id='par_1_109' title="bbox 2138 4918 3683 5000">
     <span class='ocr_line' id='line_1_109' title="bbox 2138 4918 3683 5000; baseline -0.012 -17"><span class='ocrx_word' id='word_1_748' title='bbox 2138 4948 2237 4993; x_wconf 82' lang='grc' dir='ltr'><strong>πος</strong></span> <span class='ocrx_word' id='word_1_749' title='bbox 2272 4930 2586 5000; x_wconf 82' lang='grc' dir='ltr'><strong>πρόκειται.</strong></span> <span class='ocrx_word' id='word_1_750' title='bbox 2625 4929 2739 4983; x_wconf 85' lang='lat' dir='ltr'><strong>Hoc</strong></span> <span class='ocrx_word' id='word_1_751' title='bbox 2768 4926 3096 4996; x_wconf 82' lang='lat' dir='ltr'><strong>opusculum</strong></span> <span class='ocrx_word' id='word_1_752' title='bbox 3127 4934 3211 4977; x_wconf 89' lang='lat' dir='ltr'><strong>est</strong></span> <span class='ocrx_word' id='word_1_753' title='bbox 3261 4921 3425 4993; x_wconf 88' lang='lat' dir='ltr'><strong>quasi</strong></span> <span class='ocrx_word' id='word_1_754' title='bbox 3454 4918 3626 4974; x_wconf 83' lang='lat' dir='ltr'><strong>concio</strong></span> <span class='ocrx_word' id='word_1_755' title='bbox 3644 4920 3683 4965; x_wconf 78' lang='lat' dir='ltr'><strong>et</strong></span> 
     </span>
    </p>
   </div>
   <div class='ocr_carea' id='block_1_110' title="bbox 2136 5024 2461 5078">
    <p class='ocr_par' dir='ltr' id='par_1_110' title="bbox 2136 5024 2461 5078">
     <span class='ocr_line' id='line_1_110' title="bbox 2136 5024 2461 5078; baseline -0.003 0"><span class='ocrx_word' id='word_1_756' title='bbox 2136 5024 2461 5078; x_wconf 85' lang='lat' dir='ltr'><strong>admonitio.</strong></span> 
     </span>
    </p>
   </div>
   <div class='ocr_carea' id='block_1_111' title="bbox 2209 5100 3681 5183">
    <p class='ocr_par' dir='ltr' id='par_1_111' title="bbox 2209 5100 3681 5183">
     <span class='ocr_line' id='line_1_111' title="bbox 2209 5100 3681 5183; baseline -0.012 -15"><span class='ocrx_word' id='word_1_757' title='bbox 2209 5116 2385 5169; x_wconf 83' lang='lat' dir='ltr'><strong>Erunt</strong></span> <span class='ocrx_word' id='word_1_758' title='bbox 2422 5114 2518 5183; x_wconf 91' lang='lat' dir='ltr'><strong>qui</strong></span> <span class='ocrx_word' id='word_1_759' title='bbox 2561 5122 2752 5183; x_wconf 91' lang='lat' dir='ltr'><strong>putent</strong></span> <span class='ocrx_word' id='word_1_760' title='bbox 2793 5127 2877 5166; x_wconf 90' lang='lat' dir='ltr'><strong>me</strong></span> <span class='ocrx_word' id='word_1_761' title='bbox 2934 5122 3114 5165; x_wconf 88' lang='lat' dir='ltr'><strong>actum</strong></span> <span class='ocrx_word' id='word_1_762' title='bbox 3170 5109 3373 5177; x_wconf 82' lang='lat' dir='ltr'><strong>egisse,</strong></span> <span class='ocrx_word' id='word_1_763' title='bbox 3404 5105 3524 5175; x_wconf 87' lang='lat' dir='ltr'><strong>quia</strong></span> <span class='ocrx_word' id='word_1_764' title='bbox 3564 5100 3681 5152; x_wconf 73' lang='grc' dir='ltr'><strong>Ἐπιο</strong></span> 
     </span>
    </p>
   </div>
   <div class='ocr_carea' id='block_1_112' title="bbox 2138 5192 3678 5277">
    <p class='ocr_par' dir='ltr' id='par_1_112' title="bbox 2138 5192 3678 5277">
     <span class='ocr_line' id='line_1_112' title="bbox 2138 5192 3678 5277; baseline -0.009 -17"><span class='ocrx_word' id='word_1_765' title='bbox 2138 5209 2337 5277; x_wconf 81' lang='grc' dir='ltr'><strong>κτήτου</strong></span> <span class='ocrx_word' id='word_1_766' title='bbox 2368 5205 2708 5277; x_wconf 80' lang='grc' dir='ltr'><strong>ἐγχειρίδιον,</strong></span> <span class='ocrx_word' id='word_1_767' title='bbox 2740 5221 2835 5260; x_wconf 86' lang='lat' dir='ltr'><strong>seu</strong></span> <span class='ocrx_word' id='word_1_768' title='bbox 2884 5203 3186 5256; x_wconf 82' lang='lat' dir='ltr'><strong>Manualem</strong></span> <span class='ocrx_word' id='word_1_769' title='bbox 3245 5203 3444 5253; x_wconf 90' lang='lat' dir='ltr'><strong>librum</strong></span> <span class='ocrx_word' id='word_1_770' title='bbox 3476 5192 3678 5265; x_wconf 68' lang='lat' dir='ltr'><strong>Epicteti.</strong></span> 
     </span>
    </p>
   </div>
   <div class='ocr_carea' id='block_1_113' title="bbox 2131 5284 3679 5366">
    <p class='ocr_par' dir='ltr' id='par_1_113' title="bbox 2131 5284 3679 5366">
     <span class='ocr_line' id='line_1_113' title="bbox 2131 5284 3679 5366; baseline -0.011 -19"><span class='ocrx_word' id='word_1_771' title='bbox 2131 5296 2289 5366; x_wconf 91' lang='lat' dir='ltr'><strong>quasi</strong></span> <span class='ocrx_word' id='word_1_772' title='bbox 2319 5296 2580 5350; x_wconf 89' lang='lat' dir='ltr'><strong>cramben</strong></span> <span class='ocrx_word' id='word_1_773' title='bbox 2610 5302 2884 5347; x_wconf 88' lang='lat' dir='ltr'><strong>recoctam</strong></span> <span class='ocrx_word' id='word_1_774' title='bbox 2920 5291 3127 5345; x_wconf 78' lang='lat' dir='ltr'><strong>intexui</strong></span> <span class='ocrx_word' id='word_1_775' title='bbox 3161 5288 3263 5341; x_wconf 85' lang='lat' dir='ltr'><strong>Nili</strong></span> <span class='ocrx_word' id='word_1_776' title='bbox 3295 5284 3580 5357; x_wconf 86' lang='lat' dir='ltr'><strong>opusculis,</strong></span> <span class='ocrx_word' id='word_1_777' title='bbox 3602 5292 3679 5331; x_wconf 71' lang='lat' dir='ltr'><strong>nec</strong></span> 
     </span>
    </p>
   </div>
   <div class='ocr_carea' id='block_1_114' title="bbox 2133 5368 3677 5468">
    <p class='ocr_par' dir='ltr' id='par_1_114' title="bbox 2133 5368 3677 5468">
     <span class='ocr_line' id='line_1_114' title="bbox 2133 5368 3677 5468; baseline -0.009 -26"><span class='ocrx_word' id='word_1_778' title='bbox 2133 5390 2327 5459; x_wconf 84' lang='lat' dir='ltr'><strong>ignoro</strong></span> <span class='ocrx_word' id='word_1_779' title='bbox 2384 5385 2683 5456; x_wconf 79' lang='lat' dir='ltr'><strong>abjudicari</strong></span> <span class='ocrx_word' id='word_1_780' title='bbox 2735 5383 2857 5437; x_wconf 83' lang='lat' dir='ltr'><strong>Nilo</strong></span> <span class='ocrx_word' id='word_1_781' title='bbox 2903 5383 3061 5437; x_wconf 88' lang='lat' dir='ltr'><strong>istam</strong></span> <span class='ocrx_word' id='word_1_782' title='bbox 3102 5382 3564 5437; x_wconf 81' lang='lat' dir='ltr'><strong>lucubrationem;</strong></span> <span class='ocrx_word' id='word_1_783' title='bbox 3607 5368 3677 5468; x_wconf 52' lang='lat' dir='ltr'><strong>sed</strong></span> 
     </span>
    </p>
   </div>
   <div class='ocr_carea' id='block_1_115' title="bbox 2132 5474 3680 5552">
    <p class='ocr_par' dir='ltr' id='par_1_115' title="bbox 2132 5474 3680 5552">
     <span class='ocr_line' id='line_1_115' title="bbox 2132 5474 3680 5552; baseline -0.01 -17"><span class='ocrx_word' id='word_1_784' title='bbox 2132 5482 2225 5552; x_wconf 92' lang='lat' dir='ltr'><strong>qui</strong></span> <span class='ocrx_word' id='word_1_785' title='bbox 2258 5480 2661 5550; x_wconf 54' lang='lat' dir='ltr'><strong>praecipitanter</strong></span> <span class='ocrx_word' id='word_1_786' title='bbox 2700 5477 2885 5531; x_wconf 88' lang='lat' dir='ltr'><strong>tulere.</strong></span> <span class='ocrx_word' id='word_1_787' title='bbox 2902 5478 3230 5531; x_wconf 89' lang='lat' dir='ltr'><strong>sententiam</strong></span> <span class='ocrx_word' id='word_1_788' title='bbox 3278 5474 3459 5537; x_wconf 88' lang='lat' dir='ltr'><strong>istam,</strong></span> <span class='ocrx_word' id='word_1_789' title='bbox 3500 5483 3562 5522; x_wconf 91' lang='lat' dir='ltr'><strong>ne</strong></span> <span class='ocrx_word' id='word_1_790' title='bbox 3580 5477 3680 5534; x_wconf 80' lang='lat' dir='ltr'><strong>qut-</strong></span> 
     </span>
    </p>
   </div>
   <div class='ocr_carea' id='block_1_116' title="bbox 519 5684 3679 5779">
    <p class='ocr_par' dir='ltr' id='par_1_116' title="bbox 519 5684 3679 5779">
     <span class='ocr_line' id='line_1_116' title="bbox 519 5684 3679 5779; baseline -0.01 -4"><span class='ocrx_word' id='word_1_791' title='bbox 519 5684 751 5779; x_wconf 50' lang='grc' dir='ltr'><strong>Ωηῗίάθ</strong></span> <span class='ocrx_word' id='word_1_792' title='bbox 798 5690 838 5745; x_wconf 60' lang='grc'><strong>1⁸</strong></span> <span class='ocrx_word' id='word_1_793' title='bbox 878 5691 1000 5748; x_wconf 72' lang='lat' dir='ltr'><strong>5C&quot;</strong></span> <span class='ocrx_word' id='word_1_794' title='bbox 1058 5692 1369 5750; x_wconf 55' lang='lat' dir='ltr'><strong>Themi-De</strong></span> <span class='ocrx_word' id='word_1_795' title='bbox 1394 5696 1489 5765; x_wconf 73' lang='grc' dir='ltr'><strong>Ιίάο</strong></span> <span class='ocrx_word' id='word_1_796' title='bbox 1523 5707 1570 5751; x_wconf 75' lang='grc' dir='ltr'><strong>εί</strong></span> <span class='ocrx_word' id='word_1_797' title='bbox 1602 5697 1717 5767; x_wconf 62' lang='lat' dir='ltr'><strong>iure</strong></span> <span class='ocrx_word' id='word_1_798' title='bbox 1752 5698 1888 5752; x_wconf 77' lang='grc' dir='ltr'><strong>Ιιαδι.</strong></span> <span class='ocrx_word' id='word_1_799' title='bbox 1930 5710 1977 5753; x_wconf 83' lang='lat' dir='ltr'><strong>et</strong></span> <span class='ocrx_word' id='word_1_800' title='bbox 2026 5702 2088 5756; x_wconf 86' lang='lat' dir='ltr'><strong>l7</strong></span> <span class='ocrx_word' id='word_1_801' title='bbox 2139 5705 2311 5777; x_wconf 87' lang='lat' dir='ltr'><strong>Epist.</strong></span> <span class='ocrx_word' id='word_1_802' title='bbox 2376 5704 2688 5777; x_wconf 73' lang='lat' dir='ltr'><strong>Symmach.</strong></span> <span class='ocrx_word' id='word_1_803' title='bbox 2740 5702 2838 5758; x_wconf 91' lang='lat' dir='ltr'><strong>lib.</strong></span> <span class='ocrx_word' id='word_1_804' title='bbox 2899 5718 2967 5767; x_wconf 89' lang='lat' dir='ltr'><strong>v,</strong></span> <span class='ocrx_word' id='word_1_805' title='bbox 3022 5699 3099 5779; x_wconf 67' lang='lat' dir='ltr'><strong>De</strong></span> <span class='ocrx_word' id='word_1_806' title='bbox 3164 5699 3424 5770; x_wconf 74' lang='lat' dir='ltr'><strong>Magnillo</strong></span> <span class='ocrx_word' id='word_1_807' title='bbox 3507 5688 3679 5747; x_wconf 72' lang='lat' dir='ltr'><strong>Vicetia</strong></span> 
     </span>
    </p>
   </div>
   <div class='ocr_carea' id='block_1_117' title="bbox 452 5753 668 5823">
    <p class='ocr_par' dir='ltr' id='par_1_117' title="bbox 452 5753 668 5823">
     <span class='ocr_line' id='line_1_117' title="bbox 452 5753 668 5823; baseline 0 -16"><span class='ocrx_word' id='word_1_808' title='bbox 452 5753 668 5823; x_wconf 61' lang='lat' dir='ltr'><strong>Africa.</strong></span> 
     </span>
    </p>
   </div>
  </div>
