3808 6226
170 280 325 347 1333

1399 284 1500 345 DE
1535 282 1922 345 OPERIBUS
1954 285 2014 343 S.
2054 282 2243 343 NILI.

3288 273 3424 338 1334

170 391 307 449 dem
333 407 399 447 ex
434 391 713 447 breviculo
760 394 1069 464 recitatam,
1098 395 1146 451 si
1174 396 1540 466 dispexissent
1583 407 1759 453 attenv
1787 404 1834 461 Α
1863 398 2031 465 cium,
2060 406 2157 452 aut
2182 394 2356 465 Pugio
2389 408 2453 448 ex
2492 392 2603 449 his.
2638 406 2760 462 quae
2803 391 3094 462 reliquerat
3124 390 3422 455 Epictetus.

169 485 295 540 tius
333 483 464 538 illud
495 498 635 554 opus
673 501 703 540 a
750 486 874 543 Nilo
918 489 1223 554 concisum,
1275 497 1330 544 et
1377 490 1757 561 interpolatum

172 586 299 630 tam
349 588 619 643 accurate,
666 578 825 633 sicuti
864 580 1198 652 praescripsi,
1254 580 1376 637 Nilo
1408 582 1595 654 utique
1634 582 1761 653 jure

177 668 579 725 vindicassent.
608 667 743 725 Nam
772 687 898 726 cum
927 671 1156 742 Epicteti
1176 674 1311 729 liber
1334 674 1493 731 fusus
1521 686 1764 741 esset,et

176 760 447 829 copiosus
513 761 863 834 uberiorque,
916 765 997 819 uti
1025 776 1357 837 compertum
1393 769 1595 824 habent
1638 770 1763 840 qui-

178 866 411 922 cunque
438 852 794 908 illustrissimi
852 855 1261 928 doctissimique
1315 858 1576 929 Stephani
1629 862 1764 917 Gra-

180 942 265 997 dii
301 943 543 999 codicem
573 952 854 999 exaratum
887 946 1121 1013 calamo,
1149 957 1203 1003 et
1230 951 1638 1021 pet-antiquum,
1671 968 1767 1023 op-

183 1036 342 1091 tima:
394 1034 475 1105 (si
515 1035 639 1105 quis
687 1035 825 1090 alius
851 1039 968 1106 est)
1021 1049 1181 1105 noue,
1229 1049 1283 1094 et
1334 1056 1527 1096 aurum
1578 1054 1767 1098 contra

184 1127 575 1183 aestimandum
633 1128 1039 1197 pervolverunt,
1098 1140 1153 1185 et
1209 1146 1334 1187 cum
1401 1133 1560 1189 editis
1616 1135 1770 1192 libris

186 1229 587 1286 compararunt
622 1234 636 1270 :
669 1220 823 1272 illum
890 1219 1119 1289 Epicteti
1166 1220 1586 1279 Commentariis
1654 1226 1771 1281 suis

191 1311 489 1365 illustravit
524 1310 691 1364 fetum
720 1311 985 1367 Arrianus
1011 1311 1231 1367 Adriani
1284 1313 1511 1384 Augusti
1541 1316 1636 1386 qui
1658 1332 1772 1372 aavo

191 1401 398 1458 ﬂorens
424 1402 741 1471 παράπλους
768 1404 1118 1472 conscripsit,
1157 1415 1210 1460 et
1257 1405 1552 1462 Alexandri
1596 1407 1772 1479 Magni

195 1493 415 1561 Vitam;
472 1510 648 1565 neque
686 1510 817 1549 vero
861 1495 1161 1551 libellulum
1219 1497 1393 1564 illum,
1437 1501 1531 1569 qui
1569 1504 1771 1570 passim

196 1587 452 1640 manibus
502 1587 745 1640 omnium
796 1589 1004 1652 teritur,
1064 1590 1221 1659 quasi
1250 1606 1393 1645 vera!
1436 1590 1630 1647 Stoicae
1657 1594 1776 1663 phi-

1860 500 1916 544 et
1990 488 2254 557 ampliora
2336 500 2402 540 ea
2487 485 2658 539 fuisse
2729 484 3127 538 convincuntur
3195 491 3308 537 tum
3395 497 3433 538 α

1861 577 2047 636 codice
2086 576 2478 649 suprascripto,
2510 585 2625 630 tum
2652 590 2685 631 e
2731 572 3152 629 Commentariis
3175 574 3425 640 Arriani,

1863 680 1918 726 et
1942 671 2112 742 liquet
2139 685 2209 725 ex
2243 668 2305 723 A.
2335 666 2528 731 Gellio,
2573 674 2627 720 et
2657 662 2867 719 Joanne
2905 663 3117 718 Stobaeo
3140 681 3157 729 ;
3184 678 3281 719 nec
3328 678 3427 717 ex-

1862 772 1971 819 stat
2018 762 2073 817 in
2103 760 2415 817 Enchiridio
2443 757 2853 814 celeberrimum
2876 754 3096 811 effatum
3131 753 3283 821 illud,
3319 769 3430 825 quo

1865 864 1977 910 tota
2050 853 2172 925 ejus
2246 849 2592 924 philosophia
2671 847 3003 911 continetur,
3060 844 3253 917 ἀνέχου
3336 845 3432 899 καὶ

1866 947 2096 1018 ἀπέχου.
2161 943 2363 999 Verum
2388 943 2654 997 hactenus
2674 939 3031 994 desideratur.
3062 937 3217 992 Nilus
3250 944 3430 990 autem

1868 1038 2188 1094 Ethnicismi
2244 1051 2428 1091 naevos
2485 1044 2541 1091 et
2583 1033 2829 1087 maculas
2883 1030 3123 1092 sustulit,
3178 1029 3436 1100 pleraque.

1868 1133 2188 1196 resccando,
2220 1139 2386 1201 atque
2438 1127 2719 1192 mutando,
2774 1124 2934 1196 plane
2984 1132 3179 1194 aptans
3206 1136 3437 1191 opuscu-
3508 1194 3511 1197 _

1870 1227 1979 1281 lum
2012 1225 2343 1287 Christiano,
2372 1222 2504 1292 quin
2552 1229 2607 1275 et
2647 1219 2918 1275 monacho
2970 1214 3437 1277 accommodavit;

1870 1330 1990 1385 quae
2021 1314 2225 1383 turpia,
2270 1328 2393 1382 qua:
2415 1308 2816 1381 superstitiosa,
2848 1306 2935 1362 vel
2963 1304 3324 1362 idololatriam
3347 1319 3438 1358 sa-

1871 1407 2090 1476 piebant
2132 1405 2347 1468 delevit,
2388 1404 2497 1457 imo
2553 1410 2609 1455 et
2648 1399 2890 1455 Socratis
2943 1412 3140 1453 nomen
3182 1395 3437 1460 sustulit;

1873 1496 2137 1566 Paulique
2184 1494 2469 1565 supposuit
2527 1492 2791 1562 Apostolt,
2828 1500 2990 1561 atque
3021 1488 3245 1543 omnino
3278 1503 3443 1542 suum

1871 1588 2071 1643 cll'ecit.
2122 1585 2309 1657 itaque
2348 1585 2489 1639 sicut
2516 1582 2648 1637 illud
2677 1584 2818 1637 inter
2866 1579 3137 1651 opuscula
3154 1576 3258 1631 Nili
3283 1577 3443 1631 adin-

197 1675 465 1747 losophiaa
522 1693 724 1733 succus
785 1693 1096 1747 expressus,
1154 1688 1319 1749 utque
1370 1681 1641 1739 alchimici
1696 1685 1776 1739 lo-
1812 1748 1831 1749 ,
1876 1695 2154 1742 veneram,
2194 1679 2275 1733 sic
2320 1676 2605 1746 dereliqui.
2634 1675 3012 1742 rationemque
3067 1669 3292 1725 reddam
3348 1682 3442 1720 co-

198 1779 464 1837 quuntur,
514 1767 703 1832 Elixir,
754 1770 1018 1839 cujusque
1067 1748 1419 1841 principium,
1464 1774 1573 1828 τῶν
1606 1775 1775 1829 ὄντων
1810 1748 1848 1801 Β
1878 1773 2088 1843 piosius
2128 1772 2182 1825 in
2222 1768 2699 1833 Adnotationibus,
2732 1766 2825 1820 ubi
2856 1764 2924 1820 de
2955 1770 3171 1818 amante
3196 1760 3444 1814 Platonis

199 1860 271 1913 τὰ
305 1859 403 1930 μέν
454 1862 602 1912 ἐστιν
638 1861 724 1929 ἐφ’
780 1862 941 1931 ἡμῖν,
992 1862 1041 1916 id
1094 1873 1176 1919 est
1211 1866 1568 1919 exsistentium
1603 1884 1775 1922 rerum

198 1956 445 2024 quadam
472 1957 667 2008 suntin
705 1956 870 2023 nobis,
911 1957 1185 2025 Epictetus
1228 1959 1300 2012 ita
1335 1961 1634 2026 contexuit,
1692 1961 1779 2015 ille

200 2047 503 2116 (inquam)
534 2045 833 2112 Epictetus,
888 2050 984 2118 qui
1047 2059 1201 2104 ortus
1230 2049 1497 2120 Hierapoli
1534 2050 1780 2123 Phrygiae

199 2134 577 2204 Epaphrodito
598 2135 829 2191 Neronis
852 2137 1083 2209 Augusti
1114 2138 1337 2194 Liberto
1366 2141 1553 2196 serviit
1593 2140 1781 2197 Roma

197 2236 258 2281 et
289 2225 584 2283 Domitiani
614 2229 844 2299 Augusti
876 2230 1158 2285 dominatu
1201 2232 1462 2298 offensus,
1500 2234 1584 2287 vel
1622 2235 1691 2287 ob
1719 2234 1778 2289 S.

198 2319 550 2383 Consultum,
570 2337 680 2391 quo
708 2322 852 2392 pulsi
884 2321 1105 2378 fuerunt
1132 2324 1185 2378 in
1206 2325 1432 2395 patriam
1451 2326 1778 2395 philosophi,

208 2410 264 2463 in
293 2426 412 2464 eam
448 2428 721 2474 reversus,
757 2416 808 2467 in
834 2412 1077 2484 Nicopoli
1105 2417 1304 2486 oppido
1331 2418 1478 2488 Epiri
1508 2419 1670 2475 Nova:
1688 2421 1782 2473 lta-

202 2498 419 2565 bitavit,
453 2511 506 2555 et
535 2518 859 2571 permanens
901 2506 966 2558 ad
999 2503 1071 2559 Μ.
1099 2506 1357 2560 Antonini
1391 2516 1631 2577 tempora
1662 2524 1783 2578 per-

203 2594 384 2658 venit,
432 2604 489 2647 ut
529 2594 801 2650 aﬂirmant
850 2596 1050 2651 Suidas
1102 2607 1155 2650 et
1204 2597 1443 2666 Angelus
1480 2599 1783 2654 Politianus

204 2684 262 2739 in
301 2686 525 2754 epistola
557 2687 775 2756 prmiixa
805 2703 869 2741 ex
911 2686 974 2741 A.
1007 2686 1178 2743 Gellio
1225 2701 1279 2743 et
1316 2689 1457 2743 aliis.
1510 2688 1786 2758 Epaphro-

203 2777 357 2831 ditus
396 2785 574 2831 autem
607 2776 840 2832 Neronis
870 2778 1144 2840 Libertus,
1180 2789 1235 2833 et
1268 2795 1296 2833 a
1329 2779 1568 2844 Libcllis,
1596 2791 1648 2835 et
1678 2781 1785 2834 τῶν

208 2867 710 2937 σωματοφυλάκων,
732 2869 782 2923 id
807 2879 889 2924 est
916 2872 1160 2939 corporis
1192 2872 1529 2936 custodibus,
1562 2872 1654 2941 qui
1685 2871 1789 2925 Ne—

207 2973 401 3011 roncm
439 2958 490 3011 in
525 2960 912 3015 consciscenda
945 2961 1046 3016 sibi
1076 2971 1251 3015 morte
1278 2961 1505 3029 adjuvit,
1538 2977 1568 3015 e
1596 2963 1788 3015 Sueto-

1890 1865 2172 1919 verilatem
2203 1861 2506 1916 Theosebio
2570 1857 2915 1929 philosopho,
2954 1855 3047 1926 qui
3123 1846 3447 1908 Aﬁtoniuia-

1878 1974 1963 2013 na:
1990 1954 2385 2011 lucubrationis
2413 1954 2481 2008 de
2512 1967 2570 2008 se
2596 1952 2742 2021 ipso,
2778 1966 2873 2005 seu
2898 1948 2965 2003 de
2996 1946 3119 2001 Vita
3144 1961 3242 2002 sua
3272 1945 3445 1999 inter-

1878 2050 2111 2120 polator,
2148 2047 2261 2102 sive
2304 2052 2590 2113 excerptor
2620 2043 2833 2096 videtur
2860 2042 2921 2094 in
2962 2036 3299 2109 Ἐγχειριδίῳ
3323 2035 3448 2088 δευ-

1875 2143 2019 2212 τέρῳ
2061 2140 2408 2209 Ἐπικτήτου,
2437 2136 2581 2207 quod
2604 2133 2931 2202 conscripsit
2960 2131 3130 2186 multa
3167 2145 3198 2184 e
3243 2127 3446 2183 scholis

1878 2232 2106 2302 Epicteti
2162 2230 2427 2295 delibans,
2457 2244 2552 2284 seu
2596 2242 2628 2282 e
2685 2225 2910 2290 scltolio,
2968 2237 3145 2292 agam.
3206 2220 3454 2275 Theose-

1880 2326 2028 2380 bium
2073 2325 2142 2379 ab
2183 2322 2407 2393 Apamia
2448 2321 2666 2375 civitate
2688 2318 2829 2373 Asiae
2860 2315 3183 2371 translatum
3213 2312 3281 2367 ad
3339 2310 3451 2365 Eu-

1880 2414 2234 2484 doxiopolim,
2286 2427 2410 2483 quae
2431 2411 2635 2467 dudum
2687 2408 2988 2464 Salembria
3032 2412 3279 2467 vocatur,
3331 2418 3447 2456 me-

1884 2515 2060 2559 morat
2089 2504 2361 2568 Auxilius,
2403 2503 2498 2558 lib.
2526 2519 2540 2556 ι
2573 2500 2649 2555 De
2674 2497 3092 2555 ordinationibus
3120 2512 3152 2549 a
3191 2491 3450 2548 Formosa

1882 2612 2020 2667 papa
2058 2596 2237 2665 factis,
2276 2611 2326 2650 c.
2374 2610 2454 2660 tt;
2486 2602 2541 2649 et
2565 2594 2661 2647 lib.
2695 2608 2756 2657 ll,
2794 2606 2844 2646 c.
2869 2590 2959 2655 22,
3004 2590 3361 2660 episcopum;
3398 2594 3452 2639 et

1887 2688 2285 2759 Eudoxiaepolis
2304 2687 2720 2757 nuncupabatur
2748 2683 3047 2754 Selymbria
3065 2682 3256 2737 civitas
3283 2679 3454 2733 Thra-

1887 2784 1983 2836 ciaa
2030 2780 2341 2851 provinciae,
2398 2787 2505 2833 act.
2555 2777 2839 2833 iConcilii
2885 2775 3289 2831 Cltalcedonen.
3327 2789 3451 2843 pag.

1886 2873 2014 2928 401.
2044 2870 2291 2927 Concilio
2324 2868 2934 2938 Constantinopolitano
2969 2865 3070 2921 sub
3105 2863 3341 2918 Damaso
3362 2878 3458 2932 pa-

1890 2982 1956 3036 pa
1988 2980 2131 3019 anno
2160 2963 2222 3017 C.
2262 2960 2328 3016 N.
2353 2962 2476 3025 581,
2507 2959 2829 3029 subscripsit
2892 2959 3032 3012 inter
3091 2956 3226 3011 alios
3275 2953 3455 3008 Theo-

208 3049 311 3103 nio
370 3050 421 3102 in
478 3048 710 3113 Nerone.
763 3066 828 3106 ac
850 3050 1179 3117 Domitiano,
1228 3061 1282 3106 et
1314 3052 1523 3117 Tacito,
1569 3053 1661 3106 lib.
1696 3068 1785 3113 xv,

1892 3058 2075 3114 sobius
2106 3056 2396 3126 episcopus
2423 3051 2858 3107 Philomeliensis
2887 3049 3177 3120 provincia:
3242 3046 3456 3102 Pisidiae

208 3140 409 3193 Annal.
424 3140 818 3195 condemnatus
835 3140 933 3195 fuit
948 3142 1068 3196 ideo
1086 3157 1115 3195 a
1134 3139 1605 3196 Domitiano.Sunt
1625 3141 1786 3211 607

209 3232 285 3286 de
316 3234 417 3284 isto
450 3232 681 3301 aliisque
739 3232 1153 3301 cognominibus
1188 3231 1569 3302 Epapltroditis
1620 3232 1791 3301 pluri-

212 3340 324 3378 mae
354 3323 734 3393 inscriptiones
762 3323 903 3393 apud
932 3324 1247 3380 Gruterum.
1293 3324 1527 3379 Sanctus
1593 3324 1795 3380 Paulus

214 3418 274 3471 in
310 3417 462 3483 epist.
499 3417 563 3470 ad
588 3416 983 3485 Philippenses,
1008 3431 1057 3470 c.
1090 3431 1150 3478 ll,
1185 3432 1236 3469 v.
1271 3416 1361 3481 25,
1382 3416 1627 3471 meminit
1653 3415 1795 3485 Epa-

212 3507 738 3579 phroditifratris,et
767 3508 1154 3577 cooperatoris,
1185 3516 1238 3561 et
1263 3508 1652 3562 commilitonis
1682 3508 1792 3571 sui,

216 3600 465 3667 ipsorum
505 3608 688 3653 autem
728 3598 978 3668 apostoli,
1008 3599 1058 3653 id
1111 3608 1212 3661 est,
1245 3607 1306 3653 ut
1365 3600 1619 3665 arbitror,
1678 3600 1796 3669 epi-

216 3693 395 3760 sc0pi,
413 3707 573 3761 quem
603 3692 970 3746 necessarium
988 3691 1320 3745 existimavit
1350 3692 1564 3747 mittere
1590 3692 1657 3746 ad
1680 3707 1801 3747 eos-

221 3782 376 3845 dem,
408 3792 462 3836 et
491 3796 684 3835 rursus
722 3796 771 3834 c.
809 3795 881 3839 tv,
920 3795 972 3833 v.
1014 3778 1106 3846 22,
1191 3780 1467 3850 accepisse
1492 3797 1550 3835 se
1600 3781 1798 3836 fatetur

219 3875 299 3929 ab
332 3875 469 3944 ipso,
502 3891 622 3945 quae
658 3874 729 3929 illi
764 3874 1066 3938 miserant;
1103 3881 1157 3927 et
1184 3873 1387 3927 salutat
1436 3887 1533 3928 eos
1580 3873 1799 3927 nomine

224 3966 466 4018 maxime
496 3965 736 4029 illorum,
775 3963 868 4032 qui
892 3964 957 4017 de
1014 3962 1247 4017 Caesaris
1275 3961 1440 4016 domo
1471 3972 1621 4025 sunt,
1662 3978 1799 4016 san-

221 4066 477 4122 ctorum;
507 4057 648 4111 hanc
670 4057 735 4110 ad
767 4055 1140 4125 Pltilippenses
1194 4056 1483 4123 Epistulam
1541 4057 1800 4125 scriptam

220 4154 403 4209 fuisse
421 4151 605 4204 Romae
624 4166 719 4220 per
745 4150 1193 4220 Epaphroditum,
1218 4149 1594 4204 Theodoretus
1614 4160 1802 4204 auctor

219 4250 337 4299 cst.
364 4241 673 4297 Cardinalis
700 4240 966 4295 Baronius
990 4240 1043 4293 in
1076 4237 1228 4295 Notis
1257 4238 1322 4293 ad
1347 4238 1621 4310 Martyrol.
1644 4238 1801 4293 Rom.

220 4336 321 4391 die
352 4336 420 4388 22
446 4334 644 4398 Martii,
672 4333 1101 4402 Epaphroditum
1130 4332 1444 4401 episcopum
1487 4330 1798 4385 Terracina:

1895 3163 1985 3217 per
2018 3146 2244 3200 Bassum
2269 3144 2644 3213 presbyterum
2675 3138 2874 3210 Lyciae,
2908 3153 2963 3208 p.
2985 3136 3110 3202 240,
3148 3150 3300 3189 num.
3357 3132 3465 3186 119

1894 3243 1946 3296 iu
2000 3240 2149 3295 calce
2187 3236 2508 3292 Crabbianaa
2543 3232 2851 3299 Editionis;
2903 3244 2973 3285 an
3016 3229 3106 3283 hic
3164 3226 3461 3282 translatus

1894 3331 2019 3385 inde
2052 3329 2122 3382 sit
2154 3325 2581 3394 Eudoxiaepolim
2603 3322 2769 3393 608
2797 3334 2905 3374 non
2942 3319 3179 3373 arbitror
3209 3318 3467 3386 indagan-

1894 3422 2061 3486 dum;
2089 3433 2209 3473 nam
2244 3416 2445 3472 diserte
2467 3413 2764 3469 translatus
2794 3410 3102 3480 abApamia
3120 3408 3463 3471 enuntiatur,

1895 3530 1995 3569 nec
2026 3528 2095 3567 an
2125 3514 2195 3568 sit
2237 3506 2590 3563 Antoniniani
2622 3503 2869 3574 opusculi
2898 3510 3097 3565 sector,
3130 3500 3273 3570 quod
3307 3499 3471 3569 prin-

1896 3606 2070 3675 cipem
2108 3603 2282 3664 decet,
2318 3614 2426 3654 non
2477 3597 2659 3651 minus
2721 3609 2883 3664 quam
2943 3591 3167 3662 Epicteti
3218 3589 3469 3643 Manuale

1897 3697 2090 3753 civem.
2122 3693 2275 3747 Nilus
2302 3691 2470 3746 abbas
2498 3687 2688 3745 scribit
2708 3685 3034 3751 Theosebio,
3064 3682 3225 3752 epist.
3249 3681 3337 3742 15,
3368 3681 3464 3733 lib.

1896 3803 1936 3841 ιι
1970 3787 2042 3840 De
2080 3784 2284 3839 duabus
2316 3782 2467 3836 olivis
2501 3780 2677 3833 aureis
2718 3777 2859 3845 apud
2924 3773 3245 3827 Zachariam
3272 3788 3318 3824 c.
3387 3785 3475 3833 tv,

1898 3893 2037 3948 quas
2084 3876 2318 3946 explicat
2349 3872 2691 3928 Christianos
2724 3885 2789 3923 ex
2825 3866 3064 3922 Hebraeis
3114 3872 3169 3918 et
3193 3861 3467 3934 gentibus.

1899 3968 2226 4024 Jamdudum
2252 3965 2502 4035 equidem
2542 3966 2758 4017 animus
2799 3968 2885 4016 est
2915 3971 3065 4012 meas
3105 3970 3171 4010 eo
3206 3955 3273 4007 de
3327 3969 3460 4020 opu-

1901 4062 2054 4119 sculo
2082 4070 2239 4115 notas
2276 4058 2565 4127 evulgare:
2595 4054 2791 4109 Suidas
2813 4049 3057 4106 meminit
3083 4048 3227 4102 illius
3255 4048 3309 4100 in
3336 4046 3471 4098 Επι-

1901 4172 2118 4227 κτητος,
2150 4164 2203 4208 et
2239 4151 2472 4206 Mericus
2499 4148 2858 4204 Casaubonus
2877 4151 3065 4198 narrat
3114 4141 3168 4195 itt
3204 4139 3346 4194 notis
3401 4138 3479 4192 ad

1903 4245 2166 4304 Antonini
2188 4244 2378 4299 libros.

1977 4336 2195 4407 Subieci
2250 4332 2627 4389 Narrationem
2673 4328 2925 4384 monachi
2957 4325 3195 4389 Pachon,
3226 4338 3347 4392 qua:
3369 4320 3479 4376 La-

221 4435 449 4490 cellsel;
485 4436 540 4480 al
567 4425 762 4479 Petrus
791 4425 856 4479 de
881 4421 1161 4478 Nalalibus
1191 4423 1286 4476 ιίΙ).
1318 4439 1389 4487 VI,
1424 4438 1473 4476 c.
1510 4423 1633 4481 100,
1693 4423 1803 4477 Ha-
1837 4418 1883 4475 1)
1910 4431 2023 4485 tine
2050 4429 2267 4500 quidem
2298 4441 2456 4481 versa
2487 4422 2589 4478 fuit
2618 4438 2649 4477 a
2678 4420 2947 4477 Gentiano
2973 4415 3207 4473 Herveto
3238 4430 3270 4468 e
3289 4413 3490 4467 Graeco

222 4521 388 4585 driae,
412 4519 526 4574 sive
553 4516 839 4571 Andriacze
878 4516 1134 4570 Ecclesiae
1175 4514 1488 4583 praefectum
1560 4522 1808 4568 autumat

224 4626 265 4664 ε
327 4607 596 4662 Dorotheo
625 4605 818 4659 abbate
852 4604 906 4657 in
937 4603 1158 4674 synopsi
1198 4603 1263 4655 de
1305 4600 1372 4654 72
1400 4601 1682 4670 disripttlis
1706 4601 1809 4652 Du-

226 4699 392 4755 mini.
426 4698 505 4753 Ad
533 4712 657 4752 eum
690 4711 795 4750 non
844 4696 1118 4765 pertinere
1139 4693 1462 4748 crediderim
1499 4694 1808 4765 inscriptio-

228 4807 385 4855 uem,
414 4806 505 4846 seu
529 4789 888 4861 epitaphium,
919 4786 1065 4857 quod
1109 4786 1165 4839 in
1199 4800 1324 4840 arca
1379 4802 1688 4842 marmorea
1725 4803 1811 4842 se-

226 4884 461 4956 pulcrali
492 4883 725 4938 incisum
756 4882 882 4953 legi,
914 4881 975 4935 Θ.
1003 4882 1073 4934 Κ.
1096 4881 1401 4933 ΑΥΡΗΛΙΩ
1436 4877 1812 4949 Ἐπαφροδίτῳ

232 4976 465 5047 Συμὸεῳ
490 4973 792 5034 ΑΝἸβΝῐΑ
822 4973 1054 5046 Βαλέρια
1074 4972 1259 5044 ἔθηκε.
1294 4970 1424 5024 Erat
1453 4971 1586 5024 illud
1638 4972 1692 5025 in
1724 4987 1813 5024 ar-

231 5070 610 5140 chiepiscOpio
640 5068 1013 5138 Lugdunensi,
1046 5077 1099 5122 et
1131 5065 1521 5137 inspiciebatur
1544 5063 1815 5133 insculpta

232 5167 407 5221 Ceres
431 5163 484 5216 in
523 5175 710 5227 curru,
750 5174 914 5230 quem
972 5159 1261 5213 trahebant
1313 5172 1540 5229 angues,
1597 5156 1815 5227 perqui-

233 5273 372 5315 rens
398 5256 563 5311 tiliam
584 5254 966 5324 Proserpinam
997 5267 1028 5306 a
1056 5250 1288 5307 Plutone
1334 5258 1569 5319 raptam.
1629 5248 1734 5303 Sed
1776 5250 1817 5303 ‘e

237 5349 441 5406 semita
488 5350 541 5402 in
572 5347 738 5402 viam.
776 5343 1062 5400 Contraxit
1118 5342 1345 5413 Epicteti
1410 5356 1550 5411 opus
1603 5349 1818 5395 vastum

244 5441 565 5511 Simplicius
592 5438 951 5511 philosophus
977 5435 1154 5492 hostis
1186 5432 1645 5498 Christianorum,
1676 5432 1822 5487 sicut

244 5535 461 5591 amicus
494 5533 646 5599 olim,
667 5530 982 5601 multiplicis
1046 5528 1134 5585 vir
1192 5526 1440 5583 lectionis
1488 5522 1823 5595 TheOphilus

244 5626 583 5699 ﬂaynaudus
612 5624 668 5680 in
701 5624 799 5680 lib.
826 5621 906 5679 De
945 5622 1079 5677 bono
1105 5619 1355 5691 regimine
1377 5617 1627 5681 adnotat,
1660 5617 1736 5672 ita
1762 5626 1824 5671 ut

248 5718 612 5776 Enchiridion
638 5716 819 5774 solum
858 5724 1007 5775 esset
1047 5713 1117 5772 ad
1160 5726 1405 5781 manum,
1476 5723 1575 5769 seu
1626 5708 1825 5781 Pycta-

1908 4535 2182 4585 sermone,
2218 4518 2564 4585 referturque
2596 4516 2650 4569 in
2703 4530 2752 4568 c.
2787 4512 2857 4567 29
2906 4508 3163 4562 Historia:
3200 4502 3490 4557 Lausiacar

1907 4612 2134 4666 Palladii
2184 4626 2213 4664 a
2248 4609 2314 4665 Β.
2340 4608 2399 4661 Ρ.
2448 4606 2773 4677 Rosweydo,
2828 4604 2923 4657 lib.
2981 4615 3073 4654 vm
3124 4596 3198 4650 De
3234 4594 3335 4649 Vit.
3366 4595 3485 4647 Pa-

1912 4719 2072 4771 trum,
2107 4704 2201 4774 qui
2229 4702 2455 4773 Evagrio
2488 4702 2662 4771 ipsam
2687 4698 2897 4763 tribuit,
2933 4694 3086 4763 cuius
3113 4706 3166 4750 et
3197 4694 3329 4749 alias
3357 4697 3474 4741 ten-

1910 4799 2145 4852 tationes
2175 4793 2338 4849 refert
2380 4809 2411 4846 e
2447 4807 2498 4846 c.
2521 4790 2591 4845 86
2641 4788 2890 4851 Palladii,
2931 4796 2986 4842 et
3017 4787 3072 4841 in
3102 4785 3268 4850 notis,
3326 4795 3479 4834 num.

1914 4889 1980 4942 70
2008 4898 2062 4943 et
2091 4887 2214 4951 155,
2240 4885 2333 4940 sed
2352 4893 2405 4939 et
2446 4884 2631 4939 Graece
2656 4882 2855 4937 ibidem
2889 4880 3106 4951 legitur,
3172 4892 3224 4931 c.
3283 4884 3491 4940 nempe

1913 4979 1982 5034 86
2038 4977 2337 5033 Lausiacaz.
2369 4974 2629 5041 Quamvis
2684 4971 2916 5027 luxuriae
2950 4969 3157 5025 crimen
3179 4966 3317 5020 adeo
3343 4976 3479 5017 con-

1913 5078 2156 5125 temnere
2187 5065 2436 5121 videatur
2470 5063 2777 5118 daemonum
2808 5059 3063 5130 princeps
3108 5054 3344 5117 Lucifer,
3375 5052 3485 5107 sic-

1916 5172 1979 5218 ut
2003 5161 2051 5216 ei
2080 5160 2247 5231 aliqui
2286 5159 2377 5213 alii
2432 5155 2659 5221 diaboli,
2718 5154 2848 5225 quia
2905 5164 3178 5206 memores
3245 5145 3493 5214 antiqua:

1917 5267 2030 5310 suae
2058 5248 2357 5306 nobilitatis
2383 5245 2515 5301 illud
2544 5244 2925 5314 dedignantur,
2955 5242 3068 5295 imo
3119 5252 3221 5293 nec
3276 5236 3487 5290 daemo-

1920 5357 2049 5397 num
2099 5338 2365 5411 princeps
2387 5336 2646 5405 dignatus
2673 5332 2751 5389 sit
2774 5331 2844 5387 de
2869 5330 2963 5384 illo
2989 5328 3268 5384 Christum
3300 5323 3493 5397 Domif

1921 5446 2051 5488 num
2077 5436 2288 5484 tentare
2312 5427 2370 5482 in
2414 5424 2655 5487 deserto.
2688 5420 3153 5492 quemadmodum
3186 5433 3254 5473 ex
3309 5417 3484 5485 magi-

1921 5524 2051 5580 stris
2084 5518 2271 5575 retulit
2307 5525 2533 5574 sanctus
2565 5514 2810 5569 Thomas
2861 5510 3134 5583 Aquinas,
3175 5506 3502 5578 Theologia.»

1923 5604 2757 5681 scholasticapraestanﬁssimus
2782 5602 3137 5667 architectus,
3158 5599 3253 5657 lib.
3272 5614 3329 5665 ν,
3348 5612 3397 5653 c.
3418 5596 3497 5651 2r

1931 5706 2003 5761 De
2030 5702 2327 5761 eruditione
2348 5697 2681 5770 principum)
2717 5694 2922 5754 conscii
2951 5702 3132 5751 tamen
3163 5687 3495 5765 perduellio-
