3808 6226
415 247 552 312 1335

1322 258 1470 317 JOS.
1511 259 1774 318 ΜΑΒΙίΕ
1811 258 2166 321 SUARESII
2207 262 2698 322 DISSERTATIO

3518 254 3647 318 1336

410 364 497 420 nis
553 364 734 420 cateri
779 366 1003 437 maligni
1055 368 1282 437 spiritus
1339 368 1490 438 ipsos
1536 373 1853 438 monachos,
1924 382 1975 425 et
2006 378 2048 432 Α
2082 374 2220 426 tibus
2257 375 2510 437 adnotat;
2537 384 2591 428 et
2626 376 2688 427 ad
2725 389 2919 428 manus
2962 370 3385 441 impositionem,
3433 379 3648 435 aposto-

410 463 789 529 anachoretas,
823 462 932 517 imo
958 479 1317 535 quoscunque
1373 466 1459 535 pie
1481 468 1693 522 vivendi
1757 472 1971 524 modum

407 564 694 619 capessere
744 563 963 619 norunt,
1000 570 1107 609 non
1134 557 1236 610 alia
1273 558 1444 625 magis
1493 557 1768 621 illecebra,
1812 576 1971 628 quam

407 638 776 708 impudicitia.
819 656 916 696 seu
952 642 1329 699 fornicationis
1355 646 1623 716 decipere,
1680 658 1845 718 atque
1906 651 1975 703 ab

407 728 657 784 instituto
688 740 929 788 avertere
958 742 1247 794 conantur,
1280 736 1646 791 meretricium
1696 738 1802 792 illis
1862 738 1976 793 bel—

406 817 518 873 lum
552 818 900 884 intentantes,
926 838 1026 877 nec
1058 838 1153 877 eos
1188 824 1554 891 solummodo,
1584 827 1676 898 qui
1699 829 1874 884 atatis
1920 831 1973 884 in

406 910 540 964 flore
587 913 835 981 corporis
880 914 1061 984 vigent
1091 916 1307 980 robore,
1341 932 1529 972 verum
1558 929 1612 974 et
1657 921 1811 974 senio
1842 936 1976 975 con-

406 1002 577 1057 fectos
612 1004 903 1060 identidem
936 1008 1343 1078 aggrediuntur.
1381 1008 1577 1064 Narrat
1617 1020 1837 1065 sanctus
1860 1011 1974 1064 Au-

405 1096 656 1163 gustinus
677 1098 744 1153 de
775 1099 994 1153 homine
1023 1106 1215 1170 agente
1249 1101 1521 1170 octoginta
1543 1110 1775 1171 quatuor
1801 1118 1973 1157 annos

403 1186 499 1254 qui
536 1188 787 1257 religiose
811 1206 935 1244 cum
978 1191 1208 1261 conjuge
1257 1192 1512 1261 religiosa
1546 1194 1756 1247 vixerat
1800 1209 1975 1249 annos

401 1278 493 1342 24,
527 1294 650 1334 eum
677 1281 874 1334 emisse
910 1282 977 1335 ad
1018 1282 1297 1339 libidinem
1333 1285 1433 1339 sibi
1511 1285 1824 1355 lyristriam,
1874 1285 1970 1338 lib.

410 1386 472 1425 ιιι
517 1371 778 1425 Adversus
811 1372 1111 1440 lulianum,
1160 1393 1214 1429 n.
1239 1376 1363 1431 561.
1392 1376 1538 1431 Adeo
1560 1378 1705 1430 nulla
1737 1386 1819 1431 est
1841 1385 1974 1431 atas

405 1462 665 1520 immunis
708 1466 775 1519 ab
800 1466 1009 1521 infestis
1037 1466 1344 1522 daemonum
1374 1468 1517 1522 circa
1552 1468 1819 1521 luxuriam
1886 1469 1970 1520 in-

404 1556 578 1620 sidiis,
620 1572 759 1626 quas
791 1558 864 1612 illi
900 1568 1050 1613 tanto
1081 1569 1309 1614 struunt
1338 1560 1617 1615 molimine
1648 1561 1781 1614 viris
1814 1560 1973 1612 undi-

402 1664 507 1717 que
531 1652 800 1719 pracipue
825 1651 1112 1721 religiosis.
1147 1652 1221 1706 De
1247 1652 1429 1706 divina
1459 1651 1822 1717 Providentia,
1853 1666 1973 1721 qua

403 1741 596 1794 cedere
622 1740 837 1795 videtur
871 1742 924 1795 in
953 1742 1097 1797 lucta
1131 1753 1318 1799 contra
1382 1743 1672 1805 Venerem,
1728 1753 1781 1798 et
1839 1760 1967 1812 per-

405 1831 569 1885 mittit
601 1832 876 1887 hominem
904 1833 1241 1903 spiritualem
1266 1850 1327 1890 ea
1373 1835 1588 1901 foedari,
1621 1844 1681 1889 ut
1711 1845 1971 1905 agnoscat

402 1918 660 1973 vilitatem
705 1936 856 1974 suam
883 1961 897 1985 ,
956 1920 1263 1978 Diadocbus
1293 1925 1584 1994 episcopus
1614 1924 1868 1980 Plrotices
1910 1926 1967 1980 in

405 2006 567 2075 Epiro
597 2018 776 2065 vetere
829 2009 1027 2079 Illyrici
1060 2028 1180 2083 cap.
1211 2012 1279 2067 99
1313 2013 1635 2069 Sermonum
1675 2014 1851 2071 fusius
1871 2031 1968 2069 ex-

402 2114 630 2168 ponens.
672 2099 1039 2166 Quamobrem
1066 2112 1121 2158 et
1166 2109 1323 2158 istam
1354 2106 1725 2161 narrationem
1773 2124 1966 2161 mona-

399 2190 487 2244 chi
518 2189 735 2245 Pachon
766 2192 946 2247 denuo
982 2194 1221 2249 inserere
1272 2211 1380 2249 non
1435 2196 1701 2260 dubitavi,
1764 2213 1795 2251 e
1858 2214 1966 2267 qua

400 2283 558 2351 plane
577 2284 744 2353 liquet
764 2285 917 2355 alapa
932 2284 1105 2357 fugari
1125 2288 1450 2352 damonem,
1469 2298 1527 2342 ut
1543 2290 1683 2359 apud
1714 2300 1965 2344 sanctum

399 2371 714 2442 Gregorium
751 2374 1003 2447 Magnum
1035 2377 1089 2431 in
1118 2376 1327 2447 Dialog.
1370 2379 1406 2433 l.
1444 2394 1502 2442 ιι,
1536 2395 1585 2434 c.
1608 2379 1697 2444 50,
1739 2381 1968 2436 traditur

397 2465 463 2518 de
490 2473 680 2521 sancto
713 2467 1039 2535 Benedicto;
1078 2479 1132 2525 et
1180 2471 1328 2536 inde,
1392 2485 1516 2525 cum
1566 2485 1965 2528 sacramentum

399 2556 828 2615 confirmationis
856 2560 1295 2626 administratur,
1325 2562 1465 2616 solet
1512 2564 1805 2633 episcopus
1847 2565 1967 2617 ala-

398 2662 523 2716 pam
554 2649 853 2718 obsignatis
881 2650 1144 2721 infligere,
1165 2652 1323 2721 quasi
1347 2651 1651 2707 damonem
1678 2655 1966 2707 infirmita-

401 2740 470 2794 tis
527 2741 581 2794 in
629 2741 736 2796 fide
768 2750 931 2811 atque
980 2742 1451 2813 pusillanimitatis
1506 2745 1808 2816 expellens.
1862 2745 1968 2800 Ca-

396 2832 741 2903 vendumque
795 2848 1010 2904 semper
1053 2843 1139 2890 est
1197 2836 1550 2893 atentatione
1619 2838 1969 2908 impudicitia

397 2933 878 2994 quantumcunque
898 2924 1087 2980 affecta
1120 2926 1294 2983 simus
1324 2936 1499 2992 atate,
1530 2930 1826 2999 tardusque
1848 2945 1969 2985 san-

398 3014 520 3084 guis
559 3012 832 3079 hebescat,
866 3022 922 3068 et
948 3013 1179 3084 lrigeant
1206 3014 1348 3070 vires
1407 3015 1566 3070 elIeto
1629 3016 1684 3069 in
1715 3030 1962 3086 corpore.

400 3102 631 3159 Ursinus
659 3106 944 3176 presbyter
992 3106 1046 3159 in
1101 3106 1340 3161 Ecclesia
1400 3105 1611 3161 Nursia
1662 3106 1966 3173 ordinatus,

397 3212 522 3250 cum
554 3196 770 3266 longam
797 3198 919 3253 vita
941 3197 1221 3267 implesset
1247 3205 1482 3262 aetatem,
1516 3198 1744 3268 jamque
1802 3200 1970 3254 mori-

397 3283 863 3356 bundusjaceret,
899 3287 1103 3357 conjux
1145 3288 1264 3359 ejus
1298 3288 1645 3358 Presbytera,
1687 3305 1853 3359 quam
1911 3300 1972 3345 ut

397 3388 640 3431 sororem
667 3377 927 3448 diligebat
957 3380 1149 3448 procul
1204 3395 1235 3434 a
1265 3395 1324 3435 se
1382 3388 1671 3443 remotam,
1743 3396 1973 3451 quaque

398 3485 675 3540 nunquam
739 3471 806 3527 ad
866 3486 991 3525 eum
1056 3480 1362 3526 accesserat
1409 3471 1575 3542 609
1628 3471 1843 3537 exinde,
1876 3488 1970 3526 ve-

398 3559 499 3621 nit,
594 3568 649 3614 et
769 3560 1040 3615 resolutos
1122 3568 1275 3616 artus
1373 3562 1662 3631 aspiciens,
1744 3562 1973 3631 ipsoque

398 3650 759 3717 conclamato,
806 3652 1058 3721 apposuit
1112 3667 1301 3708 aurem
1344 3652 1413 3705 ad
1462 3654 1970 3722 nares,exploratu—

399 3759 457 3798 ra
475 3743 637 3803 vitale
654 3743 925 3811 spiramen
944 3758 1011 3797 an
1025 3741 1444 3809 adhucinesset;
1468 3751 1581 3797 tum
1607 3743 1695 3799 ille
1715 3744 1971 3811 colligens

398 3850 610 3899 vocem,
641 3834 1046 3904 fugientemque
1063 3835 1223 3889 veluti
1246 3850 1505 3891 revocans
1532 3835 1766 3889 animam
1790 3836 1971 3889 excla-

398 3926 567 3981 mavit
601 3924 856 3981 :Recede
880 3942 911 3980 εί
945 3941 1051 3990 me,
1084 3926 1298 3992 mulier,
1333 3927 1633 3981 etiamnum
1668 3928 1801 3981 vivit
1830 3927 1967 3998 igni-

398 4017 575 4071 culus.
638 4015 823 4071 Refert
889 4016 1005 4071 hac
1041 4017 1272 4085 ipsemet
1309 4028 1532 4073 sanctus
1577 4018 1740 4087 Greg.
1783 4019 1875 4073 lib.
1916 4035 1968 4072 ιν

401 4106 752 4177 Dialogorum
784 4124 904 4177 cap.
942 4108 1253 4165 undecimo.
1299 4109 1643 4179 Agnoscebat
1694 4111 1967 4180 capularis

397 4213 562 4253 senex
610 4199 809 4253 veteris
855 4199 1089 4254 ﬂamma
1137 4200 1358 4269 vestigia
1420 4201 1474 4254 in
1526 4201 1874 4255 semimortua
1917 4210 1969 4253 et

397 4290 646 4346 funerata
692 4306 879 4346 carne.
919 4290 1169 4360 Episcopi
1209 4300 1386 4346 autem
1435 4292 1727 4360 colaphum
1770 4292 1968 4361 impin-

2077 468 2255 521 lorum
2281 484 2432 522 more
2474 469 2858 531 revocandam,
2899 467 3037 520 sicut
3076 464 3131 516 in
3180 461 3331 515 nevis
3362 458 3645 519 militibus.

2076 558 2364 613 Duraudus
2412 559 2523 613 lieri
2563 559 2786 613 solitum
2829 566 2891 612 ut
2926 555 3299 625 percutiuntur
3338 549 3554 619 prodit,
3602 559 3652 601 et

2076 647 2129 700 in
2170 650 2342 702 servis
2378 649 2471 717 qui
2508 648 2985 702 manumittuntur.
3028 646 3163 698 Hinc
3195 641 3457 711 :pulsata
3485 640 3652 709 fronte

2075 738 2287 793 recedit.
2340 738 2444 793 Et:
2490 737 2557 792 In
2602 741 2765 794 civem
2807 740 3026 792 rubuere
3066 752 3230 806 genua,
3283 734 3437 789 canit
3495 734 3653 787 Clau-

2074 830 2271 885 dianus
2303 830 2374 884 De
2408 831 2694 886 consulatu
2733 841 2925 899 quarto
2948 828 3171 883 Honorii
3195 844 3209 892 ;
3233 842 3357 881 nam
3381 826 3653 879 videban-

2074 928 2166 975 tur
2204 923 2439 985 asserti,
2501 922 2592 992 qui
2653 923 3151 983 conlirmabantur,
3204 920 3258 973 in
3316 918 3649 972 libertatem.

2076 1010 2392 1067 Vieecomes
2413 1013 2608 1067 ibidem
2623 1014 2807 1067 laudat
2827 1022 3070 1066 sanctum
3091 1010 3343 1064 Basilium
3364 1008 3651 1062 Exhortat.

2074 1106 2142 1156 ad
2162 1103 2420 1171 Baptism.
2441 1124 2460 1155 ι
2479 1106 2610 1173 quin
2630 1106 2841 1174 alapam
2870 1119 3085 1173 quoque
3109 1103 3321 1172 plagam
3346 1110 3655 1153 extremam

2076 1210 2360 1249 servorum
2385 1210 2481 1264 pro
2500 1197 2823 1251 liberatione
2842 1195 3023 1249 omnis
3046 1194 3097 1247 in
3118 1192 3360 1246 futurum
3388 1192 3651 1253 infamia,

2074 1301 2137 1340 ac
2169 1285 2351 1355 probri
2376 1286 2605 1342 libenter
2627 1286 2905 1342 sustines?
2940 1306 2958 1338 ι
2999 1293 3145 1339 certe
3171 1284 3430 1338 Christus
3470 1281 3651 1334 Domi-

2075 1392 2178 1431 nus
2212 1377 2383 1445 alapis
2405 1392 2576 1431 casus
2610 1377 2712 1431 fuit
2746 1394 2762 1443 ;
2791 1385 2847 1431 et
2880 1384 3101 1431 sanctus
3130 1374 3330 1427 Paulus
3385 1372 3583 1427 scribit
3611 1367 3651 1421 Il

2075 1465 2199 1522 Cor.
2236 1482 2266 1521 c
2306 1484 2363 1529 ιι,
2405 1484 2457 1521 v.
2486 1468 2556 1519 20
2588 1486 2600 1522 :
2636 1466 2938 1530 Sustinetis,
2985 1468 3032 1519 si
3064 1470 3179 1534 quis
3212 1467 3266 1517 in
3299 1464 3505 1532 faciem
3562 1481 3647 1518 ros

2082 1556 2272 1621 credit;
2305 1556 2373 1608 de
2408 1555 2580 1610 servis
2618 1555 2993 1619 manumissis,
3039 1556 3133 1622 qui
3170 1553 3416 1621 percussi
3458 1553 3648 1621 alapis,

2074 1647 2263 1702 Isidor.
2300 1647 2575 1717 Ilispalen.
2612 1649 2648 1700 l.
2683 1647 2750 1701 IX
2776 1647 3031 1718 Etymol.,
3065 1662 3116 1701 c.
3140 1645 3218 1699 De
3248 1646 3471 1699 civibus.
3517 1643 3647 1699 Boe-

2078 1742 2185 1794 tius
2222 1741 2278 1793 in
2314 1739 2490 1807 Topic.
2537 1739 2781 1793 Valerius
2826 1739 2987 1794 Prob.
3026 1738 3104 1792 De
3142 1738 3298 1791 notis.
3353 1737 3553 1791 Donat.
3591 1736 3643 1788 in

2076 1831 2300 1899 Adelph.
2325 1841 2377 1885 et
2407 1830 2889 1899 Hcrmogenianus.
2922 1828 3275 1897 Rhapismata
3305 1825 3646 1880 Justinianus

2074 1921 2304 1990 appellat
2338 1921 2617 1990 colaphos,
2664 1920 2864 1989 quibus
2923 1920 3079 1973 liberi
3110 1918 3269 1979 cadi,
3305 1933 3436 1971 cum
3464 1932 3647 1969 eman-

2074 2012 2407 2079 ciparentur,
2439 2017 2861 2073 consueverunt,
2889 2009 2922 2063 l.
2949 2009 3046 2063 ult.
3077 2025 3103 2061 c
3128 2049 3140 2060 .
3170 2009 3233 2060 de
3268 2007 3646 2075 entancipatia-

2080 2101 2257 2165 nibus,
2314 2110 2363 2153 et
2408 2100 2616 2153 novella
2664 2098 2754 2153 82.
2800 2098 3043 2167 Opinor,
3092 2096 3238 2166 quod
3288 2096 3648 2150 abdicationis

2073 2207 2242 2261 genus
2254 2191 2521 2261 quoddam
2539 2205 2660 2247 esse
2676 2190 2977 2245 videbatur.
3002 2188 3277 2244 Cornutus
3303 2194 3358 2241 in
3378 2187 3644 2253 Persium,

2072 2297 2260 2337 servos
2301 2283 2486 2345 tradit,
2522 2282 2742 2352 quando
2776 2282 3310 2344 manumitterentur,
3352 2279 3494 2334 cadi
3534 2296 3645 2349 per-

2072 2375 2292 2443 cutique
2322 2373 2510 2427 solitos
2528 2372 2707 2442 alapa,
2741 2382 2796 2426 et
2822 2371 3143 2441 circumagi,
3175 2381 3338 2439 atque
3357 2370 3645 2424 conﬁrma-

2072 2466 2271 2519 bantur
2319 2465 2389 2518 ita
2438 2463 2614 2518 liberi.
2664 2466 3007 2518 Hotomanus
3059 2463 3115 2515 in
3175 2460 3541 2515 Commentar-
3585 2462 3643 2514 de

2074 2556 2215 2610 verb.
2245 2556 2475 2625 signi/ie.
2501 2554 2819 2621 Balduinus,
2860 2556 2917 2608 in
2963 2553 3271 2608 Iustiniano
3299 2563 3459 2622 putat
3490 2553 3645 2622 ῥαπί-

2073 2665 2258 2719 σματα
2282 2648 2386 2702 ista
2410 2647 2579 2701 fuisse
2597 2647 2736 2701 ictus
2769 2646 3020 2701 vindicta
3066 2660 3165 2700 seu
3200 2645 3429 2714 virgula
3456 2655 3641 2713 prato-

2070 2739 2195 2801 ria;
2216 2753 2338 2792 nam
2358 2736 2607 2807 ῥαπίζειν
2627 2736 2894 2806 significat
2913 2745 2965 2790 et
2979 2735 3270 2806 ῥαϐδίζειν.
3285 2737 3479 2804 Cujac.
3496 2735 3582 2787 li).
3604 2732 3641 2787 ιτ

2076 2828 2352 2884 Observat.
2378 2828 2499 2883 Jur.
2529 2844 2580 2883 c.
2618 2828 2706 2882 15.
2735 2827 3128 2891 Gothofredus,
3164 2828 3229 2881 ad
3259 2828 3313 2880 d.
3344 2825 3637 2885 Novellam.

2071 2938 2194 2992 qua
2227 2921 2528 2976 Authcntic.
2564 2919 2748 2975 collat.
2781 2918 2836 2982 6,
2860 2922 2943 2973 tit.
2976 2919 3029 2984 9,
3064 2918 3409 2982 inscribitur,
3441 2914 3641 2971 Consti-

2074 3015 2227 3078 tutio,
2259 3029 2375 3082 qua:
2395 3011 2764 3081 dignitatibus,
2791 3020 2840 3064 et
2871 3011 3173 3078 episcopatu
3198 3008 3391 3061 liberat
3423 3026 3455 3061 a
3477 3010 3637 3077 patria

2071 3114 2326 3175 potestate
2358 3104 2409 3157 in
2442 3120 2495 3157 ν.
2539 3104 2731 3173 alapis,
2765 3103 2857 3158 ubi
2886 3103 3322 3172 Glossoyaphus
3355 3111 3637 3157 consuetu-

2071 3199 2254 3254 dinem
2304 3198 2462 3252 istam
2498 3196 2779 3266 alaparum
2812 3196 2864 3249 in
2901 3196 3318 3262 desponsatione
3358 3193 3632 3247 mulierum

2072 3288 2276 3343 servari
2298 3287 2555 3341 Bononia
2583 3287 2831 3341 alIirmat.
2866 3283 3261 3350 Tertullianus,
3294 3283 3370 3337 De
3390 3293 3635 3352 spectacu-

2070 3378 2160 3443 lis,
2191 3379 2472 3447 alaparum
2532 3377 2894 3431 contumelias
2932 3376 3091 3439 dixit,
3125 3376 3326 3444 quibus
3362 3374 3633 3429 utebantur

2072 3471 2127 3525 in
2166 3470 2619 3535 manumissione,
2655 3470 2798 3524 unde
2819 3469 3158 3523 Claudianus
3187 3469 3375 3523 felices
3425 3466 3631 3537 injurias

2072 3565 2330 3634 appellat,
2376 3562 2606 3618 Vossius
2649 3564 2705 3617 in
2746 3563 2977 3632 colapho
3012 3561 3249 3633 Etymol.
3283 3561 3526 3615 Glossar.
3553 3557 3627 3611 ln-

2070 3656 2265 3725 scripsi
2297 3646 2463 3728 610
2494 3655 2864 3710 narrationem
2901 3655 3064 3709 istam
3112 3654 3364 3707 monachi
3389 3654 3628 3707 Pachon:

2068 3749 2334 3817 Διήγησις
2383 3746 2479 3799 τοῦ
2526 3747 2683 3816 ἁγίου
2732 3745 2929 3798 Νείλου
2983 3745 3113 3816 περὶ
3170 3744 3369 3813 Πάχων
3417 3744 3631 3811 πολέμοιο

2069 3838 2323 3909 πορνικὸν
2356 3838 2655 3908 πάσχοντος
2683 3838 2775 3890 καὶ
2801 3836 3081 3896 νικῶντος.
3114 3835 3335 3905 Ἐτεροι
3370 3835 3428 3887 δὲ
3470 3834 3630 3898 λέγου-

2071 3946 2153 3985 σιν
2203 3926 2342 3982 εἶναι
2391 3928 2486 3982 τοῦ
2528 3928 2833 3998 Εὑαγρίου,
2880 3927 3084 3996 ὁμοίως
3140 3927 3198 3979 δὲ
3240 3930 3271 3979 ὁ
3320 3927 3439 3994 μετ’
3480 3923 3628 3992 αὐτὴν

2070 4019 2410 4086 Δογματικὸς
2442 4018 2620 4085 λόγος.
2666 4016 2926 4070 Narratio
2956 4018 3127 4069 sancti
3170 4014 3289 4068 Nili
3334 4017 3400 4068 de
3439 4014 3625 4069 Padum

2068 4112 2298 4177 patiente
2344 4109 2538 4162 bellum
2583 4109 2959 4173 meretricium,
3000 4118 3047 4161 et
3083 4109 3337 4161 rincente.
3388 4107 3495 4160 Alii
3526 4120 3626 4158 vero

2067 4203 2250 4254 dicunt
2281 4199 2498 4270 Evagrii
2541 4216 2673 4262 esse.
2723 4210 2784 4253 ut
2827 4201 3028 4269 pariter
3055 4211 3105 4254 ct
3141 4201 3229 4263 qui
3257 4210 3376 4268 post
3428 4215 3531 4253 eam
3560 4213 3626 4249 se-

2067 4294 2250 4363 quitur
2306 4308 2478 4346 sermo
2510 4289 2854 4360 Dogmaticus
2886 4309 2904 4345 :
2936 4301 3050 4345 erat
3082 4292 3135 4345 in
3167 4307 3271 4345 ms.
3298 4291 3494 4344 Codice
3519 4291 3625 4341 titu-

397 4386 534 4447 gunt
562 4378 899 4434 conﬁrmatis
947 4389 1059 4433 tum
1097 4381 1463 4450 suprascripta
1497 4380 1565 4436 de
1610 4397 1799 4446 causa,
1852 4393 1962 4436 tum
2001 4402 2040 4453 ῃ
2072 4383 2154 4436 lus
2176 4382 2271 4435 τοῦ
2301 4382 2461 4450 ἁγίου
2492 4382 2722 4452 Evagrio
2754 4382 3085 4451 adscriptus,
3113 4395 3273 4449 quem
3320 4380 3508 4443 delevi,
3543 4392 3624 4430 no-

396 4470 561 4523 etiam
594 4479 654 4523 ut
682 4480 1020 4537 assuescant,
1054 4472 1148 4538 qui
1172 4482 1573 4527 sacramentum
1612 4475 1754 4528 istud
1789 4475 1963 4529 susci-

397 4562 570 4631 piunt,
604 4562 796 4630 alapis,
825 4570 879 4617 et
917 4565 1224 4629 tormentis,
1255 4579 1375 4631 qua
1402 4569 1615 4635 tyranni
1668 4582 1967 4622 consueve-

400 4660 525 4705 rant
548 4650 825 4706 Christum
871 4656 1256 4710 conlitentibus
1295 4656 1514 4722 inferre,
1562 4675 1695 4713 neve
1734 4661 1967 4729 ignomi-

397 4745 507 4805 nia,
545 4760 649 4812 qua
680 4746 1006 4801 notabantur
1034 4748 1102 4801 ab
1143 4747 1407 4813 Ethnicis,
1452 4751 1854 4815 erubescerent,
1888 4754 1965 4807 uti

396 4834 566 4889 refert
619 4836 912 4906 episcopus
957 4837 1234 4894 Mimaten.
1285 4840 1604 4896 Guillelmus
1655 4842 1963 4909 Durandus,

398 4925 494 4980 lib.
546 4941 601 4979 vt
652 4925 951 4987 Rationalis
997 4929 1223 4984 divinor.
1256 4932 1470 5000 afﬁcior.
1500 4933 1541 5000 f.
1592 4932 1718 4999 206,
1772 4935 1879 4990 col.
1925 4951 1964 4988 ι.

397 5015 560 5071 Card.
592 5016 844 5075 Bellarm.
876 5028 1009 5077 tom.
1042 5036 1080 5076 ιι
1111 5034 1318 5076 contra.
1359 5026 1396 5077 l.
1436 5042 1495 5088 ιι,
1525 5042 1572 5079 c.
1602 5025 1654 5089 5,
1703 5026 1776 5079 ait
1802 5042 1967 5096 quar-

397 5118 508 5163 tam
528 5111 905 5165 caremoniam
930 5112 983 5165 in
1006 5114 1434 5170 confirmationis
1456 5124 1798 5171 sacramento
1823 5132 1965 5181 esse,

398 5188 469 5279 ut
490 5203 870 5257 conﬁrmatum
901 5203 1188 5273 episcopus
1225 5222 1387 5261 manu
1412 5207 1602 5262 leviter
1637 5209 1829 5273 cadat,
1859 5224 1969 5279 quo

402 5271 669 5361 intelligat
720 5309 779 5348 se
843 5271 1033 5349 contra
1081 5271 1433 5363 ignominiam
1491 5307 1545 5352 et
1584 5271 1819 5354 verbera?
1869 5271 1969 5369 pro

397 5384 616 5439 Christo
669 5384 891 5443 ferenda
927 5387 1197 5455 pracipue
1226 5399 1493 5445 armatum
1542 5391 1819 5459 patientia.
1854 5393 1965 5445 Atl-

400 5474 478 5526 dit
516 5474 821 5539 Durandus,
855 5479 1132 5533 memoria
1159 5479 1209 5532 id
1257 5496 1420 5535 causa
1452 5480 1586 5545 fieri,
1624 5491 1683 5536 ut
1716 5484 1969 5553 obsigntv

401 5569 489 5616 tus
518 5564 852 5631 recordetur,
901 5582 1035 5621 neve
1061 5568 1261 5623 oblivio
1304 5571 1652 5638 subreperet;
1685 5574 1829 5640 quod
1883 5573 1969 5625 Vi-

404 5666 668 5719 cccomes,
697 5657 788 5717 lib.
816 5674 875 5723 ιι,
908 5676 954 5716 c.
982 5659 1047 5719 12
1080 5660 1157 5714 De
1188 5662 1368 5731 Antiq.
1400 5664 1830 5720 Con‘irmatiouis
1867 5666 1969 5720 Ri.

2071 4483 2263 4543 tasque
2302 4474 2668 4529 consulendus
2703 4473 2962 4527 admonui
3000 4492 3013 4527 :
3046 4474 3232 4541 incipit
3281 4473 3497 4540 Σιυέϐη,
3529 4469 3623 4521 Τοη

2067 4584 2157 4619 mo
2201 4566 2241 4619 II
2274 4566 2611 4619 Bibliothech
2645 4565 2868 4621 Patrum
2901 4564 3347 4630 Graec-Latium,
3389 4582 3440 4629 ρ.
3486 4562 3619 4616 1010.

2070 4661 2351 4715 Habentur
2390 4661 2504 4713 haec
2541 4661 2704 4713 etiam
2750 4660 2932 4714 omnia
2965 4660 3151 4713 Graece
3185 4674 3305 4726 cap.
3344 4660 3518 4711 itidem
3544 4654 3619 4715 86,

2072 4754 2163 4807 ubi
2198 4753 2414 4822 Evagrii
2476 4753 2821 4822 Origenista,
2870 4754 3029 4807 istius
3070 4753 3297 4813 scilicet,
3336 4768 3514 4821 opera,
3540 4765 3617 4801 seu

2068 4844 2290 4899 Librum
2330 4856 2548 4899 exstare
2593 4846 2890 4899 adnotatur
2927 4846 3022 4899 Iil).
3055 4862 3108 4908 v,
3145 4856 3200 4899 et
3223 4846 3507 4899 laudantur
3543 4840 3619 4892 So-

2067 4948 2243 4994 crates
2272 4938 2367 4992 lib.
2399 4954 2452 4991 rv
2476 4935 2619 4992 Hist.
2660 4954 2709 4993 c.
2743 4938 2829 5000 18,
2868 4938 3160 4994 Sozomen.
3182 4939 3275 4992 lib.
3306 4955 3380 5004 vr,
3403 4955 3451 4991 c.
3474 4934 3550 4995 50,
3574 4942 3615 4984 et

2066 5031 2407 5099 Nicephorus
2431 5030 2641 5085 Callisti
2661 5031 2839 5091 lib.xr.
2869 5047 2919 5085 c.
2939 5031 3027 5086 49..
3052 5030 3241 5100 Incipit
3262 5033 3427 5085 etiam
3454 5030 3617 5097 Πάκων

2068 5141 2151 5185 τις
2180 5122 2404 5191 ὀνόματι
2434 5123 2563 5191 περὶ
2594 5123 2661 5175 τὰ
2689 5122 3057 5192 ἑϐδομήκοντα
3090 5123 3289 5187 ἐλάσας
3332 5125 3426 5192 ἐτη
3451 5117 3613 5173 ἐκαθέ-

2069 5214 2193 5278 ζετο
2225 5216 2283 5265 ὲν
2310 5215 2526 5283 Σκήτει,
2558 5223 2613 5268 et
2637 5215 2837 5268 desinit
2865 5215 2966 5266 οὐκ
2992 5216 3074 5266 ἔτι
3105 5216 3356 5286 ἤγγισεν.
3403 5214 3515 5268 Hac
3536 5224 3614 5262 ια’

2073 5315 2179 5357 teni
2208 5303 2446 5357 Historia
2473 5303 2739 5358 Lausiaca
2771 5320 2800 5357 a
2825 5304 3068 5359 Palladio
3110 5306 3301 5360 Galata
3349 5305 3609 5367 Helenopo-

2070 5398 2240 5450 litano
2275 5395 2489 5461 (civitas
2539 5411 2663 5450 esse
2701 5394 2969 5466 Bithynia
3012 5397 3233 5463 dicitur)
3273 5397 3516 5463 episcopo
3557 5388 3607 5441 ad

2013 5553 2018 5560 ι
2071 5490 2310 5543 Lausum
2338 5490 2687 5557 praepositum
2722 5491 2923 5559 scripta
2963 5501 3069 5554 est,
3095 5490 3186 5558 qui
3224 5489 3487 5543 Palladius
3508 5499 3609 5538 cote

2072 5580 2358 5634 suetudine
2379 5580 2731 5648 suprascripti
2764 5579 2998 5649 Evagrii,
3026 5595 3185 5649 quem
3214 5580 3419 5632 adierat
3440 5579 3487 5629 in
3508 5587 3605 5627 em-

2072 5687 2182 5739 mo,
2219 5670 2469 5742 Origenis
2507 5671 2743 5728 infectus
2780 5671 3081 5736 erroribus,
3128 5667 3316 5729 Nitriae
3354 5667 3605 5738 triennium
