3808 6226
114 289 247 358 133³7

1314 305 1410 365 DE
1450 306 1844 370 OPERIBUS
1885 312 1944 372 S.
1988 314 2166 377 NILI.

3237 327 3374 395 1338

109 404 242 472 egit,
286 404 410 457 inde
457 403 802 459 Palaestinam
863 406 1139 475 profectus
1186 408 1410 468 Paulam
1466 418 1691 471 illismet
1725 431 1763 481 Α
1799 422 2018 487 tiarum,
2075 435 2293 479 centum
2335 429 2388 481 in
2436 431 2669 500 capitula
2716 433 2984 502 digestum
3029 437 3374 494 anachoretis

113 511 458 564 corrumpere
494 496 694 550 frustra
734 510 985 560 conatus,
1032 502 1306 558 obnitente
1335 518 1526 562 sancto
1558 508 1688 560 Hir-

114 603 365 658 ronymo,
418 588 723 658 Bithyniam
761 593 913 655 adiit,
940 609 1107 662 seque
1153 596 1450 651 insinuavit
1493 608 1687 653 sanrto

111 679 305 733 Joanni
342 680 755 749 Chrysostomo,
789 699 819 736 a
856 700 965 752 quo
1011 700 1152 740 anno
1192 688 1392 744 Christi
1429 692 1555 755 400,
1588 696 1688 752 dr-

113 771 342 823 stinatus
384 769 450 822 ad
482 772 748 840 synodum
796 772 1448 846 Constantinopolitanam
1478 782 1546 834 ‘22
1570 786 1687 853 epi—

112 876 423 928 scOporum,
448 872 502 915 et
535 862 656 916 inde
688 863 916 919 Romam
949 869 1015 919 ad
1043 866 1412 924 Innocentium
1441 874 1681 942 primum

113 970 327 1023 papam,
356 969 466 1022 quo
501 954 712 1007 videtur
744 971 840 1024 pro
858 956 1073 1025 Pelagio
1106 962 1333 1016 rediisse
1365 980 1508 1017 anno
1536 968 1675 1033 417;

110 1047 167 1097 in
195 1044 434 1098 Siciliam
469 1045 671 1099 dicitur
711 1055 866 1100 antea
916 1050 1132 1104 venisse
1164 1067 1289 1105 cum
1324 1052 1550 1109 Melania
1587 1073 1676 1111 se-

108 1138 281 1199 niore,
314 1148 476 1203 atque
509 1136 654 1191 illius
692 1137 1005 1200 comitibus,
1036 1153 1180 1192 anno
1207 1140 1329 1205 408,
1372 1158 1494 1210 quae
1534 1160 1678 1199 anno

105 1230 213 1282 372
265 1228 559 1299 Egyptum
630 1230 844 1284 adierat
898 1246 1021 1284 cum
1090 1231 1304 1286 Rullino
1350 1233 1674 1289 Monachum

104 1323 355 1390 professo
389 1343 401 1375 :
433 1322 1032 1392 llierOsolymisdeinde
1062 1341 1185 1378 cum
1225 1327 1416 1380 eodem
1451 1344 1479 1381 a
1516 1330 1676 1398 Didy-

104 1431 194 1469 mo
218 1431 359 1469 caeco
384 1430 598 1469 errores
623 1416 875 1469 hauserat
911 1415 1180 1485 Origenis,
1210 1434 1349 1486 quos
1378 1436 1520 1473 anno
1572 1420 1677 1474 597

102 1506 328 1559 Romam
390 1506 636 1569 tendens,
693 1523 949 1576 spargere
1000 1510 1257 1574 tentavit;
1304 1511 1447 1565 unde
1492 1511 1675 1565 Palla-

100 1598 251 1651 dium
274 1606 431 1650 vocat
460 1597 811 1651 mulierosum
850 1599 1090 1653 Isidorus
1119 1600 1393 1655 Pelusiota
1414 1603 1674 1671 epist.281

101 1690 195 1743 lib.
235 1706 291 1742 ιι.
312 1688 419 1743 Iste
447 1697 627 1742 autem
659 1689 933 1745 Palladius
966 1692 1166 1760 passim
1198 1696 1353 1749 audit
1384 1696 1527 1765 apud
1568 1696 1669 1751 SS.

101 1782 493 1851 Hieronymum
521 1822 535 1846 ,
587 1789 641 1836 et
681 1781 1064 1851 Epiphanium,
1106 1787 1445 1855 Origenista,
1501 1797 1555 1843 et
1605 1791 1671 1845 ad

1776 1814 1833 1865 δὲ
1864 1814 2034 1866 εἴκοσι
2063 1815 2226 1871 ὀκτώ.
2268 1816 2324 1870 Id

97 1889 259 1942 quem
303 1882 519 1928 exstant
561 1876 733 1928 sancti
780 1874 883 1927 Nili
932 1878 1172 1944 epistola:
1211 1879 1333 1934 dua:
1381 1882 1446 1935 ad
1487 1881 1675 1935 Mona-

95 1967 283 2029 chum,
320 1982 514 2035 nempe
548 1967 669 2031 155,
703 1968 795 2021 lib.
833 1985 894 2030 ιι,
930 1968 1091 2022 Allat.
1125 1971 1178 2023 in
1209 1986 1316 2039 qua
1365 1988 1489 2027 eum
1523 1990 1674 2028 com-

93 2070 245 2127 parat
281 2057 530 2113 Jonatlue
558 2061 865 2129 degustanti
899 2064 1001 2115 mel
1032 2065 1333 2132 spirituale,
1367 2075 1418 2120 et
1453 2067 1673 2129 τελείως

93 2151 527 2221 κεκαθάρμενον,
547 2153 599 2211 id
624 2155 973 2223 est,perlecte
1006 2168 1293 2226 purgatum
1325 2161 1419 2212 ait.
1457 2158 1513 2213 In
1542 2161 1671 2224 alia,

92 2246 300 2298 Srilicet
346 2246 468 2309 1311,
502 2246 733 2298 allirmat
780 2262 903 2299 eum
947 2246 1237 2319 ἀναζητεῖν
1295 2250 1504 2319 ὑψηλὰς
1536 2252 1673 2305 θεω-

93 2340 241 2409 ρίας.
279 2342 551 2408 requirere
590 2342 728 2394 altas
760 2345 1270 2409 contemplationes,
1302 2345 1441 2401 forte
1468 2364 1591 2400 eum
1618 2348 1670 2403 in

93 2442 280 2484 monte
309 2431 517 2493 Nitriie,
557 2443 720 2501 atque
767 2434 1058 2488 solitudine
1108 2450 1413 2491 moraretur
1440 2457 1452 2492 :
1479 2440 1674 2509 legitur

87 2534 140 2576 et
182 2525 275 2578 lib.
304 2542 381 2578 ιιι.
405 2526 557 2593 epist.
588 2525 715 2589 259,
747 2528 810 2580 ad
838 2527 1138 2581 Palladium
1164 2529 1569 2600 Presbyterum,
1601 2549 1668 2587 an

88 2617 395 2672 eumdem?
436 2619 501 2671 de
556 2618 686 2681 Deo,
726 2622 817 2688 qui
876 2630 1135 2675 exoratus
1162 2623 1422 2692 dispertiit
1474 2627 1669 2693 impias

86 2710 454 2777 cogitationes
474 2750 489 2775 ,
518 2709 797 2765 Palladius
824 2712 1089 2782 (inquam)
1120 2715 1172 2767 in
1202 2731 1263 2769 ea
1292 2714 1552 2770 Lansiaca
1578 2719 1674 2770 mi-

84 2801 259 2854 riﬁcis
286 2800 435 2854 eliert
470 2801 718 2857 laudibus
738 2802 1025 2871 Evagrium
1066 2804 1350 2861 Ponticum
1377 2823 1409 2862 ε
1455 2810 1670 2865 civitate

85 2893 394 2956 lberorum,
429 2910 550 2963 qum
603 2895 746 2947 circa
799 2895 1071 2950 Euxinum
1130 2899 1250 2951 sita-
1285 2909 1367 2955 est
1404 2900 1457 2955 in
1495 2902 1670 2958 Ponto

83 2984 347 3045 Amasite,
381 2984 461 3037 vel
486 2983 866 3054 Helenoponti,
893 3001 1000 3041 non
1032 2987 1088 3041 in
1128 2987 1533 3056 Polemoniaco,
1566 3009 1666 3048 na-

81 3086 205 3128 tum
238 3092 251 3128 :
287 3075 412 3129 hinc
460 3086 681 3131 sanctus
717 3076 1082 3149 Hieronymus
1114 3079 1528 3152 Hyperboritam
1574 3101 1667 3154 ap-

83 3165 291 3234 pellat,
357 3162 666 3235 Presbyteri
725 3167 927 3232 tilium,
980 3168 1236 3223 lectorem
1294 3172 1666 3230 ordiuatuma

78 3268 280 3310 stricto
307 3255 504 3310 Basilio
532 3258 785 3327 episcopo
826 3260 1088 3315 Caasareae
1132 3264 1198 3317 ad
1237 3264 1510 3334 Argazum,
1554 3280 1665 3322 tum

72 3346 379 3399 diaconum
424 3357 732 3415 promotum
786 3365 815 3402 a
868 3360 1057 3405 sancto
1098 3352 1361 3424 Gregorio
1408 3356 1666 3415 Nazianz.

72 3440 176 3507 qui
229 3439 295 3491 ad
351 3441 645 3495 concilium
687 3441 1354 3515 Constantinopolitanum
1401 3454 1665 3509 accedens

71 3546 233 3583 anno
270 3530 364 3585 581
408 3532 649 3586 habitum
709 3549 739 3587 a
790 3536 893 3588 150
924 3538 1219 3607 episcopis,
1255 3541 1307 3593 in
1338 3557 1512 3612 eoque
1543 3560 1667 3599 con-

72 3623 335 3677 ﬁrmatus
388 3623 807 3693 Constantinop.
861 3628 1169 3698 episcopus,
1233 3631 1471 3688 Maximo
1502 3634 1667 3705 Cyni-

71 3730 145 3767 Cn
176 3716 451 3781 deposito,
498 3724 549 3769 et
582 3714 817 3783 Spiritus
876 3721 1049 3773 sancti
1099 3722 1315 3775 decreta
1359 3724 1662 3791 divinitate,

65 3806 233 3873 juxta
278 3806 530 3859 volumen
561 3807 781 3862 Patrum
842 3810 1280 3878 occidentalium,
1335 3812 1403 3867 de
1449 3830 1559 3884 quo
1609 3817 1662 3869 iu

66 3896 519 3969 (Sationequiuto
535 3902 695 3972 611
718 3903 918 3972 agitur,
941 3904 1156 3974 reliquit
1174 3905 1487 3976 Evagrium,
1510 3923 1663 3961 com-

68 3993 787 4059 mendavitquesuccessori
813 4010 913 4048 suo
930 3994 1203 4049 Nec-tario.
1220 3998 1508 4052 Hicautem
1525 3997 1666 4053 Eva-

65 4080 233 4149 grins
285 4080 589 4147 discipulus
645 4084 816 4136 sancti
859 4082 1019 4155 Greg.
1060 4084 1322 4141 Nazianz.
1369 4097 1663 4156 censetur,

66 4174 267 4241 lapsus
312 4183 490 4227 tamen
543 4176 597 4228 iu
637 4173 889 4245 Origenis
923 4184 1126 4230 sectam
1189 4178 1256 4231 ab
1286 4193 1374 4230 an.
1415 4178 1663 4243 579,1“-

61 4266 243 4334 dymo
303 4268 559 4332 docente;
600 4268 691 4320 sed
743 4285 862 4322 cum
913 4269 1388 4339 ConstantinOpoli
1444 4271 1660 4325 diaconi

65 4356 399 4423 fungeretur
428 4373 675 4421 munere,
710 4360 781 4411 ibi
816 4370 1151 4427 pertentatus
1184 4362 1252 4415 ab
1283 4376 1455 4417 uxore
1481 4364 1661 4433 cujus-

61 4451 203 4504 dam
245 4465 275 4503 e
316 4451 604 4519 praefectis,
643 4463 696 4505 et
727 4455 845 4507 visu
884 4457 1107 4511 territus
1136 4457 1352 4526 cogitur
1402 4463 1663 4513 excedere

60 4544 268 4597 divino
296 4544 553 4613 impulsu.
587 4545 871 4600 Melaniam
921 4549 1105 4618 itaque
1154 4550 1426 4604 seniorem
1476 4552 1663 4606 invisit

60 4635 474 4707 Hierosolymis
508 4650 833 4701 versantem,
877 4648 931 4694 et
960 4642 1187 4695 adluesit
1218 4644 1300 4709 ei;
1337 4659 1572 4712 cmnque
1606 4645 1660 4698 in

61 4735 335 4786 morbum
379 4735 682 4801 incidisset,
726 4736 953 4791 Melania
983 4739 1160 4793 induit
1201 4754 1324 4793 eum
1361 4740 1546 4795 habitu
1581 4741 1662 4812 (ut

58 4827 355 4881 Palladius
394 4831 610 4891 asserit)
646 4832 971 4897 monastico,
995 4843 1049 4885 et
1081 4833 1288 4887 dimisit
1312 4836 1378 4889 ad
1421 4848 1657 4890 montem

60 4917 290 4983 Nitriae,
348 4922 438 4973 ubi
504 4937 597 4990 per
645 4923 924 4977 biennium
970 4937 1340 4982 commoratus
1387 4938 1501 4994 est;
1544 4938 1657 4983 tum

58 5012 211 5064 abiit
244 5013 299 5064 in
332 5014 706 5079 solitudinem,
746 5016 928 5085 ibique
957 5033 1131 5071 annos
1152 5021 1565 5088 quatuordceim
1600 5022 1656 5075 in

52 5102 264 5161 Celliis
297 5108 450 5167 vixit,
499 5108 760 5162 insistens
788 5109 1013 5178 jejuniis
1044 5119 1097 5164 ct
1146 5114 1509 5177 orationibus,
1540 5115 1658 5168 lon-

54 5213 313 5267 gamque
340 5201 630 5268 complevit
672 5210 922 5255 aetatem:
956 5206 1263 5273 composuit
1296 5207 1559 5274 plurimos
1594 5208 1660 5260 li-

54 5291 222 5343 bros.
264 5284 432 5354 Οὖτος
456 5291 661 5363 ἔγραψε
691 5294 946 5366 διάφορα,
979 5297 1076 5349 καὶ
1116 5298 1420 5369 ὑπόμνημα
1448 5301 1528 5362 εἰς
1560 5302 1660 5364 τὰς

52 5381 389 5452 Παροιμίας
420 5383 510 5435 τοῦ
548 5385 910 5455 Σολομῶντος.
943 5388 1046 5441 Isle
1074 5389 1288 5458 scripsit
1330 5392 1566 5453 diversa,
1607 5404 1661 5448 et

55 5471 547 5525 Commentariun:
613 5475 664 5527 in
718 5475 1008 5530 Proverbia
1069 5478 1382 5534 Salomonis
1438 5482 1660 5552 (inquit

57 5562 300 5631 Suidas)
330 5564 396 5616 ad
430 5564 666 5633 virgines
716 5567 825 5618 Deo
859 5576 1125 5630 sacratas,
1163 5570 1401 5625 libellum
1432 5588 1657 5644 compe-

54 5665 277 5707 tentem
308 5656 463 5709 sexui
487 5667 540 5709 et
562 5658 831 5725 religioni,
856 5673 883 5710 a
910 5660 1122 5715 liutlino
1146 5664 1460 5734 presbytero
1488 5667 1659 5736 Aqui-

55 5749 270 5805 leiensi
302 5765 521 5806 versum
559 5753 614 5807 in
646 5751 926 5823 Latinum,
946 5757 1087 5813 sicut
1112 5767 1163 5812 et
1191 5758 1389 5815 librum
1425 5758 1660 5819 Semen»

1796 513 2175 583 inscriptum;
2202 530 2320 574 erat
2362 522 2506 575 enim
2532 532 2585 578 et
2626 525 2741 594 ipse
2773 525 3019 581 Bullinus
3057 529 3279 598 perinde
3306 546 3371 586 ac

1794 604 2056 671 Evagrius
2098 613 2399 669 monachus
2429 616 2530 684 (uti
2561 620 2810 686 superius
2837 619 3035 685 innuit,
3076 619 3200 673 item
3236 636 3371 689 pan-

1792 711 1885 750 cas
1917 698 2228 757 Sententias
2265 704 2419 759 valde
2459 707 2723 763 obscuras
2755 712 3149 765 monachorum
3188 713 3369 767 cordi-

1789 791 1894 843 bus
1922 793 2053 847 solis
2100 798 2512 866 cognoscibiles,
2566 818 2703 871 quas
2751 804 2977 857 forsitan
3023 803 3368 859 Commenta—

1790 883 1931 937 rium
1960 884 2275 942 Gnosticum
2300 902 2457 945 vocat
2496 891 2769 957 Socrates,
2796 895 3000 949 Histor.
3025 895 3223 949 Eccles.
3256 896 3290 948 l.
3315 910 3368 949 tv

1789 991 1838 1029 c.
1867 977 1951 1038 18,
1986 978 2280 1046 Palladius,
2305 981 2686 1053 Climacusque
2712 997 3045 1052 memorant;
3078 988 3123 1042 is
3154 986 3219 1039 ad
3248 1002 3367 1039 mo-

1784 1070 1995 1122 nachos
2028 1080 2148 1124 erat
2170 1073 2432 1141 directus,
2464 1076 2654 1129 dubito
2682 1094 2748 1132 ne
2777 1080 2884 1132 sint
2911 1079 3199 1147 Κεφάλαια
3228 1095 3365 1147 γνω-

1788 1162 1953 1213 στικὰ
2003 1162 2278 1231 Εὐαγρίου
2352 1167 2622 1237 μοναχοῦ,
2676 1186 2797 1239 qua:
2852 1181 3209 1225 numerantur
3254 1171 3360 1235 61,

1782 1270 2013 1326 qumque
2048 1258 2181 1309 verti
2220 1258 2456 1313 eGraaco
2488 1263 2649 1315 etiam
2702 1266 2814 1331 ipse
2872 1262 2925 1317 iri
2974 1262 3246 1329 Latinum,
3276 1262 3364 1318 in-

1781 1351 2119 1419 cipiuutque,
2167 1352 2195 1403 ὁ
2238 1353 2471 1423 Χριστὸς
2498 1394 2513 1415 ,
2652 1356 2751 1427 μέν
2791 1358 2907 1409 ἐστι
2936 1358 3192 1428 Χριστὸς.
3247 1357 3361 1425 ἔχει

1779 1443 1876 1514 τὴν
1908 1444 2114 1511 γνῶσιν
2152 1444 2250 1515 τῆν
2295 1446 2550 1517 οὐσιὼδη,
2594 1459 2699 1503 etc.
2750 1447 3023 1515 Christus,
3067 1466 3168 1519 quo
3207 1461 3361 1519 pacto

1779 1537 1989 1606 quidem
2016 1536 2258 1591 Christus
2285 1547 2382 1603 est,
2422 1539 2574 1593 habet
2618 1543 2964 1609 cognitionem
3008 1542 3354 1595 essentialem.

1782 1628 2013 1697 Evagrio
2036 1642 2183 1684 certe
2219 1631 2533 1685 tribuuntur
2564 1634 2619 1687 in
2652 1634 2852 1689 Codice
2882 1633 3195 1693 Barberino.
3224 1634 3353 1687 etin

1782 1719 2044 1775 Vaticano
2072 1721 2175 1775 655
2217 1723 2493 1778 desinunt.
2516 1725 2595 1777 Τὰ
2616 1724 2671 1778 δὲ
2692 1726 2819 1796 τρία
2861 1726 3099 1796 καθαρὰ,
3142 1727 3356 1779 ἀνείδεα

2371 1827 2473 1881 est,
2511 1816 2635 1871 Tres
2678 1836 2797 1872 vero
2830 1821 3033 1873 notitiae
3059 1835 3237 1888 parte;
3274 1822 3356 1871 in-

1778 1906 1972 1970 formes
2002 1924 2140 1970 vero,
2173 1926 2263 1962 seu
2310 1909 2597 1963 invisibiles
2646 1912 2829 1981 viginti
2876 1922 3011 1966 octo.
3060 1910 3357 1965 Sententia:

1784 2010 1968 2053 autem
2001 2000 2229 2055 forsitan
2265 2011 2421 2055 erant
2454 2002 2557 2055 illae
2582 2013 2821 2067 centum,
2863 2020 3000 2072 quas
3026 2020 3149 2058 mox
3178 2004 3353 2072 subji-

1777 2092 1862 2145 cio
1891 2108 2117 2147 numero
2150 2094 2235 2157 15,
2264 2094 2329 2147 14
2376 2103 2429 2147 et
2460 2094 2547 2155 15,
2585 2093 2991 2164 praeferuntque
3029 2096 3243 2150 titulum
3262 2114 3354 2148 κεο

1774 2184 2019 2252 φαλαίων
2048 2185 2128 2253 λγ¹
2172 2186 2315 2239 κατὰ
2346 2185 2672 2240 ἀκολουθίαν
2702 2205 2715 2241 :
2745 2188 2798 2241 id
2841 2200 2944 2251 est,
2983 2191 3217 2257 capitum
3259 2189 3349 2256 35,

1774 2293 1867 2343 ρει·
1881 2277 2078 2346 gradus
2096 2277 2349 2346 quosdam
2371 2278 2538 2331 instar
2549 2280 2928 2348 consequentia:
2949 2280 3350 2348 dispositorum,

1776 2377 1889 2420 tum
1922 2368 2216 2421 νουθεσιῶν
2234 2370 2623 2439 πνευματικῶν
2653 2370 2774 2425 κατ’
2800 2372 3111 2441 ἀλφάϐητον
3141 2372 3349 2444 ἕτερον,

1776 2457 2153 2526 Spiritualium
2189 2459 2608 2513 admonitionum
2661 2461 2947 2514 secundum
2994 2461 3348 2531 alphabetum,

1773 2550 2038 2613 alterum;
2086 2558 2582 2619 computanturque
2626 2551 2731 2606 illa:
2755 2552 2846 2607 25.
2892 2553 3119 2607 Demum
3153 2553 3349 2608 subse-

1772 2652 2011 2712 quuntur
2038 2642 2157 2696 aliae
2195 2658 2389 2712 nempe
2435 2642 2750 2708 Sententiae,
2797 2654 2891 2698 aut
2914 2646 3347 2711 Admonitiones,

1771 2733 2191 2804 ἓτεραιγνῶμαι
2212 2734 2244 2804 ἦ
2263 2734 2556 2796 νουθεσίαι,
2591 2748 3055 2804 numerantur-que
3084 2736 3173 2790 26.
3203 2737 3354 2792 Prin-

1772 2828 1971 2895 cipium
1993 2826 2366 2894 Capitulorum
2390 2838 2473 2880 est
2492 2847 2503 2880 :
2524 2827 2739 2897 ἵκτερός
2772 2829 2920 2881 ἐστιν
2938 2828 3053 2893 ἕξις
3067 2830 3312 2901 χειρίστη
3331 2872 3348 2896 ,

1771 2918 1826 2973 id
1857 2926 1963 2983 est,
2001 2915 2219 2970 Morbus
2259 2925 2515 2986 arquatus
2557 2927 2633 2971 est
2677 2916 2889 2971 habitus
2919 2920 3175 2984 pessimus
3203 2938 3218 2975 :
3249 2920 3353 2973 ini--

1771 3011 1907 3065 tium
1939 3009 2168 3063 alterius
2198 3008 2487 3077 Alphabeti
2519 3009 2954 3064 admonitionum
2983 3011 3348 3080 spiritualium

1770 3102 1851 3156 sic
1880 3110 1961 3155 est
1978 3109 2321 3170 conceptum,
2349 3100 2551 3154 ἄτοπόν
2567 3101 2705 3165 ἐστι,
2735 3100 2790 3155 id
2815 3110 2897 3157 est
2923 3102 3214 3157 absurdum
3235 3114 3352 3159 est:

1771 3192 2005 3262 denique
2044 3192 2314 3261 incipiunt
2360 3191 2482 3247 alia;
2525 3194 2808 3248 sententiae
2853 3194 2996 3265 ἁρχὴ
3028 3194 3269 3267 ἀγάπης,
3297 3193 3351 3251 id

1771 3295 1877 3349 est,
1933 3283 2257 3353 principium
2302 3283 2608 3349 charitatis,
2642 3284 3030 3355 continentque
3076 3286 3354 3342 Abeceda-

1771 3377 1913 3429 rium
1944 3376 2198 3444 amplius,
2233 3384 2287 3429 et
2318 3375 2584 3429 collectus
2628 3390 2892 3431 numerus
2924 3378 3164 3446 capitum
3199 3380 3269 3433 55
3298 3390 3353 3437 et

1768 3470 1840 3524 25
1866 3480 1919 3523 et
1948 3468 2018 3523 26
2039 3468 2286 3539 exsurgit
2312 3467 2381 3522 ad
2404 3468 2474 3522 84
2496 3485 2513 3533 ;
2539 3468 2739 3538 quibus
2769 3470 2813 3524 si
2832 3469 3097 3539 adieceris
3122 3471 3193 3525 25
3223 3490 3350 3528 νου-

1770 3564 1978 3628 θεσίας,
2031 3566 2145 3621 sive
2185 3564 2410 3635 γνώμας
2463 3565 2800 3637 δογματικὰς
2852 3569 2972 3622 κατ’
3011 3567 3348 3641 ἀλφάϐητον,

1767 3672 1889 3725 quae
1918 3656 1988 3709 ab
2029 3655 2331 3711 llolsteinio
2366 3657 2715 3711 vindicantur
2764 3672 2955 3713 omnes
3000 3658 3249 3726 Evagrio,
3295 3668 3351 3715 et

1768 3748 2097 3803 inchoantur
2130 3748 2332 3820 εἈρχὴ
2360 3750 2572 3818 σοφίας,
2603 3751 2687 3803 vel
2736 3750 3035 3820 σωτηρίας.
3070 3752 3352 3807 adnotavit

1768 3842 1913 3896 enim
1953 3843 2033 3895 vir
2084 3842 2278 3897 docttts
2338 3842 2471 3896 istas
2514 3840 2739 3913 γνώμας
2785 3845 3108 3906 sententias,
3161 3854 3256 3899 aut
3300 3845 3348 3903 si

1768 3933 1926 3985 malis
1964 3931 2266 3996 νουθεσίας,
2317 3932 2414 3987 καὶ
2459 3931 2730 3999 κεφάλαια
2758 3971 2774 3996 ,
2823 3932 2873 3986 id
2902 3943 2986 3988 est
3024 3934 3350 3987 Admonitio-

1768 4041 1855 4077 nes
1899 4035 1946 4077 et
1998 4024 2248 4091 Capitula
2293 4024 2508 4094 Evagrii
2562 4023 2736 4093 Opera
2782 4040 2925 4087 esse,
2959 4041 3052 4080 seu
3095 4028 3350 4098 παραινέ-

1768 4134 1901 4178 σεις,
1945 4117 1996 4170 id
2029 4128 2110 4171 est
2140 4118 2301 4187 612
2322 4117 2751 4181 Adhortalioncs,
2777 4133 2840 4169 ex
2869 4117 3223 4188 inscriptione
3249 4135 3348 4172 an-

1769 4203 2063 4271 tiquissimi
2094 4206 2299 4259 codicis
2329 4204 2445 4258 BB.
2484 4204 2586 4259 BB.
2640 4206 2703 4258 Et
2727 4207 2853 4274 quia
2911 4207 3155 4275 ejusdem
3208 4207 3351 4263 Eva-

1767 4295 1867 4365 grii
1909 4296 2130 4348 nomine
2164 4297 2363 4364 passim
2417 4298 2658 4351 citantur
2696 4298 2747 4350 in
2780 4298 2991 4351 Melissa
3020 4301 3193 4355 sancti
3233 4301 3351 4355 Ma.

1767 4386 1922 4447 ximi,
1954 4394 2004 4439 et
2044 4386 2289 4452 Antonii,
2339 4389 2441 4442 etsi
2475 4386 2597 4440 Nilo
2645 4388 3018 4443 insrribantur
3052 4389 3103 4444 in
3146 4391 3350 4446 Biblio-

1694 4484 1742 4541 D
1771 4479 1927 4533 theca
1962 4477 2216 4532 Veterum
2247 4481 2468 4534 Patrum
2498 4481 2903 4537 Graeco-Latina
2938 4483 3167 4539 Parisiis
3202 4485 3349 4540 edita

1766 4588 1911 4625 anno
1948 4570 2112 4634 1024,
2138 4586 2333 4641 nempe
2360 4572 2549 4641 viginti
2575 4582 2684 4628 tres
2714 4585 3003 4643 postrema:
3034 4576 3199 4629 simul
3225 4591 3346 4630 cum

1767 4662 1889 4715 aliis
1925 4662 2054 4723 ‘206,
2092 4677 2228 4729 quas
2279 4664 2396 4732 ipse
2438 4664 2621 4729 omisi,
2662 4666 2787 4734 quia
2828 4668 2993 4720 vertit
3034 4682 3128 4721 eas
3178 4666 3350 4723 Zinus

1766 4757 2172 4823 suprascriptus
2198 4754 2411 4818 Latine,
2446 4754 2794 4827 Venetiisque
2823 4760 3186 4829 promulgavit
3203 4775 3352 4815 anno

1766 4847 1925 4909 1574,
1966 4857 2019 4901 ct
2061 4847 2349 4916 incipiunt,
2379 4849 2547 4902 Φόϐον
2574 4849 2663 4921 ἔχε
2697 4850 2854 4915 Θεοῦ,
2884 4851 2936 4906 id
2969 4862 3073 4916 est,
3108 4853 3348 4905 timorem

1763 4940 1893 4992 habe
1936 4939 2030 4993 Dei
2059 4957 2077 4999 ;
2107 4950 2162 4994 et
2191 4942 2245 4994 in
2268 4940 2563 4997 Parisiensi
2606 4943 2845 4998 editione
2878 4942 3063 4998 Graece
3101 4959 3166 4999 ac
3197 4942 3349 4997 Latia

1765 5046 1833 5084 ne
1858 5031 2021 5085 simul
2061 5041 2314 5097 exstant;
2350 5032 2647 5086 Latinitate
2693 5044 2875 5087 autem
2911 5034 3112 5088 donavi
3143 5034 3212 5087 55
3237 5033 3347 5088 Ca-

1764 5124 1955 5192 pitula,
2000 5124 2368 5179 Abeccdarias
2405 5126 2603 5180 alteras
2641 5126 3045 5182 admonitiones
3088 5126 3160 5181 25
3188 5137 3241 5182 ει
3274 5128 3348 5183 96

1764 5219 2084 5284 sententias,
2116 5234 2238 5287 quae
2268 5234 2378 5273 una
2427 5234 2552 5273 cum
2588 5219 2780 5289 viginti
2832 5220 3009 5275 tribus
3042 5227 3345 5289 exsurgunt

1762 5310 1830 5365 ad
1861 5310 2004 5375 107;
2057 5319 2397 5378 possuntque
2449 5308 2747 5363 Sententia:
2800 5309 2904 5364 illae
2946 5320 3165 5365 centum
3220 5326 3348 5366 esse

1759 5398 2003 5471 Evagrii,
2039 5416 2178 5471 quas
2200 5399 2451 5456 Bullinus
2469 5399 2662 5454 Latine
2694 5401 2878 5466 vertit,
2906 5403 3049 5456 sicut
3078 5403 3198 5456 alia:
3232 5417 3346 5457 mo-

1764 5493 2068 5546 nachorum
2101 5492 2361 5547 cordibus
2395 5493 2792 5563 cognoscibiles
2820 5493 3075 5548 videntur
3106 5509 3229 5550 esse
3247 5511 3343 5547 κε-

1764 5583 1969 5652 φάλαια
2010 5583 2293 5638 Γνωστικὰ
2342 5583 2600 5653 Evagrii,
2654 5585 3005 5654 quantumvis
3058 5585 3124 5639 ad
3182 5600 3338 5639 oram

1764 5675 2121 5743 manuscripti
2148 5674 2352 5730 codicis
2374 5672 2681 5739 Barberini,
2699 5690 2727 5730 e
2746 5690 2857 5746 quo
2885 5676 3154 5745 exscripta
3182 5684 3333 5739 sunt,

1761 5767 2034 5839 appictum
2056 5768 2215 5825 sit’ea
2236 5767 2290 5823 in
2321 5768 2510 5826 codice
2532 5766 2954 5826 Vatican0‘1454
2981 5770 3341 5841 ἀνεπίγραφα
