3808 6226
414 268 554 336 I339

1341 275 1490 337 JOS.
1526 276 1791 338 MARI/E
1826 277 2184 339 SUARESII
2228 276 2728 339 DISSERTATIO

3540 280 3681 346 13m

412 388 695 452 exsistere,
745 395 952 442 etesse
1005 386 1135 451 Nili,
1182 387 1251 442 ab
1286 388 1538 457 ipsumet,
1593 406 1769 460 neque
1815 390 1994 453 fallor,
2027 399 2071 452 Α
2170 388 2385 458 Evagrii
2419 389 2662 459 quidem,
2693 397 2747 443 et
2771 387 2878 444 Nili
2910 390 3172 459 opuscula
3196 391 3271 445 ita
3314 400 3451 446 sunt
3481 400 3675 462 pen-3-

417 478 737 541 Ilolsteinio,
764 479 855 548 qui
895 490 1073 533 tamen
1122 480 1235 534 haec
1287 481 1473 535 omnia
1519 480 1738 536 demum
1779 482 1992 551 Evagrii

416 590 541 631 esse
571 575 707 628 vnit.
740 574 871 629 Utut
908 574 1002 640 sit,
1037 575 1447 631 lucubrationes
1479 576 1642 631 hasce
1690 578 1826 631 duas
1857 578 1994 630 Eva-

421 667 546 737 grii,
580 682 702 736 quae
738 666 805 721 ad
849 667 1229 731 anachoretas,
1276 676 1330 721 et
1361 668 1666 723 monachos
1703 668 1990 737 pertinent,

420 758 669 813 Bullinus
708 759 1092 828 interpretatus
1116 767 1217 821 est,
1255 759 1330 811 uti
1354 758 1618 812 Libellum
1643 758 1710 811 ad
1747 756 2017 826 Virgines

420 847 532 900 Deo
572 848 815 914 devotas,
855 848 988 917 quin
1031 858 1085 901 et
1110 847 1418 902 Doctrinam
1471 858 1653 914 aptam
1690 848 1811 901 vita:
1845 864 1995 901 com-

417 939 601 993 munis
630 940 943 1002 cmuobitis,
990 947 1045 991 et
1084 937 1361 1010 Synoditis
1392 938 1457 993 ad
1511 938 1785 1009 Virginem
1832 938 1995 992 Mela-

416 1030 562 1084 niam
589 1030 657 1083 ab
694 1031 883 1084 eodem
920 1029 1152 1101 Evagrio
1176 1032 1409 1101 scriptae,
1442 1030 1585 1085 sicut
1614 1040 1838 1086 sanctus
1867 1030 1993 1085 Hie-

416 1133 677 1189 ronymus
709 1128 973 1184 testatur;
1001 1119 1223 1188 insuper
1256 1121 1451 1173 librum
1493 1120 1566 1174 De
1599 1123 1718 1174 vitis
1744 1120 1989 1185 Patrum,

417 1209 463 1263 si
496 1225 603 1279 qna
641 1209 773 1265 tides
798 1210 1102 1275 Gennadio,
1134 1223 1186 1265 et
1217 1222 1341 1265 octo
1364 1212 1706 1281 libros,quos
1735 1214 1995 1283 opposuit

416 1301 685 1371 Evagrius
716 1302 978 1359 adversus
1009 1312 1133 1358 octo
1165 1304 1547 1373 principalium
1580 1306 1831 1360 vitiorum
1863 1322 1993 1377 sug—

416 1391 726 1459 gestiones,
779 1409 919 1462 quos
971 1393 1288 1449 Gennadius
1336 1395 1526 1463 jussus
1574 1394 1765 1450 Latine
1814 1398 1991 1452 reddi-

414 1481 819 1551 ditzpraeterea
870 1483 1125 1549 Librum,
1176 1502 1267 1540 seu
1321 1486 1656 1542 Sententiam
1709 1489 1838 1559 περὶ
1890 1490 1990 1558 τῆς

412 1573 705 1638 ἀπαθείας,
740 1577 806 1630 de
858 1578 1301 1647 impassibilitate
1330 1620 1343 1644 ,
1379 1580 1492 1634 sive
1526 1580 1991 1650 imperturbabili-

414 1674 544 1730 tate,
578 1668 677 1736 qui
723 1666 1031 1739 Pelagianis
1061 1686 1251 1725 ansam
1301 1672 1550 1741 praebuit,
1594 1689 1827 1741 quorum
1860 1689 1990 1743 ope-

2098 491 2201 544 sta,
2235 490 2290 535 et
2323 482 2549 547 inserta,
2580 496 2648 535 ne
2678 481 2856 535 dicam
2890 481 3119 537 confusa
3166 483 3221 536 in
3252 485 3509 553 antiquis
3530 489 3677 542 codio

2096 574 2254 627 cibus
2300 574 2511 627 calamo
2563 573 2825 639 exaratis,
2878 581 2939 628 ut
2968 588 3111 643 aegre
3152 573 3401 629 discerni
3448 578 3681 645 possint,

2100 664 2444 733 arduumque
2468 663 2543 719 sit
2559 663 2864 734 dijudicare
2910 664 2975 719 ad
3008 680 3170 735 quem
3212 680 3279 720 ex
3314 666 3405 722 his
3440 683 3515 722 ea
3567 685 3681 739 spe-

2091 763 2241 810 ctent
2264 754 2613 809 librariorum
2638 769 2831 809 errore
2848 755 3035 811 titulos
3056 771 3346 827 perperam
3367 757 3679 814 inscriben-

2096 847 2233 902 tium
2268 866 2282 902 :
2313 847 2487 918 stylus
2518 846 2635 917 ipse
2661 861 3033 917 compressus,
3072 857 3127 903 et
3160 849 3215 902 in
3241 860 3466 904 arctum
3500 851 3684 907 caicus

2095 939 2150 994 in
2180 939 2453 1010 capitulis,
2486 938 2797 1005 sententiis,
2840 947 3004 1009 atque
3045 938 3304 997 brevibus
3350 942 3687 996 admonitio-

2094 1030 2256 1086 nibus
2285 1046 2392 1085 non
2432 1040 2517 1086 est
2544 1031 2681 1086 satis
2710 1039 2895 1086 certus
2958 1045 3023 1086 ac
3058 1040 3212 1087 tutus
3239 1031 3428 1099 index,
3482 1034 3685 1088 chara-

2093 1132 2318 1194 cterque
2344 1123 2602 1179 dictionis
2645 1138 3041 1193 nonnunquam
3072 1125 3235 1179 etiam
3285 1124 3472 1181 fusius
3507 1141 3689 1184 exun-

2092 1211 2277 1266 dantis
2299 1211 2524 1265 minime
2570 1211 2774 1281 arguit,
2799 1209 3055 1281 clareque
3078 1210 3337 1281 patefacit
3368 1222 3684 1279 auctorem,

2101 1302 2291 1357 eadem
2318 1302 2384 1357 de
2426 1302 2678 1367 materia,
2710 1301 2902 1357 eadem
2932 1311 3112 1369 aetate,
3147 1303 3204 1357 in
3235 1304 3426 1358 eadem
3469 1304 3691 1375 profes-

2093 1394 2245 1448 sione
2285 1394 2663 1449 disserentem.
2706 1393 2797 1449 llle
2828 1394 2944 1464 ipse
2983 1392 3253 1460 Socrates,
3284 1396 3381 1466 qui
3427 1396 3569 1449 vixit
3589 1412 3689 1461 eo,

2090 1501 2199 1555 quo
2234 1483 2388 1540 Nilus
2419 1494 2473 1540 et
2509 1485 2776 1556 Evagrius
2810 1486 3041 1542 ﬂoruere
3089 1487 3527 1550 saeculo,tribuit
3546 1488 3691 1542 Eva-

2092 1576 2211 1646 grio
2257 1577 2453 1630 librum
2498 1577 2573 1631 De
2600 1579 2828 1632 ascetica
2869 1580 2999 1642 vita,
3041 1577 3155 1633 sive
3198 1579 3524 1646 aseeticum,
3551 1596 3687 1634 cum

2094 1677 2274 1722 tamen
2305 1668 2488 1722 nullus
2531 1668 2806 1723 inticietur
2848 1668 3029 1724 Nilum
3058 1670 3177 1741 ejus
3217 1681 3498 1725 auctorem
3532 1688 3687 1726 esse.

414 1772 534 1809 rum
559 1767 764 1827 septem
788 1758 1056 1829 interpres
1073 1760 1299 1817 Latinus
1326 1764 1425 1816 ruit
1445 1764 1710 1829 Bullinus,
1735 1765 1801 1819 ad
1825 1746 1987 1835 quem
2023 1744 2063 1797 Β
2097 1760 2326 1829 Evagrio
2350 1774 2567 1829 quoque
2596 1761 2943 1816 ascribuntur
2961 1760 3066 1817 150
3092 1762 3394 1823 sententiae.
3418 1773 3479 1817 et
3498 1764 3691 1832 capita

412 1849 727 1920 ἡσυχαστὴν
781 1851 1002 1920 scripsit
1058 1852 1231 1918 Nilus,
1280 1855 1356 1907 uti
1413 1855 1663 1923 superius
1711 1857 1989 1920 adnotavi,

413 1942 505 2009 qui
540 1939 791 2010 Origenis
817 1958 1034 2012 quoque
1059 1944 1225 2000 libros
1254 1944 1406 2000 Latio
1432 1948 1599 2012 dedit,
1630 1947 1724 2001 sed
1758 1947 1989 2003 infelici-

416 2043 535 2098 lel';
580 2050 703 2086 nam
750 2035 880 2087 tanti
915 2035 1037 2098 viri,
1091 2052 1219 2105 quo,
1274 2038 1359 2090 ubi
1402 2039 1538 2092 bene
1597 2039 1788 2102 sensit,
1830 2054 1991 2093 nemo

416 2126 632 2186 melius,
679 2127 767 2179 uhi
803 2126 964 2191 male,
1001 2143 1160 2181 nemo
1195 2129 1369 2197 pejus,
1403 2146 1619 2185 errores
1667 2130 1902 2192 imbibit.
1936 2140 1990 2185 et

412 2230 503 2268 eos
538 2219 699 2270 tutari
731 2219 856 2271 dum
887 2229 1138 2280 conatur,
1175 2220 1357 2288 lapsus
1389 2232 1472 2275 cst
1500 2224 1748 2291 turpiter.
1787 2238 1849 2275 ac
1882 2222 1989 2291 glo-

411 2308 523 2371 riae,
554 2325 718 2376 quam
750 2329 779 2363 e
813 2312 1059 2365 versione
1083 2311 1335 2365 Historia:
1362 2313 1735 2367 ecclesiastica:
1767 2312 1983 2367 Eusebii

407 2393 786 2462 Caesariensis,
815 2399 901 2452 cui
938 2399 1076 2454 duos
1105 2400 1275 2453 libros
1322 2402 1572 2462 attexuit,
1604 2410 1791 2470 totque
1823 2400 1986 2455 Volu-

409 2487 620 2540 minum
647 2488 747 2542 δε.
783 2489 988 2555 Basilii,
1020 2491 1265 2561 Gregorii
1292 2490 1640 2552 Nazianzeni,
1664 2502 1718 2545 et
1751 2494 1983 2546 aliorum

407 2578 509 2631 sibi
556 2590 961 2648 construxerat,
1006 2584 1283 2637 cumulum
1319 2586 1481 2638 diruit
1533 2584 1633 2637 hoc
1684 2585 1857 2653 lapsu,
1892 2584 1985 2638 de-

409 2680 658 2725 mortuns
693 2672 743 2725 in
797 2674 1014 2739 Sicilia;
1068 2684 1257 2729 sancto
1292 2675 1623 2746 Hieronymo
1661 2678 1857 2740 indice,
1891 2678 1981 2739 qui

405 2779 528 2817 cum
567 2762 877 2833 Scorpinm,
907 2777 959 2819 et
998 2766 1304 2820 Grunnium
1333 2779 1511 2830 vocat,
1540 2780 1595 2822 et
1640 2769 1830 2823 scribit
1861 2768 1984 2823 Tri-

408 2854 608 2907 nacriae
653 2854 820 2906 humo
870 2858 1040 2923 premi
1092 2856 1232 2910 inter
1263 2856 1591 2912 Enceladum
1633 2870 1686 2913 et
1742 2860 1984 2932 Porphy-

411 2946 573 3011 rium,
604 2946 655 2997 iu
684 2950 915 3013 primum
947 2946 1409 3001 Commentarium
1432 2950 1499 3003 ad
1528 2948 1724 3005 Ezech.
1759 2954 1808 3005 in
1836 2953 1980 3007 Prte-

411 3037 503 3091 fat.
556 3039 619 3091 ad
658 3038 1013 3093 Eustochium
1046 3050 1180 3094 tom.
1213 3039 1277 3094 IV
1300 3081 1315 3106 ,
1352 3058 1473 3113 pag.
1503 3044 1629 3103 550.
1662 3045 1714 3098 id
1768 3055 1869 3109 est,
1915 3047 1983 3101 ad

411 3129 653 3183 Eluatn.
705 3132 1011 3187 (lardiualis
1054 3132 1321 3189 Baronius
1370 3136 1663 3189 verisimile
1720 3145 1873 3204 putat
1920 3154 1984 3192 eo

412 3220 685 3275 Rutiinum
729 3238 853 3275 cum
898 3222 1127 3277 Melania
1150 3223 1484 3292 confugisse,
1519 3234 1678 3294 capta
1719 3226 1888 3280 Roma
1917 3230 1982 3281 ad

411 3329 540 3366 anu.
570 3312 632 3368 C.
662 3313 788 3369 M0.
840 3314 1051 3369 Laudat
1090 3331 1214 3370 eum
1257 3325 1479 3371 sanctus
1512 3316 1791 3379 Paulinus,
1824 3321 1982 3387 epist.

412 3405 445 3459 9
492 3406 557 3459 ad
593 3405 880 3471 Severum,
929 3406 1228 3476 scribitque
1264 3408 1329 3461 ad
1364 3409 1613 3463 eumdem
1646 3411 1805 3479 epist.
1833 3412 1899 3464 47
1934 3423 1987 3467 et

410 3498 501 3553 48.
552 3496 988 3568 Origenistarum
1036 3501 1427 3571 antesignanus
1475 3500 1580 3556 fuit
1624 3503 1881 3568 habitus,
1930 3506 1984 3557 iu

412 3606 573 3662 quem
617 3600 841 3648 sanctus
881 3591 1244 3664 Hieronymus
1276 3595 1404 3649 olim
1449 3596 1632 3651 socius
1666 3606 1719 3651 et
1752 3598 1983 3661 amicus,

414 3684 613 3755 stylum
647 3685 782 3737 adeo
811 3685 1006 3739 acerbe
1048 3686 1317 3755 stringere
1363 3696 1588 3743 coactus
1647 3699 1747 3743 est.
1788 3690 1986 3743 Dolen-

413 3776 543 3830 duni
593 3778 838 3846 profecto
878 3778 943 3831 de
982 3777 1227 3849 Didymi,
1272 3778 1532 3845 Melaniae,
1562 3780 1809 3845 Palladii,
1848 3781 1986 3836 Eva-

415 3868 538 3937 grii,
582 3868 893 3935 Rtiﬂinique
936 3870 1178 3933 casibus,
1214 3880 1268 3923 et
1310 3870 1492 3924 stellas
1562 3872 1724 3926 hasce
1753 3874 1987 3929 caducas

415 3956 675 4013 Ecclesiae
712 3959 908 4013 deﬂere
947 3960 1270 4014 deberemus
1306 3961 1567 4027 amarius,
1612 3962 1714 4017 nisi
1745 3964 1984 4032 suspica-

414 4064 601 4103 remur
630 4050 698 4103 ab
732 4050 815 4104 his
851 4067 958 4104 non
995 4059 1101 4103 tam
1137 4062 1403 4119 proterve,
1437 4061 1653 4121 tamque
1692 4054 1985 4122 pertinaci-

414 4152 497 4194 ter
518 4157 713 4210 pravas
741 4140 990 4212 Origcnis
1016 4143 1299 4211 opiniones
1329 4142 1498 4197 fuisse
1519 4143 1790 4207 defensas,
1825 4147 1986 4218 613

413 4234 665 4304 quamvis
684 4244 740 4288 ut
758 4251 932 4289 secure
952 4238 1235 4301 servirent,
1259 4236 1335 4290 ira
1351 4245 1718 4291 transversum
1739 4240 1862 4303 acti,
1878 4257 1989 4294 cer-

416 4326 677 4395 tandique
698 4325 971 4395 studio,§et
987 4326 1461 4392 calorelfueriiit,et
1482 4331 1697 4383 nomine
1722 4330 1985 4402 Pamphili

417 4417 673 4487 martyris
713 4432 809 4487 pro
859 4433 925 4471 eo
978 4418 1292 4489 Apologiam
1336 4419 1562 4473 ediderit
1598 4420 1888 4488 Eusebius,
1934 4433 1988 4478 et

413 4506 682 4572 Buﬂinus,
719 4509 813 4574 qui
844 4510 982 4563 duas
1011 4510 1063 4564 in
1114 4520 1361 4565 sanctum
1415 4510 1800 4584 Hieronymum
1839 4515 1989 4570 inve-

412 4602 588 4657 ctivas
620 4603 782 4655 etiam
814 4603 1021 4669 eﬂ‘udit,
1070 4602 1266 4672 Sulpit.
1302 4604 1489 4659 Sever.
1539 4606 1738 4675 dialog,
1772 4626 1806 4671 ι,
1851 4623 1898 4661 c.
1931 4609 1985 4675 '5,

413 4704 468 4750 et
488 4697 615 4750 licet
645 4696 895 4751 absurdae
951 4706 1004 4750 et
1037 4696 1241 4750 insana:
1277 4695 1477 4751 fuerint
1512 4696 1852 4768 Origenianze
1884 4700 1989 4756 illa:

414 4798 699 4844 manantes
726 4806 757 4845 e
804 4790 1144 4860 philosophia
1176 4789 1416 4845 Platonis
1448 4794 1746 4859 sententiae,
1772 4811 1874 4848 non
1906 4804 1988 4849 ta-

415 4898 539 4938 men
559 4883 784 4938 omnino
805 4885 1075 4938 damnata:
1097 4882 1317 4937 fuerunt
1344 4892 1469 4937 ante
1490 4882 1743 4954 Vigilium
1770 4902 1984 4955 papam,

416 4976 495 5029 uti
530 4975 893 5030 Cassiodorus
940 4976 1160 5039 asserit,
1200 4986 1254 5030 et
1283 4984 1409 5030 ante
1438 4976 1683 5046 quintam
1719 4980 1984 5049 synodum

415 5068 470 5121 in
508 5068 657 5121 calce
683 5082 804 5121 can.
837 5067 901 5131 ll,
938 5080 1046 5121 tam
1074 5068 1294 5133 diserte,
1323 5076 1382 5121 ut
1413 5066 1673 5138 Origenes
1704 5070 1991 5124 haareticus

416 5170 734 5215 censeretur
769 5163 1007 5230 penitus,
1052 5175 1175 5215 cum
1212 5160 1508 5230 praesertim
1542 5160 1663 5227 ejus
1695 5176 1858 5227 Opera
1892 5161 1990 5216 fal-

415 5261 531 5306 sata
564 5252 734 5307 fuisse
758 5252 1105 5317 dicerentur;
1134 5267 1241 5321 qua
1272 5252 1339 5305 de
1368 5266 1427 5306 re
1456 5250 1695 5307 Joannes
1724 5253 1908 5317 Picus,
1935 5263 1989 5308 et

416 5342 693 5398 Gilbertus
735 5342 1118 5398 Genebrardus
1155 5343 1474 5399 consulendi
1509 5354 1657 5411 sunt,
1704 5354 1758 5399 et
1799 5361 1991 5400 recen-

417 5434 587 5489 tiores
602 5434 844 5500 Binetus,
870 5434 1194 5498 Halloixius,
1232 5446 1285 5490 et
1312 5434 1505 5490 Petrus
1527 5434 1712 5491 Daniel
1742 5435 1988 5503 iiuetius,

419 5523 672 5593 quiante
719 5526 1007 5580 triennium
1039 5524 1327 5596 Rotomagi
1378 5525 1592 5580 duobus
1637 5527 1798 5581 tomis
1839 5542 1990 5596 quae-

424 5627 640 5681 cunque
710 5615 935 5682 reperiri
990 5623 1286 5684 potuerunt
1345 5615 1596 5686 Origenis
1642 5617 1991 5689 scriptiones,

423 5700 607 5759 Graece
646 5704 945 5775 Latineque
968 5706 1279 5778 publicavit,
1315 5716 1369 5764 et
1398 5707 1682 5766 adornavit
1709 5710 1876 5768 notis.

2094 1859 2217 1903 octo
2261 1853 2526 1905 adversus
2572 1860 2697 1905 octo
2750 1852 3096 1915 vitiositates,
3130 1868 3252 1923 quae
3279 1851 3474 1907 Latine
3517 1856 3694 1909 vertit

2094 1942 2274 1994 omnia
2308 1942 2623 1996 Gennadius
2643 1981 2658 2005 ,
2690 1957 2755 1995 an
2782 1941 3065 1998 Bullinus?
3090 1958 3197 1997 non
3223 1954 3401 1998 autem
3437 1946 3579 1998 liber
3620 1948 3695 2001 de

2095 2028 2232 2085 Vitis
2263 2031 2508 2093 Patrum,
2542 2033 2594 2086 in
2627 2033 2827 2102 quibus
2865 2043 3075 2089 tantum
3099 2034 3349 2089 laudatur
3379 2034 3693 2105 Evagrius,

2094 2132 2154 2176 ut
2212 2124 2323 2177 vult
2366 2122 2701 2195 Rosweydus
2746 2122 2798 2175 in
2843 2122 3165 2179 Lausiacam
3218 2123 3468 2186 Palladii,
3518 2136 3580 2179 et
3635 2128 3694 2181 in

2092 2220 2490 2288 prolegomenis
2536 2219 2602 2271 ad
2638 2216 2789 2272 Vitas
2825 2215 3070 2269 Patrum.
3104 2215 3161 2269 In
3190 2210 3450 2272 'confesso
3472 2227 3694 2273 autem

2088 2322 2171 2366 est
2200 2311 2453 2364 omnibus
2482 2311 2676 2364 harum
2722 2310 2822 2363 150
2849 2309 3269 2373 sententiarum,
3297 2310 3443 2363 sicut
3468 2320 3525 2364 ct
3550 2310 3696 2365 libri

2089 2399 2348 2452 adversus
2371 2406 2494 2451 octo
2513 2397 2841 2452 vitiositates
2870 2406 3155 2450 auctorem
3172 2410 3291 2451 esse
3309 2394 3519 2450 Nilum.
3541 2396 3696 2451 Vide

2088 2493 2417 2547 cardinalem
2475 2492 2766 2546 Baronium
2827 2491 2880 2545 in
2923 2501 3039 2545 not.
3093 2492 3161 2545 ad
3223 2490 3694 2562 Martyrologium

2088 2584 2416 2651 Romanum,
2457 2583 2810 2639 Possevinum
2849 2583 3003 2638 illum
3038 2598 3162 2637 cum
3200 2583 3543 2639 Antiocheno
3582 2588 3699 2639 mi-

2088 2689 2352 2733 scentem.
2385 2677 2661 2748 Quidquid
2695 2678 2782 2743 sit,
2815 2678 2928 2733 sive
2957 2677 3092 2731 alter
3120 2676 3188 2730 ab
3232 2677 3402 2731 altero
3440 2678 3517 2730 sit
3555 2694 3695 2731 mu-

2090 2778 2298 2833 tuatus,
2331 2770 2554 2823 damnat
2574 2769 2863 2839 Evagrium
2888 2767 3128 2823 Joannes
3154 2768 3453 2831 Climacus,
3497 2779 3556 2823 et
3595 2772 3695 2823 in-

2087 2862 2538 2931 sipientissimum
2586 2860 2838 2930 appellat,
2886 2867 2940 2914 et
2984 2859 3075 2911 τδν
3103 2858 3389 2928 θεηλάτην,
3427 2859 3482 2911 id
3508 2868 3624 2921 est,
3662 2877 3693 2911 a

2088 2953 2231 3007 malo
2280 2953 2377 3007 Dei
2419 2954 2614 3022 spiritu
2674 2953 2936 3022 agitatum
2985 2951 3137 3020 grad.
3184 2952 3280 3014 14,
3309 2966 3364 3019 p.
3392 2949 3529 3004 9.03.
3571 2950 3692 3005 Sed

2090 3061 2213 3098 mox
2239 3045 2517 3113 copiosius
2551 3044 2653 3098 hac
2682 3045 2748 3098 de
2775 3044 3005 3097 mistura
3027 3044 3295 3107 tractabo,
3319 3044 3503 3112 deque
3531 3046 3695 3113 capi-

2089 3136 2236 3191 tibus
2266 3138 2526 3192 adversus
2556 3145 2683 3190 octo
2722 3136 2871 3189 vitia.

2156 3227 2409 3283 Occurrit
2428 3230 2573 3282 enim
2598 3228 2855 3296 ὲπιστο).ὴ
2882 3228 3189 3298 δογματικὴ
3213 3227 3344 3297 περὶ
3372 3227 3478 3297 τῆς
3518 3227 3693 3295 ἄγξας

2087 3322 2316 3392 Τριάδος
2341 3321 2479 3392 πρὸς
2514 3322 2639 3384 τοὺς
2673 3322 2731 3373 ὲν
2772 3321 2993 3391 πατρίδι
3023 3318 3355 3390 μονάζοντας
3402 3320 3577 3389 ἡνίκα
3615 3315 3687 3389 ξς

2087 3413 2145 3464 ἐν
2178 3409 2751 3465 Κωνσταντινουπόλει
2772 3410 2909 3478 μετὰ
2942 3406 3037 3461 τοῦ
3072 3408 3345 3480 μακαρίου
3372 3408 3687 3479 Γρηγορξω

2086 3502 2527 3573 Ναζιανζηνοῦἢ
2577 3503 2881 3555 ἐπισκόπου
2924 3499 3270 3565 Ναζιάνςου,
3308 3501 3425 3554 sive
3471 3502 3687 3569 δογμα-

2085 3594 2239 3657 τικὸς
2259 3594 2439 3662 λόγος,
2477 3601 2536 3647 ut
2567 3593 2764 3662 legitur
2808 3593 2863 3646 in
2897 3592 3235 3646 Narrationis
3270 3590 3501 3646 Pachon
3553 3592 3683 3662 Epi-

2088 3688 2309 3753 graphe,
2347 3685 2557 3754 incipit,
2586 3684 2851 3747 πολλάκις
2876 3682 3184 3754 ἐθαύμασα,
3212 3683 3263 3736 τι
3297 3684 3505 3754 δήποτε
3541 3687 3685 3756 arpis;

2087 3777 2255 3847 ὑμᾶς.
2308 3775 2457 3846 Smpe
2497 3778 2693 3846 swpius
2731 3776 3028 3829 admiratus
3071 3776 3172 3843 fui,
3215 3792 3310 3827 cur
3352 3776 3569 3827 tandem
3612 3782 3681 3828 ad

2089 3886 2199 3923 vos.
2241 3867 2460 3923 Titulus
2487 3878 2668 3923 autem
2703 3868 2878 3922 editus
2913 3875 2996 3921 est
3020 3874 3075 3920 et
3110 3866 3161 3919 in
3193 3864 3449 3920 Latinum
3486 3884 3686 3922 versus

2087 3960 2332 4029 trajectis
2355 3961 2749 4030 aliquantisper
2774 3960 2975 4025 verbis,
3013 3968 3067 4013 ct
3088 3974 3213 4014 cum
3249 3968 3522 4013 tractatus
3546 3976 3692 4013 nunc

2088 4055 2277 4122 cupari
2316 4054 2621 4117 debuisset,
2652 4052 2830 4106 dictus
2862 4063 2946 4105 est
2981 4049 3187 4113 Sermo,
3227 4052 3334 4104 sine
3368 4051 3688 4118 dogmatica

2090 4144 2334 4213 Epistula
2362 4144 2425 4197 de
2455 4154 2643 4197 sancta
2678 4142 2938 4196 Trinitate
2971 4142 3039 4194 ad
3086 4158 3196 4206 eos,
3224 4143 3315 4211 qui
3342 4142 3518 4214 614
3566 4161 3687 4196 mo-

2089 4238 2346 4290 nasticam
2396 4236 2559 4289 vitam
2600 4236 2793 4304 degunt
2849 4235 2903 4286 in
2941 4235 3138 4300 patria,
3171 4234 3299 4285 dum
3353 4248 3500 4287 esset
3544 4235 3693 4289 Cor:-

2089 4328 2439 4396 stantinopoli
2469 4344 2587 4379 cum
2630 4327 2777 4379 beato
2806 4327 3061 4397 Gregorio
3091 4327 3335 4395 episcopo
3381 4324 3684 4387 Nazianzi,

2020 4431 2063 4484 ι)
2088 4436 2179 4473 seu
2212 4418 2559 4472 Nazianzeno
2590 4418 2894 4485 :potuisset
2923 4418 3028 4471 dici
3057 4417 3414 4484 dogmaticus,
3443 4433 3548 4470 seu
3569 4419 3687 4489 dig—

2092 4515 2343 4579 maticus,
2373 4511 2468 4567 sed
2504 4510 2704 4565 retinui
2732 4509 3019 4564 lectionem
3058 4508 3371 4577 dogmatici.
3428 4508 3683 4573 Quatuor

2092 4622 2287 4675 genera
2322 4604 2576 4669 docendi,
2614 4603 2729 4657 sive
2757 4600 3149 4671 interpretandi
3181 4614 3395 4653 sacram
3428 4599 3683 4671 Scripta-

2090 4713 2207 4753 ram
2250 4705 2602 4752 recensentur
2639 4715 2651 4749 :
2698 4694 2936 4764 primum
2984 4702 3067 4748 est
3091 4691 3493 4759 dogmaticum,
3524 4695 3683 4763 quasi

2091 4791 2478 4853 decretorium,
2512 4790 2747 4844 alterum
2778 4789 3203 4860 προστακτικὸν,
3238 4788 3358 4841 sive
3394 4788 3679 4857 imperati-

2090 4898 2241 4944 vum,
2276 4882 2500 4936 tertium
2545 4880 2842 4951 ὁριστικὸν,
2878 4880 3185 4935 deﬁniendo
3212 4894 3435 4947 nempe,
3488 4894 3554 4934 ac
3585 4880 3677 4934 de-

2089 4975 2467 5039 terminando;
2517 4982 2770 5043 quartum
2822 4972 3198 5042 propheticum
3222 5012 3239 5037 ,
3272 4970 3676 5033 denuntiando,

2092 5076 2251 5136 atque
2274 5066 2638 5136 praedicendo.
2671 5065 2975 5131 Διεξοδικύν
3001 5074 3085 5119 est
3114 5064 3277 5118 etiam
3297 5062 3563 5129 docendi,
3587 5080 3677 5118 seu

2092 5159 2363 5214 scribendi
2414 5175 2586 5229 genus
2645 5157 2722 5223 id,
2770 5171 2879 5227 quo
2946 5170 3035 5211 res
3085 5166 3385 5210 narrantur
3412 5167 3674 5225 perpetuo

2093 5266 2254 5306 cursu
2276 5250 2566 5305 orationis.
2589 5249 2794 5318 Dogma
2812 5248 3068 5303 definitur
3087 5263 3118 5303 a
3151 5247 3333 5302 Psello
3352 5247 3407 5300 in
3434 5248 3675 5301 oratione

2092 5345 2163 5399 42
2190 5344 2363 5399 sancti
2392 5343 2638 5414 Gregorii
2665 5340 2991 5396 Na7ianzeni
3023 5357 3075 5411 p.
3104 5340 3213 5396 939
3232 5380 3246 5402 ,
3274 5340 3360 5396 rei
3392 5341 3595 5403 dubia,
3624 5348 3675 5393 et

2093 5446 2461 5492 controversa!
2485 5443 2606 5505 post
2634 5443 2944 5490 accuratam
2993 5433 3413 5503 inquisitionem
3447 5448 3675 5501 pronun-

2093 5529 2224 5583 tiata
2251 5528 2540 5583 sententia.
2567 5526 2850 5582 Vocantur
2879 5525 3132 5595 dogmata
3161 5524 3367 5593 placita
3409 5538 3669 5579 sectarum

2095 5637 2123 5676 a
2151 5627 2340 5676 sancto
2367 5620 2708 5691 Augustino,
2746 5618 2785 5673 ι.
2820 5635 2862 5683 ι,
2890 5633 2941 5674 c.
2972 5616 3064 5682 10,
3103 5616 3312 5683 Quiut.
3342 5615 3669 5687 Evangelia;

2096 5712 2178 5769 sic
2231 5710 2493 5783 Dogmata
2537 5711 2865 5769 Medicorum
2906 5725 2936 5766 a
2985 5718 3176 5767 sancto
3224 5708 3565 5780 Hieronymo
3611 5708 3669 5763 ad
