3808 6226
120 320 248 387 1341

1302 332 1399 393 DE
1440 334 1818 397 OPERIBUS
1856 338 1917 397 S.
1961 338 2144 397 NILI.

3217 336 3357 401 1342

119 444 423 507 Paulinum,
448 444 771 514 Apiaria-ti,
793 457 848 501 et
888 447 1189 515 Opiniones,
1215 449 1329 505 sive
1355 449 1681 517 Sententiae;
1711 457 1759 515 Α
1788 452 1931 507 edita
1962 452 2083 519 fuit,
2140 468 2264 507 nam
2308 454 2611 522 appositum
2644 453 2691 506 ei
2731 452 2852 519 fuit,
2905 468 3004 507 nec
3037 455 3356 520 essentiam,

120 538 203 593 sic
232 537 490 608 Dogmata
516 537 946 608 philosophorum
964 554 995 591 a
1029 539 1313 604 Cicerone,
1341 550 1394 595 et
1420 543 1576 607 aliis;
1602 546 1685 597 sic

120 631 329 701 Regula!
349 631 577 698 juris,et
592 631 736 700 juris
760 632 1142 687 consultorum.
1169 631 1263 686 Est
1285 643 1339 687 et
1360 634 1688 690 Erotemati-

119 737 244 776 cum
278 722 550 777 scribendi
599 738 793 793 genus,
838 724 1219 794 interrogando
1249 726 1478 789 scilicet,
1522 734 1686 797 atque.

119 821 523 890 respondendo,
575 822 719 890 quod
756 830 810 875 et
838 823 1029 876 Cicero
1071 825 1265 892 probat
1311 824 1364 878 in
1425 825 1578 879 libris
1616 825 1688 878 De

118 924 327 965 oratore
356 912 422 966 ad
453 912 516 978 Q.
543 912 811 977 Fratrem,
840 922 895 967 et
922 914 973 966 in
1008 912 1414 979 Partitionibus,
1443 932 1535 970 seu
1571 915 1690 969 Dia-

118 1005 375 1075 logicum,
395 1006 538 1059 unde
565 1004 857 1075 Dialogista
880 1006 1059 1061 dictus
1088 1007 1395 1063 Antoninus
1410 1009 1474 1061 A.
1502 1025 1530 1062 a
1558 1008 1689 1063 Cas-

119 1095 224 1159 sio,
261 1102 319 1146 ut
350 1092 626 1148 Vulcatius
656 1093 969 1148 Gallic-anus
1011 1092 1273 1159 aflirmat;
1306 1095 1384 1147 sic
1415 1094 1690 1147 Deﬁnitio-

119 1199 218 1239 nes
268 1184 582 1239 orthodoxa:
629 1182 801 1248 Fidei,
846 1200 942 1239 seu
983 1184 1230 1239 Canones
1260 1224 1275 1248 ,
1329 1184 1686 1254 Regulzeque,

120 1274 499 1329 Ecclesiastica
533 1274 810 1345 Dogmata,
854 1275 921 1330 de
968 1277 1165 1346 quibus
1197 1278 1491 1346 inscriptus
1514 1288 1597 1333 est
1629 1279 1693 1332 li-

119 1370 218 1423 ber
262 1368 524 1423 Gennadii
582 1366 963 1433 Massiliensis,
995 1370 1267 1439 ascriptus
1313 1368 1449 1423 falso
1502 1376 1692 1424 sancto

118 1460 443 1531 Augustino,
473 1473 527 1514 et
553 1458 937 1515 Confessiones
978 1460 1125 1525 ﬁdei,
1166 1476 1261 1514 seu
1306 1459 1603 1526 ‘ExOéaezg,
1639 1460 1689 1513 id

120 1560 226 1615 est,
280 1548 677 1619 Expositiones,
716 1549 1025 1618 cujusmodi
1060 1560 1143 1603 est
1176 1549 1266 1602 illa
1295 1547 1590 1603 Justiniani
1624 1550 1689 1602 Α.

119 1655 243 1708 quae
273 1640 471 1695 inserta
504 1640 606 1695 fuit
630 1640 670 1697 ί.
701 1639 847 1694 Inter
865 1640 1040 1693 claras
1066 1640 1120 1705 4,
1154 1640 1215 1695 C.
1252 1640 1327 1694 De
1351 1657 1540 1694 summ.
1575 1639 1694 1695 Tri-

120 1735 219 1786 nit.
268 1733 408 1787 etin
458 1733 707 1788 conciliis
751 1734 1123 1799 meumcnicis,
1166 1733 1247 1787 vel
1274 1734 1693 1803 particularibus

118 1840 460 1894 quaecunque
485 1825 754 1895 symbola,
790 1824 903 1894 jam
934 1841 1105 1894 usque
1135 1841 1165 1879 a
1193 1826 1414 1879 Nicaeno
1456 1834 1690 1891 exstant,
1728 1803 1767 1857 Β

117 1917 340 1971 memini
366 1932 452 1971 me
478 1917 608 1971 olim
642 1916 841 1986 legisse
871 1918 923 1969 in
953 1917 1085 1971 Cod.
1112 1915 1235 1971 Vat.
1270 1917 1428 1981 1455,
1475 1935 1526 1986 p.
1556 1918 1691 1985 σλγ’,

118 2025 218 2063 seu
263 2002 366 2063 255
412 2023 662 2061 manusc.
712 2008 827 2062 haec
876 2027 889 2061 :
947 2008 1043 2060 Ἐκ
1079 2009 1178 2078 τῆς
1233 2007 1695 2078 ὲκκλησιαστικῆς

120 2106 367 2176 ἱστορίας
417 2105 692 2177 Θεοδώρου
763 2104 1136 2168 ’Δναγνώστου
1190 2104 1696 2158 Κωνσταντινουπό-

118 2199 278 2262 λεως.
307 2199 473 2252 Πόσαι
502 2200 557 2251 αἱ
587 2199 682 2269 τῆς
721 2198 957 2260 πίστεως
997 2197 1241 2260 ἐκθέσεις
1268 2214 1282 2228 ·
1311 2189 1471 2251 αὗται
1509 2197 1606 2266 μὲν
1638 2199 1695 2249 ὲν

116 2291 684 2344 Κωνσταντινουπόλει
712 2292 835 2343 τότε
870 2290 1273 2360 ἀνεγνώθησαν,
1317 2291 1475 2360 ἡμεῖς
1510 2290 1566 2342 δὲ
1603 2289 1696 2341 τὸν

114 2383 442 2453 λαῦύρινθον
479 2384 588 2435 τῶν
632 2384 899 2437 ἐκθέσεων
927 2381 1025 2450 ὀψέ
1068 2398 1197 2433 ποτε
1233 2381 1579 2445 διανύσαντες
1607 2382 1697 2433 τὸν

117 2475 539 2547 ἁπαριθμισμὸν
572 2475 753 2529 αὐτῶν
814 2474 1196 2544 συνηγάγομεν
1219 2488 1232 2502 °
1270 2475 1409 2543 μετὰ
1438 2474 1545 2545 γὰρ
1599 2475 1697 2544 τὴν

117 2570 180 2620 ὲν
204 2567 406 2637 Nntan
428 2567 629 2629 πίστιν,
655 2564 883 2636 ὕστερον
919 2566 976 2617 ὲν
1020 2565 1323 2633 Ἀντιοχείᾳ
1351 2567 1463 2627 τοῖς
1509 2567 1698 2631 ἐγκαι-

114 2657 257 2720 νίοις
299 2657 487 2716 δισσὰς
523 2655 769 2718 ἐκθέσεις
809 2654 1212 2726 ὑπηγόρευσαν,
1251 2653 1410 2724 τρίτη
1443 2656 1500 2707 δέ
1551 2657 1698 2707 ἐστιν

114 2751 154 2819 ἡ
175 2747 485 2802 ὲπιδοθεῖσα
503 2748 607 2801 ὑπὸ
620 2747 727 2800 τῶν
747 2746 875 2816 περὶ
892 2746 1203 2817 Νάρκισσον
1226 2747 1282 2798 ὲν
1302 2747 1422 2807 ταῖς
1448 2746 1696 2807 Γαλλίαις

111 2842 197 2911 τῷ
235 2842 442 2911 βασιλεῖ
471 2841 837 2893 Κωνστάντει.
873 2839 1031 2908 Ἀρτι
1056 2836 1334 2909 [τετάρτη]
1364 2836 1419 2889 δὲ
1447 2836 1563 2907 ήδι⁸
1596 2838 1700 2888 Εὐ-

112 2934 297 2998 δοξΐου
340 2934 452 2996 τοῖς
505 2933 562 2984 ὲν
608 2931 810 3003 Ἰταλίᾳ
852 2930 1190 3000 πεμφθεῖσα.
1253 2930 1341 2982 Ἐν
1373 2929 1430 2981 δὲ
1488 2929 1699 2998 Σιρμίῳ

111 3029 272 3098 τρεῖς
331 3023 787 3097 ὑπηγορεύθησαν
849 3018 922 3079 ὧν
965 3025 1064 3094 μία
1116 3026 1174 3076 ὲν
1249 3020 1511 3093 Ἀριμίνῳ
1563 3023 1701 3092 μετὰ

1786 559 1962 612 neque
1991 542 2395 597 subsistentiam
2448 544 2499 595 in
2564 542 2674 595 Deo
2730 542 2928 597 dicere.
2983 541 3072 596 Isti
3115 543 3359 611 Ulphilas

1786 636 2112 690 Gotzhorum
2137 635 2425 705 episcopus
2459 645 2586 689 tunc
2616 635 2847 704 primum
2883 635 3183 699 consensit,
3215 644 3362 689 ante-

1786 728 1919 780 riori
1956 742 2189 795 namque
2223 738 2461 796 tempore
2500 742 2643 788 eam,
2688 742 2809 795 quae
2835 724 3028 780 Nica‘re
3063 727 3164 779 fuit
3192 727 3360 779 stabi-

1788 818 1903 881 lita,
1952 818 2108 872 ﬁdem
2157 818 2441 885 amplexus
2477 827 2559 870 est
2606 818 2933 871 subsecutus
2977 816 3359 886 Theophilum,

1786 912 1877 980 qui
1906 910 2228 965 Gotthorum
2264 910 2553 977 episcopus
2586 907 2817 963 Nicaeus:
2847 910 3053 980 synodo
3094 908 3361 975 interfuit,

1787 1007 2240 1075 subscripsitque.
2291 1004 2411 1058 llaec
2440 1004 2657 1073 quidem
2684 1003 2749 1057 de
2779 1004 2879 1055 ista
2915 1019 2972 1056 re
3009 1002 3150 1056 dicta
3176 1002 3304 1056 sint.
3337 1022 3357 1052 ι

1788 1098 1917 1164 Quae
1947 1098 2387 1167 quandoquidem
2424 1096 2475 1148 in
2504 1094 2859 1149 Collectaueis
2894 1095 3063 1162 ipsius
3094 1092 3362 1147 Theodori

1790 1191 2013 1260 prolatis
2043 1190 2096 1243 in
2129 1189 2365 1243 editione
2396 1188 2691 1241 Parisiensi
2754 1187 2890 1240 1544
2923 1185 2975 1239 in
3010 1185 3103 1239 fol.
3142 1202 3247 1239 non
3276 1201 3363 1239 re-

1793 1282 2098 1350 periuntur,
2155 1280 2243 1333 hic
2282 1280 2436 1332 libuit
2479 1280 2739 1332 intexere.
2778 1277 2850 1330 Ea
2904 1279 3148 1346 profecto
3188 1278 3367 1331 lucem

1792 1370 2059 1440 accipient
2097 1370 2455 1425 clarissimam
2496 1385 2559 1422 ex
2598 1368 2716 1435 his,
2771 1384 2892 1434 quae
2942 1367 3097 1421 affert
3132 1367 3367 1424 Severus

1793 1460 2054 1531 Sulpitius
2103 1462 2157 1515 in
2207 1461 2302 1514 lih.
2336 1478 2370 1514 ll
2402 1459 2581 1514 Sacrae
2632 1459 2909 1521 Ilistoriw,
2944 1468 2996 1512 et
3027 1468 3213 1512 narrat
3243 1474 3369 1511 san-

1791 1565 1914 1609 ctus
1941 1554 2274 1608 Athanasius
2325 1557 2387 1605 de
2421 1552 2654 1623 Synodis
2704 1552 2955 1614 Arimini,
2988 1561 3039 1605 et
3081 1550 3363 1612 Seleucite.

1792 1662 1857 1701 ac
1892 1648 2093 1716 passim
2153 1656 2207 1699 et
2258 1644 2688 1713 llistoriographi
2732 1644 3108 1698 ecclesiastici.
3141 1642 3369 1695 Exstant

1796 1740 1967 1808 ipsius
2001 1740 2175 1793 sancti
2212 1737 2495 1791 Athanasii
2540 1738 2867 1804 symbolum,
2919 1736 3060 1804 quod
3116 1735 3169 1788 in
3197 1734 3369 1793 eccle-

1794 1832 2017 1886 siastico
2068 1831 2324 1883 recitatur
2371 1828 2580 1893 Ollicio,
2631 1837 2684 1882 et
2735 1828 3017 1895 Expositio
3076 1825 3239 1891 ﬁdei;
3276 1826 3368 1879 diu

1794 1934 1951 1978 antea
1986 1941 2014 1978 a
2046 1924 2203 1978 beato
2233 1921 2443 1976 Joanne
2476 1922 2807 1989 evangelista
2827 1930 3047 1975 sanctus
3074 1919 3371 1987 Gregorius

1793 2017 2266 2077 Neocmsarieusis,
2304 2032 2333 2069 a
2363 2016 2750 2069 miraculorum
2785 2015 2939 2080 copia
2979 2014 3158 2067 dictus
3189 2011 3366 2065 Thau-

1796 2116 2102 2179 matnrgus,
2136 2110 2399 2161 didicerat
2437 2108 2829 2161 interveniente
2868 2107 3216 2161 sanctissima
3245 2104 3370 2157 Vir-

1795 2201 1919 2271 gine
1950 2202 2038 2254 Dei
2094 2199 2369 2254 Genitriee
2414 2199 2628 2252 brevem
2687 2199 2806 2252 ﬁdei
2849 2197 3271 2260 confessionem,
3318 2196 3373 2258 in,

1797 2309 1900 2362 qua
1949 2294 2232 2353 asscritur,
2268 2287 2346 2354 εἷς
2399 2292 2529 2354 Θεὸς
2558 2290 2769 2359 Πατὴρ,
2812 2282 2891 2349 εἷς
2934 2289 3066 2351 θεὸς
3118 2289 3181 2339 ὲκ
3233 2286 3372 2339 Θεοῦ

1798 2385 1979 2451 σοφία,
2011 2383 2067 2435 ἓν
2090 2384 2314 2451 Πνεῦμα
2343 2384 2518 2450 ἆγιον,
2566 2400 2616 2452 p.
2651 2383 2705 2434 ll
2749 2380 3007 2450 Operum.
3054 2378 3375 2448 Promulga-

1796 2476 1939 2529 vitis
1966 2477 2186 2544 insuper
2208 2474 2611 2545 Expositionem
2638 2474 2757 2527 fidei
2789 2473 3050 2525 adversus
3070 2470 3368 2524 [Eli-anum.

1798 2569 2208 2623 Consueverant
2255 2568 2320 2621 ad
2358 2566 2650 2619 discrimen
2706 2566 3084 2618 haereticorum
3121 2564 3371 2617 catholici

1798 2661 2038 2730 episc0pi
2093 2675 2284 2713 recens
2339 2658 2492 2712 electi
2528 2660 2741 2711 mittere
2780 2656 3240 2725 Chirographum,
3279 2671 3373 2709 seu

1800 2753 1923 2807 ﬁdei
1977 2752 2289 2806 Formulam
2345 2751 2411 2805 ad
2447 2752 2582 2805 alios
2629 2749 2945 2819 episcopos;
2998 2756 3183 2819 postea
3229 2748 3373 2801 enim

1799 2848 2135 2918 pullularunt
2181 2847 2415 2900 lnereses
2448 2854 2705 2913 tanquam
2741 2844 2951 2897 zizania
2998 2843 3049 2895 in
3099 2842 3377 2911 Evangelii

1802 2956 1930 3011 agro
1956 2956 2078 2993 cum
2121 2951 2366 2993 semente
2395 2940 2537 2992 bona
2570 2939 2741 2991 laetius
2770 2937 3107 3005 germinante
3136 2953 3149 2987 :
3181 2935 3233 2987 in
3268 2935 3379 2989 ele-

1800 3031 1998 3085 ctionis
2040 3029 2353 3099 primordiis
2382 3029 2619 3097 episcopi
2644 3026 3083 3080 transmittebant
3118 3024 3219 3079 sibi
3263 3041 3382 3076 tnu-

112 3117 1691 3185 τῆςὺπατείας.............η.......

1807 3135 1903 3175 tuo
1937 3122 2228 3191 Epistolas,
2262 3128 2315 3173 et
2347 3119 2413 3173 ad
2446 3119 2604 3173 Rern.
2658 3118 2991 3188 pontiﬁcem,
3023 3124 3075 3170 et
3116 3115 3182 3169 ad
3215 3114 3376 3167 Rom.

116 3207 412 3276 (Εὐσεὸίου
450 3207 543 3260 καὶ
580 3206 895 3277 ⁹Υπατὶου),
927 3207 1161 3278 legerem
1192 3220 1222 3257 e
1256 3203 1588 3260 Gothofredo
1646 3204 1699 3257 in

112 3299 385 3353 Chronol.
410 3298 541 3353 Cod.
578 3297 850 3353 Theodos.
885 3299 952 3352 ad
988 3312 1191 3351 annum
1232 3296 1433 3350 Christi
1473 3294 1538 3349 N.
1571 3294 1695 3349 559.

128 3390 497 3459 Ἀνεγνώσθη.
537 3390 799 3459 Ὀγδόηδέ
854 3391 1002 3441 ἐστιν
1048 3390 1081 3458 ἠ
1139 3389 1198 3441 ὲν
1256 3388 1580 3458 Σελευκείᾳ,
1633 3386 1701 3456 ἢν

116 3479 327 3549 οἱπερὶ
382 3478 635 3531 Ἀκάκιον
668 3476 1098 3545 ἁνεγνώκεισαν,
1150 3477 1437 3531 τελευταία
1474 3477 1529 3529 δὲ
1580 3477 1702 3547 ἥτις

113 3570 177 3621 ἐν
207 3567 742 3621 Κωνσταντινοπόλει
770 3566 909 3636 μετὰ
935 3567 1035 3633 τῆς
1056 3565 1699 3636 προσθήκηςνὲκδέδοται.

111 3660 455 3731 Προσέκειτο
505 3659 615 3729 γὰρ
646 3658 781 3729 αὐτῇ
831 3659 965 3727 μήτε
990 3650 1200 3720 οὐσίαν,
1238 3658 1373 3727 μήτε
1404 3658 1703 3709 ὑπόστασιν

113 3755 217 3806 ἐπὶ
250 3752 386 3805 Θεοῦ
419 3752 620 3821 λέγειν.
655 3752 839 3822 Ταύτῃ
874 3752 967 3806 καὶ
1012 3752 1283 3819 Οὐλφίλας
1333 3751 1441 3802 τῶν
1491 3750 1703 3803 Γότθων

114 3844 424 3906 ἐπίσκοπος
460 3843 582 3896 τότε
600 3843 815 3912 πρῶτον
838 3842 1113 3894 συνέθετοο
1131 3842 1239 3894 τῶν
1262 3840 1370 3911 γὰρ
1396 3840 1704 3909 ἔμπροσθεν

111 3936 359 4006 χρόνων,
390 3935 486 4005 τὴν
522 3936 580 3987 ὲν
628 3935 835 4005 Νικαίᾳ
884 3934 1067 3986 πίστιν
1102 3933 1379 3995 ἀσπάζετο
1434 3933 1703 4001 ἑπόμενος

111 4026 371 4095 θεοφίλῳ
401 4025 458 4087 ὃς
484 4023 592 4077 τῶν
620 4023 833 4076 Γότθων
866 4023 1166 4085 ἐπίσκοπος
1190 4021 1265 4075 ὢν
1300 4024 1366 4092 τῇ
1418 4024 1473 4073 ὲν
1498 4022 1543 4073 Ν
1553 4021 1705 4092 ικαίᾳ

111 4118 339 4187 Συνόδῳ
393 4117 583 4188 παρὼν
632 4116 1046 4187 καθυπέγραψε.
1110 4115 1361 4169 Τοσαῦτα
1414 4116 1512 4185 μὲν
1576 4116 1705 4183 περὶ

108 4208 298 4263 ταῦτα
324 4208 583 4280 εἰρήσθω.
618 4207 749 4273 Quae
768 4207 958 4262 Latine
985 4208 1059 4261 ita
1091 4206 1334 4261 reddidi:
1362 4224 1378 4255 t
1409 4206 1494 4260 Ea:
1522 4205 1705 4259 Eccle-

110 4304 347 4357 siastica
384 4301 629 4354 Historia
660 4299 931 4354 Theodori
959 4299 1206 4354 Lectoris
1238 4300 1703 4367 Constantinopo-

112 4397 215 4452 lis.
260 4394 490 4459 Quanta:
531 4394 639 4446 sint
688 4391 837 4444 Fidei
878 4389 1275 4459 Expositiones.
1320 4388 1441 4445 Isne
1483 4391 1700 4460 quidem

1810 3214 2130 3275 Ecclesium,
2191 3227 2312 3281 quae
2342 3210 2498 3280 quasi
2550 3210 2614 3263 ad
2649 3220 2895 3264 centrum
2948 3209 3103 3262 linea:
3136 3206 3378 3261 omnium

1801 3307 2185 3375 episeOporum
2212 3302 2694 3358 ecircuml‘erentia
2726 3303 2891 3356 totius
2921 3301 3081 3355 Orbis
3108 3308 3377 3354 terrarum

1804 3398 2178 3452 referebantur
2211 3438 2226 3461 ,
2266 3397 2535 3450 vocabant
2588 3394 2905 3464 Encyclicas
2932 3433 2948 3457 ,
3001 3392 3379 3446 communica-

1804 3490 2009 3544 toriase
2038 3507 2081 3543 s.
2102 3489 2335 3558 August.
2358 3487 2514 3555 epist.
2544 3486 2666 3548 165,
2692 3494 2745 3538 et
2765 3484 3023 3540 formatas
3058 3500 3121 3537 ex
3165 3482 3371 3552 Optat.,

1803 3597 2034 3651 qttarum
2067 3580 2326 3634 societate
2354 3578 2763 3632 concordabant
2792 3596 2805 3631 :
2841 3576 3232 3646 professionem
3277 3575 3382 3627 ﬁla:

1804 3674 2177 3736 continebant,
2214 3687 2309 3727 seu
2346 3670 2637 3724 formulam
2670 3669 2814 3731 fidei,
2866 3669 2944 3721 uti
2983 3678 3245 3722 tesseram
3285 3682 3380 3736 pro

1803 3764 2172 3819 ecclesiastica
2210 3764 2584 3823 unanimitate,
2622 3772 2783 3829 atque
2810 3761 3193 3814 communione
3229 3777 3242 3812 :
3274 3759 3379 3811 ltu-

1799 3856 2104 3926 joscemodi
2142 3865 2222 3909 est
2261 3856 2487 3923 epistola
2518 3853 2737 3933 Damasi
2772 3868 2921 3923 papa:
2956 3852 3115 3923 primi
3151 3852 3215 3905 ad
3241 3851 3383 3905 Pau-

1806 3949 1977 4002 linum
2011 3948 2326 4015 episcOpum
2369 3946 2766 3999 Antiochenum
2817 3946 2869 3997 in
2903 3954 3033 3998 tom.
3069 3944 3297 3997 Concill.
3324 3960 3378 4013 p.

1803 4040 1929 4094 2%.
1964 4040 2094 4093 edit.
2138 4038 2337 4093 Crabb.
2379 4038 2707 4092 Theodorel.
2752 4037 2901 4092 Ilist.
2948 4037 3147 4090 Eccles.
3189 4036 3282 4090 lib.
3327 4054 3380 4096 v,

1805 4149 1855 4187 c.
1890 4131 1976 4187 l0.
2020 4130 2149 4184 Vide
2182 4131 2454 4184 Honorem
2510 4129 2734 4183 llonorii
2788 4146 2818 4183 a
2871 4145 2954 4183 me
3007 4130 3379 4194 vindicatum;

1806 4240 1930 4278 nam
1972 4233 2026 4278 et
2059 4232 2182 4277 ante
2208 4226 2675 4276 consecrationem
2716 4223 2949 4276 edebant
2998 4221 3118 4275 ﬁdei
3175 4220 3383 4275 formu-

1806 4318 1934 4383 lam;
1958 4324 2012 4369 et
2044 4316 2157 4385 ipse
2186 4314 2465 4370 Romanus
2497 4313 2737 4385 pontifex
2763 4314 3099 4384 reliquorum
3133 4313 3383 4381 princeps

1806 4410 1969 4465 istum
1992 4423 2322 4461 consensum
2348 4407 2657 4475 praestabat,
2690 4423 2781 4460 seu
2806 4404 3201 4475 professionem
3236 4405 3384 4468 ﬁdei,

109 4485 601 4553 ConstantinOpoli
648 4494 779 4537 tunc
814 4484 964 4537 lectae
1002 4482 1256 4547 fuerunt,
1300 4499 1399 4537 nos
1443 4499 1569 4538 vero
1606 4483 1691 4537 La-

1809 4518 1928 4570 quae
1966 4500 2160 4569 legitur
2189 4500 2241 4553 in
2273 4500 2506 4553 concilio
2530 4500 2904 4553 Constantien.
2935 4514 3069 4551 sess.
3091 4496 3158 4551 59
3186 4497 3387 4549 editio-

111 4579 445 4654 byrinthum
498 4576 912 4646 Expositiouum
972 4575 1185 4629 tandem
1243 4574 1537 4644 aliquando
1580 4590 1704 4630 cum

111 4669 749 4746 perfecissemus,615
789 4685 1075 4722 numerum
1101 4670 1314 4722 illarum
1368 4669 1703 4736 collegimus.

114 4770 343 4822 Etenim
378 4774 497 4835 post
515 4765 671 4817 lidem
706 4762 897 4816 Nicwae
925 4763 1147 4826 editam,
1170 4762 1292 4815 dein
1326 4762 1628 4817 Antiochiae
1654 4763 1705 4815 in

109 4860 422 4923 Encaeniis,
469 4860 582 4912 sive
626 4865 879 4909 renovata
912 4854 1175 4917 Ecclesia,
1212 4864 1302 4907 aut
1338 4857 1517 4923 potius
1562 4855 1710 4908 exci-

109 4963 242 5007 tato
276 4952 579 5013 Dominico,
603 4965 668 5004 ex
723 4947 1076 5018 Hieronymo,
1117 4948 1363 5012 Socrate,
1399 4947 1709 5001 Sozomeno

105 5064 172 5106 et
222 5050 492 5103 Albanas.
560 5046 806 5115 duplices
862 5045 1245 5117 Ettpositioues
1295 5056 1705 5115 suggesserunt.

108 5141 315 5197 Tertia
359 5156 491 5195 vero
534 5150 638 5202 est,
674 5155 795 5207 qua:
837 5138 1031 5191 tradita
1062 5135 1162 5189 fuit
1201 5137 1268 5189 ab
1314 5138 1420 5200 his,
1456 5138 1547 5206 qui
1580 5152 1707 5190 cum

106 5239 394 5293 Narcisso
422 5245 580 5292 erant
614 5237 666 5289 in
711 5234 923 5298 Galliis,
956 5243 1010 5289 et
1041 5234 1218 5288 oblata
1246 5233 1560 5304 imperatori
1609 5233 1711 5289 fuit

110 5329 446 5385 Constanti.
499 5327 706 5391 Quarta
735 5338 915 5381 autem
958 5326 1027 5379 ab
1058 5325 1304 5381 Eudoxio
1334 5326 1499 5379 missa
1540 5342 1711 5396 nuper

110 5421 236 5485 his,
268 5420 363 5489 qui
397 5430 554 5473 erant
586 5420 639 5472 in
669 5418 855 5484 ltalia;
890 5417 1073 5470 Sirmii
1104 5433 1232 5470 vero
1273 5426 1384 5471 tres
1415 5417 1711 5472 enuntiata:

106 5510 534 5577 sunt,|quarum
560 5522 666 5560 una
692 5506 923 5559 Arimini
954 5516 1073 5574 post
1101 5506 1445 5561 consulatum
1471 5505 1709 5571 Eusebii,

103 5608 170 5653 et
196 5596 419 5669 Hypatii
452 5598 589 5652 lecta
620 5596 750 5661 fuit;
781 5594 981 5651 Octava
1028 5604 1130 5663 est,
1182 5612 1302 5666 qua:
1345 5598 1447 5651 fuit
1494 5599 1710 5653 condita

108 5690 417 5754 Seleuciae,
464 5704 629 5760 quam
673 5690 766 5759 qui
814 5706 938 5745 cum
990 5691 1189 5745 Acacio
1237 5699 1394 5745 erant
1444 5690 1708 5762 legerunt.

110 5784 336 5841 Ultima
366 5784 621 5855 denique,
655 5798 776 5855 qua:
795 5784 1265 5856 Constantinopoli
1291 5799 1415 5841 cum
1437 5784 1714 5843 additione

1810 4594 1895 4647 nis
1934 4591 2274 4656 Crabbianae,
2306 4600 2359 4645 et
2385 4592 2436 4643 in
2468 4590 2736 4644 Basileen.
2783 4607 2920 4645 sess.
2952 4590 3023 4643 25
3065 4598 3118 4643 et
3164 4588 3251 4642 58.
3292 4586 3384 4640 Di-

1810 4686 1951 4740 rexit
1984 4683 2319 4737 Francorum
2354 4684 2461 4749 regi
2504 4684 2851 4738 Chihlebet-to
2893 4682 3144 4751 Pelagius
3177 4697 3308 4750 papa
3334 4697 3383 4735 c.

1811 4774 2197 4844 Satagendum,
2238 4775 2403 4845 616
2422 4774 2515 4836 ‘25,
2538 4792 2593 4844 q.
2612 4773 2652 4837 1,
2668 4773 2916 4843 Philippo
2948 4774 3129 4826 itidem
3150 4770 3389 4824 Franco-

1812 4885 1930 4922 rum
1945 4883 2161 4937 quoque
2178 4866 2307 4936 Regi
2323 4869 2372 4936 (e
2386 4866 2603 4931 Bzovio,
2619 4878 2669 4921 et
2689 4866 2894 4936 Rubeo)
2913 4866 3218 4918 Bonifacius
3241 4873 3390 4917 octa-

1809 4976 1910 5014 vus
1934 4976 2078 5025 eam,
2124 4976 2288 5029 quam
2344 4969 2472 5012 tunc
2521 4959 2636 5028 ipse
2686 4960 3028 5023 recitaverat,
3065 4959 3192 5012 dum
3226 4958 3388 5011 iniret

1811 5052 2208 5122 pontificatum,
2261 5062 2548 5119 exstatque
2603 5067 2704 5105 ms.
2758 5052 2812 5103 in
2877 5050 3074 5105 Codice
3128 5048 3389 5103 Vaticano

1810 5145 1970 5199 4905.
2008 5143 2193 5197 Refert
2220 5153 2271 5197 et
2308 5144 2447 5196 hanc
2478 5142 2872 5210 professionem
2901 5142 3195 5196 cardinalis
3223 5141 3389 5193 Baro-

1811 5238 1938 5292 nius
1991 5249 2141 5290 tomo
2193 5235 2240 5288 Χ
2271 5236 2563 5289 Annalium
2613 5234 3106 5289 ecclesiasticarum
3150 5233 3213 5286 ad
3258 5248 3384 5286 ann.

1812 5327 1935 5394 869,
1982 5342 2012 5382 e
2048 5326 2249 5382 Codice
2295 5327 2509 5379 calamo
2550 5334 2777 5380 exarata
2810 5326 3032 5379 Antonii
3076 5326 3387 5393 Augustini.

1812 5422 1903 5490 qui
1920 5436 2036 5474 eam
2062 5420 2430 5488 exscripserat
2453 5434 2483 5472 e
2500 5418 2697 5472 diurno
2729 5418 2918 5473 codice
2938 5416 3201 5472 Vaticano
3226 5417 3387 5471 5302.

1813 5514 1945 5568 Eam
1969 5513 2094 5567 inde
2121 5510 2325 5575 laudat,
2346 5520 2402 5566 et
2422 5527 2452 5566 e
2478 5510 2769 5564 Panormia
2808 5509 2988 5564 lvonis
3015 5510 3391 5575 Caruotensis,

1813 5604 2106 5660 cardinalis
2122 5602 2402 5667 Cusanus,
2432 5618 2528 5657 seu
2560 5603 2627 5657 de
2664 5601 2830 5664 Cusa,
2860 5602 2953 5656 lib.
2980 5618 3017 5657 ll
3051 5600 3126 5654 De
3172 5617 3390 5654 concor-

1814 5697 2000 5751 dantia
2020 5694 2301 5759 catholica,
2325 5710 2379 5764 p.
2414 5694 2536 5750 745.
2569 5693 2643 5749 De
2667 5694 2756 5748 illa
2781 5694 3027 5763 Crespel.
3062 5692 3198 5748 inV.
3232 5692 3393 5761 Papa:

1815 5789 2091 5862 professio.
2149 5785 2555 5846 Professionem
2588 5787 2712 5845 ﬁdei
2744 5786 3017 5845 Adrianus
3064 5786 3225 5844 etiam
3255 5800 3394 5855 papa
