3808 6226
423 272 560 336 1313

1354 281 1502 342 JOS.
1548 285 1814 347 MARUE
1858 289 2222 353 SUARES-II
2257 295 2759 356 DISSERTATIO

3584 296 3698 361 1344

416 388 778 449 exhibuerat;
820 388 1045 442 abbates
1076 404 1291 458 quoque
1324 403 1487 460 atque
1528 394 1652 450 laici
1690 396 1998 454 Professio-
2026 406 2074 462 Α
2102 406 2300 473 opinor
2348 406 2608 474 scriptam
2638 404 2937 475 Epistolam
2969 403 3070 458 251
3124 404 3221 457 lib.
3260 421 3274 457 I
3314 403 3525 459 Isidori
3557 407 3701 459 Petu-

418 496 513 533 lies
535 480 842 544 ediderunt,
869 490 923 534 et
955 483 1377 538 transmiserunt
1412 502 1584 556 papze,
1615 497 1675 542 ut
1702 489 1997 561 Gregorius

418 573 704 627 Pauzanus
734 574 1023 643 episcopus
1062 574 1297 630 Mileten.
1346 577 1400 632 in
1458 596 1559 635 ms.
1609 581 1999 640 Dissertatione

415 662 483 715 de
515 664 823 717 ohedientia
852 666 1093 734 pontiﬁci
1116 666 1351 722 Maximo
1374 670 1618 725 exhiberi
1649 674 1809 727 solita
1842 690 1870 727 a
1907 690 1995 729 rev

418 758 575 823 gibus
605 774 618 811 :
656 760 993 813 recensetita
1036 760 1263 817 Flaccus
1292 763 1542 831 Albinus,
1584 767 1698 822 sive
1733 769 2001 825 Alcuinus

417 866 557 913 eam,
590 866 751 921 quam
802 854 1169 921 promulgavit
1224 855 1287 908 R.
1320 857 1378 910 Ρ.
1414 856 1739 915 Franciscus
1784 862 2000 917 Chime-

419 940 562 1005 lius,
609 940 835 995 Divioue
883 943 1020 996 1656
1064 945 1116 998 in
1152 945 1207 999 4.
1247 946 1320 999 lta
1376 946 1662 1004 Heraclius
1705 952 2000 1022 imperator

414 1034 559 1087 circa
592 1034 1090 1102 Muuothelismum,
1113 1056 1205 1093 seu
1242 1042 1577 1099 voluntatem
1601 1047 1815 1101 unicam
1842 1048 2001 1104 Chri-

416 1126 481 1176 sti
504 1140 518 1190 ;
536 1126 657 1193 jure
672 1127 951 1182 damnavit
970 1130 1112 1182 illam
1132 1130 1524 1205 Joannespapa
1552 1136 1604 1189 in
1622 1138 1852 1208 synodo,
1872 1150 1927 1195 et
1944 1142 1998 1195 in

414 1218 663 1285 epistola,
697 1236 861 1289 quam
889 1224 1108 1291 scripsit
1139 1225 1203 1277 ad
1235 1225 1653 1283 Constantinum
1673 1230 1742 1286 A.
1773 1248 1802 1285 e
1825 1230 2003 1289 Theo-

416 1309 611 1376 phane,
657 1318 708 1364 et
747 1311 1018 1367 Cedreno.
1052 1314 1117 1367 Et
1164 1316 1459 1384 imperator
1496 1336 1666 1376 ausus
1718 1337 1860 1377 arca:
1904 1323 1999 1379 Dei

420 1414 637 1453 manum
669 1402 982 1466 admovere,
1021 1408 1196 1460 instar
1225 1408 1391 1473 Oziae,
1423 1422 1475 1464 et
1515 1412 1796 1467 thuribulo
1837 1431 2002 1484 super

419 1491 585 1543 altare
615 1492 1007 1560 thymiamatis,
1047 1496 1191 1547 velut
1234 1497 1418 1562 Ozias,
1460 1500 1658 1554 misere
1693 1504 1998 1567 cruciatus,

416 1591 468 1634 et
492 1598 783 1650 percussus
817 1587 1039 1651 interiit,
1071 1591 1213 1643 sicut
1250 1591 1377 1644 Saul
1402 1592 1597 1646 offerre
1624 1595 1997 1651 holocaustum

412 1678 468 1722 et
515 1672 739 1740 paciﬁca
773 1674 922 1745 (Reg.
954 1677 1045 1731 lib.
1080 1677 1099 1730 l
1130 1695 1178 1733 e.
1214 1696 1334 1741 xm,
1373 1690 1425 1734 et
1458 1682 1552 1736 lib.
1586 1682 1650 1746 ll,
1684 1700 1803 1754 cap.
1836 1704 1918 1754 v1;
1946 1698 1999 1742 et

2103 496 2259 549 sieta:
2288 494 2361 548 De
2407 494 2555 549 Veste
2581 494 2849 561 Ludibrii,
2885 495 2977 548 ubi
3014 496 3317 550 Diacunum
3350 512 3489 549 eum
3542 500 3701 551 nomi-

2099 597 2227 651 nat;
2254 596 2308 641 et
2353 586 2581 642 forsitan
2626 589 2691 641 ad
2736 587 2857 657 ejus
2890 597 3136 657 patrem,
3181 597 3269 642 est
3323 590 3514 657 ipsius
3543 591 3699 644 sancti

2100 676 2342 745 Gregorii
2382 676 2714 733 Nazianzeni
2745 678 2905 749 epist.
2950 679 3074 733 155.
3130 679 3227 735 Est
3247 688 3306 733 et
3350 681 3505 734 inter
3545 681 3701 750 Ope-ra

2100 769 2428 825 Nazianzeni
2457 772 2524 826 de
2567 772 2673 826 ﬁde
2703 771 2921 826 Nicaena
2963 780 3255 833 tractatus,
3290 788 3389 826 seu
3422 772 3702 826 Confessio

2101 863 2222 917 ﬁdei
2258 864 2311 917 in
2342 864 2587 918 oratione
2619 865 2719 928 50,
2754 863 2970 918 Rufﬁno
3002 863 3339 934 Presbytero
3391 862 3603 917 Latino
3632 864 3703 916 in-

2103 964 2368 1025 terprete,
2410 970 2463 1024 p.
2507 955 2666 1011 1006.
2710 954 2777 1009 Et
2818 965 2947 1011 sunt
2995 956 3119 1010 duae
3146 956 3476 1014 orationes.
3527 970 3705 1023 nempe

2100 1047 2163 1103 51
2196 1057 2250 1103 et
2287 1048 2392 1109 52,
2429 1049 2495 1102 ad
2535 1048 2862 1102 Cledonium
2896 1048 3282 1119 presbyterum
3323 1047 3395 1101 de
3420 1046 3705 1115 Capitibus

2102 1139 2260 1204 ﬁdei,
2308 1155 2431 1208 quae
2468 1138 2707 1194 conferri
2749 1147 2981 1208 possunt
3016 1154 3139 1193 cum
3170 1139 3277 1194 isto
3304 1148 3590 1203 tractatu,
3620 1154 3702 1192 seu

2100 1230 2330 1299 epistola
2364 1229 2615 1300 Evagrii;
2660 1232 2803 1286 sicut
2844 1241 2899 1286 et
2934 1232 3110 1286 oratio
3139 1232 3211 1286 49
3248 1232 3321 1287 de
3362 1232 3515 1295 ﬁde,
3557 1230 3705 1299 cujus

2100 1322 2370 1393 interpres
2403 1322 2506 1377 fuit
2538 1324 2676 1378 idem
2711 1322 2984 1388 Bullinus,
3018 1339 3071 1392 p.
3096 1324 3223 1378 997.
3248 1323 3504 1377 Amabat
3532 1333 3703 1376 autem

2102 1430 2231 1470 SttOS
2268 1417 2534 1470 diaconos
2564 1425 2788 1470 sanctus
2836 1415 3131 1486 Gregorius
3167 1414 3573 1469 Nazianzenus
3601 1453 3617 1477 ,
3659 1424 3704 1467 et

2101 1508 2501 1573 condiaconos,
2537 1515 2596 1562 ut
2629 1508 2864 1577 appellat
2891 1518 2943 1562 et
2972 1506 3279 1577 Eugenium
3303 1549 3320 1571 ,
3355 1519 3533 1577 atque
3560 1521 3701 1560 com-

2102 1602 2328 1654 mendat
2359 1600 2673 1655 Euthalium
2711 1600 2878 1669 epist.
2916 1599 3018 1655 158
3043 1609 3101 1655 et
3143 1601 3268 1656 159.
3324 1599 3591 1670 Synodos
3617 1614 3702 1651 au-

2105 1701 2209 1747 tem
2235 1691 2707 1761 ConstantinOpoli
2735 1694 2873 1747 duas
2899 1703 3028 1747 tunc
3047 1692 3262 1747 habitas
3309 1690 3491 1747 fuisse
3524 1692 3590 1746 ad
3615 1707 3701 1744 an-

416 1759 747 1853 Paratipom.
803 1767 895 1819 lib.
928 1767 994 1831 ll,
1035 1785 1155 1839 rap.
1202 1788 1364 1838 xxvr;
1407 1772 1463 1826 S.
1499 1775 1866 1844 Augustinus,
1898 1781 1991 1836 lib.
2028 1754 2073 1813 Β
2104 1801 2234 1840 num
2265 1802 2295 1839 a
2324 1784 2387 1838 C.
2420 1783 2485 1838 N.
2654 1784 2924 1853 sagaciter
2951 1784 3139 1837 Binius
3175 1784 3232 1837 in
3266 1782 3434 1838 Nutis
3470 1783 3541 1836 ad
3566 1782 3700 1837 Con-

414 1868 524 1906 xvu
552 1852 630 1907 De
661 1857 871 1910 civitate
906 1858 1021 1923 Dei,
1053 1877 1173 1929 cap.
1207 1863 1262 1927 4,
1286 1872 1339 1915 et
1368 1864 1436 1916 ibi
1460 1863 1998 1938 Coquazus),pra:su-

414 1958 591 2010 mens,
620 1956 666 1998 et
701 1949 978 2015 propheta:
1008 1967 1229 2015 munus,
1277 1964 1442 2023 atque
1485 1959 1786 2015 sacerdotis
1840 1978 2000 2016 usur-

416 2050 571 2102 pans,
620 2038 866 2105 abiectus
898 2040 997 2095 fuit
1023 2060 1051 2096 a
1091 2044 1221 2098 Deo.
1276 2046 1341 2099 At
1376 2049 1545 2102 multo
1581 2050 1797 2107 felicius
1830 2069 1999 2124 expo-

414 2129 524 2181 suit
557 2145 713 2183 suam
756 2131 939 2186 Fidem
968 2136 1292 2191 catholicam
1324 2137 1688 2207 Justiniauus,
1729 2155 1787 2199 ut
1832 2162 1995 2217 supe-

412 2220 530 2273 rius
557 2222 866 2277 observavi.
901 2224 1188 2281 Mittebant
1221 2231 1500 2297 pontiﬁces
1532 2234 1673 2289 Max.
1703 2236 1853 2291 Fidei
1884 2240 1997 2293 for-

418 2311 623 2364 mulam
669 2315 733 2367 ad
761 2317 898 2370 alios
921 2318 1230 2388 episropos,
1267 2333 1321 2374 et
1364 2323 1431 2376 ad
1482 2326 1592 2379 AA.
1628 2338 1686 2381 ut
1740 2329 1840 2398 ipsi
1876 2346 1994 2387 eam

409 2403 890 2473 amplecterentur,
921 2419 975 2463 et
1001 2423 1397 2481 sequerentur;
1435 2426 1489 2470 at
1528 2422 1766 2489 episcopi
1801 2424 1912 2487 alii,
1945 2434 1999 2480 et

408 2496 521 2551 AA.
562 2500 629 2553 ad
660 2503 941 2567 pontifices
983 2504 1269 2574 Maximos,
1307 2523 1363 2563 ut
1391 2512 1466 2564 illi
1508 2530 1627 2568 eam
1668 2518 1994 2587 comproba-

410 2598 552 2654 rent,
596 2592 642 2645 si
673 2610 805 2647 sana
864 2606 1050 2660 esset;
1098 2600 1179 2651 vel
1224 2604 1563 2673 corrigerent
1611 2608 1655 2661 si
1715 2624 1992 2678 perversa,

408 2680 527 2734 fuse
558 2680 844 2739 Ferrarius
896 2687 947 2739 in
997 2688 1091 2741 lib.
1131 2688 1205 2742 De
1254 2692 1436 2764 Autiq.
1472 2697 1744 2761 epistolar.
1784 2700 1991 2757 Eccles.

403 2789 601 2841 gener.,
623 2778 923 2843 praesertim
954 2779 1043 2832 lib.
1076 2797 1135 2845 ll,
1162 2797 1212 2835 c.
1246 2782 1298 2837 6.
1339 2784 1532 2842 Verum
1566 2801 1625 2845 ut
1657 2803 1897 2848 revertar
1924 2796 1992 2849 ad

403 2864 767 2935 dogmaticam
804 2868 963 2922 istam
1012 2873 1323 2941 epistolam,
1368 2880 1449 2931 vel
1479 2897 1821 2946 sermonem,
1878 2886 1995 2941 sive

403 2965 717 3035 tractatum,
753 2960 1013 3032 ἐπιστολὴ
1047 2979 1283 3035 namque
1332 2970 1552 3036 dicitur,
1587 2982 1749 3043 atque
1793 2974 1949 3044 λόγος
1975 3018 1990 3040 ,

402 3047 724 3102 crediderim
761 3049 909 3105 illius
959 3064 1238 3153 auctorem
1267 3057 1581 3131 Evagrium,
1624 3065 1715 3133 qui
1766 3069 1831 3120 ad
1869 3070 1991 3122 dia-
2019 3091 2065 3153 C

402 3148 659 3193 conatum
688 3151 982 3210 provectus
1005 3144 1110 3199 fuit
1132 3162 1162 3202 a
1188 3160 1378 3205 sancto
1402 3151 1666 3223 Gregorio
1694 3155 1993 3214 Nazianze-

408 3245 500 3295 no,
537 3240 592 3285 ut
621 3234 946 3301 praedicaret
992 3238 1161 3307 (quod
1209 3250 1329 3294 erat
1368 3258 1567 3299 munus
1615 3247 1990 3313 diaconorum,

404 3321 565 3390 idque
612 3323 666 3376 in
718 3326 1069 3383 ordinatione
1121 3330 1365 3398 ipsorum
1419 3335 1578 3389 hodie
1629 3353 1847 3409 quoque
1885 3341 1993 3396 illis

402 3414 810 3485 committitur);
844 3433 1020 3488 neque
1054 3436 1182 3475 vero
1215 3423 1410 3479 licebat
1446 3426 1531 3481 his
1559 3430 1854 3497 praedicare
1888 3434 1994 3487 nisi

402 3505 586 3569 ﬁdem,
627 3523 791 3576 quam
829 3512 1243 3579 proﬁtebantur,
1273 3525 1538 3582 tenerent,
1574 3530 1631 3574 ut
1669 3537 1788 3576 eam
1819 3540 1992 3595 popu-

402 3596 469 3652 lis
496 3602 907 3664 aununtiarent,
937 3606 1066 3672 quin
1092 3604 1419 3679 EpiscOpum
1446 3612 1827 3668 custodiebant
1853 3631 1989 3669 con-

403 3690 714 3745 ciouaniem
746 3734 759 3756 ,
806 3712 875 3750 ne
915 3697 1043 3765 quid
1099 3698 1202 3768 ipsi
1254 3701 1527 3758 excideret
1564 3705 1669 3760 nisi
1725 3708 1991 3762 orthodo-

402 3798 530 3836 xum
579 3792 633 3839 et
683 3784 829 3841 Fidei
889 3789 1089 3859 regulis
1138 3806 1481 3861 consonum;
1548 3798 1691 3852 unde
1738 3799 1991 3857 Clemens

402 3874 456 3926 in
482 3873 912 3935 Constitutionib.
949 3883 1187 3952 ApostoP.
1239 3886 1331 3941 lib.
1360 3904 1418 3954 ll,
1457 3903 1507 3943 c.
1543 3889 1632 3953 61,
1661 3890 1987 3963 Episcopum

402 3963 763 4022 Gubernatori
795 3972 1029 4038 c0nfert,
1057 3973 1325 4031 Diaconos
1355 3978 1559 4034 nautis.
1595 3979 1653 4034 S.
1699 3981 1990 4055 Dionysius

401 4058 664 4113 diaconos
734 4073 1067 4132 purgantes,
1126 4067 1413 4136 episcopos
1479 4073 1823 4140 perﬁcientes
1879 4092 1988 4129 vo—

404 4159 534 4216 rat,
588 4163 852 4223 erantque
918 4159 1173 4211 custodes
1235 4158 1436 4215 Levita:
1495 4164 1872 4231 tabernaculi,
1929 4179 1990 4223 ut

402 4241 550 4297 Elias
594 4244 649 4298 in
686 4248 989 4302 orationem
1045 4251 1071 4303 1
1136 4254 1308 4306 sancti
1364 4253 1611 4324 Gregorii
1654 4257 1987 4315 Nazianzeni

404 4344 554 4390 notat
600 4352 653 4406 p.
712 4339 852 4405 l57;
906 4344 1067 4410 quasi
1119 4344 1263 4399 oculi
1320 4348 1736 4416 episcoporum,
1790 4351 1984 4408 Isidor.

2100 1878 2223 1933 eilia
2248 1876 2617 1931 subodoratus
2639 1887 2739 1930 est.
2765 1874 3028 1939 Primam,
3054 1875 3107 1929 in
3129 1890 3239 1945 qua
3262 1874 3518 1929 Maximo
3543 1875 3699 1945 Cyni-

2099 1983 2166 2023 co
2198 1968 2412 2021 intruso
2432 1967 2664 2036 depulso
2687 1984 2717 2022 e
2742 1966 2869 2022 sede
2891 1965 3518 2034 Constantinopolitana
3534 2009 3551 2030 ,
3578 1964 3701 2019 Gre-

2099 2057 2288 2126 gorius
2309 2055 2721 2119 Nazianzenus,
2750 2056 2846 2126 qui
2879 2057 3299 2109 administrarat
3330 2055 3516 2121 illam,
3546 2072 3701 2125 quam

2100 2149 2329 2217 regebat
2370 2148 2697 2216 jamdudum
2747 2148 2815 2201 ab
2869 2163 2961 2201 an.
3009 2146 3114 2201 579
3157 2148 3268 2217 (uti
3307 2156 3555 2203 testatur
3596 2150 3703 2217 ipse

2101 2240 2401 2311 Gregorius
2442 2242 2497 2294 in
2546 2239 2749 2293 lambis
2785 2240 2850 2293 de
2893 2239 3018 2294 Vita
3054 2256 3188 2302 sua,
3240 2256 3294 2308 p.
3326 2240 3433 2311 15)
3462 2240 3699 2295 delectus

2097 2330 2203 2385 fuit
2234 2352 2246 2386 :
2286 2332 2379 2387 illo
2410 2332 2684 2401 (inquam)
2718 2331 2979 2396 Maximo,
3013 2333 3106 2401 qui
3130 2333 3185 2386 in
3221 2332 3421 2387 habitu
3456 2333 3594 2386 idoli
3625 2332 3699 2385 iu-

2098 2425 2359 2491 cedebat,
2410 2425 2464 2479 id
2525 2434 2611 2478 est
2662 2424 2957 2494 palliatus,
3008 2433 3066 2478 ut
3117 2424 3335 2478 erudite
3386 2422 3699 2479 I-Iolstenius

2097 2514 2358 2578 adnotat,
2392 2528 2445 2582 p.
2471 2513 2574 2567 959
2621 2515 2673 2567 in
2708 2511 2928 2566 Collect.
2963 2511 3207 2566 Romana
3246 2515 3407 2582 (qua:
3444 2514 3699 2568 beneﬁcio

2097 2601 2544 2669 splendidissimo
2570 2601 2915 2655 eminentiss.
2945 2602 3237 2657 cardinalis
3268 2600 3572 2656 Barberini
3609 2603 3694 2655 bo-

2098 2708 2170 2747 no
2224 2693 2485 2748 Ecclesiae
2524 2694 2637 2746 nati
2689 2692 2920 2747 feliciter
2950 2693 3127 2747 lucem
3171 2693 3443 2765 aspexit)
3484 2711 3517 2748 e
3544 2692 3697 2748 Caele-

2098 2784 2243 2838 stino
2293 2799 2431 2852 papa
2460 2823 2475 2847 ,
2508 2796 2564 2837 et
2595 2782 2927 2838 Tertullian.
2973 2794 3030 2839 et
3073 2785 3191 2838 Act.
3241 2783 3347 2839 SS.
3396 2784 3612 2855 Pet-pet.
3650 2793 3697 2838 et

2095 2873 2314 2929 Felicit.
2340 2875 2539 2944 quibus
2565 2876 2761 2930 addam
2795 2889 3045 2931 sanctum
3086 2876 3465 2946 Augustinum
3494 2917 3511 2941 ,
3542 2887 3690 2932 tract.

2097 2968 2165 3028 7,
2209 2985 2329 3038 cap.
2372 2985 2385 3022 ι
2436 2969 2505 3022 in
2530 2966 2811 3037 Evangelii
2847 2967 3079 3023 Joannis
3108 2968 3479 3039 Expositione
3518 2987 3573 3040 p.
3601 2971 3691 3034 2t,

2097 3062 2193 3117 ubi
2240 3063 2460 3116 novisse
2502 3075 2563 3115 se
2608 3061 2800 3115 scribit
2848 3061 3039 3132 aliquo
3107 3071 3357 3130 tempore
3394 3064 3552 3119 illius
3586 3065 3688 3134 pal-

2099 3155 2209 3207 liati
2242 3155 2354 3224 (sic
2383 3154 2529 3209 enim
2569 3152 2856 3225 legendum
2887 3162 2971 3208 est
2998 3168 3101 3222 pro
3134 3155 3337 3223 pileato
3368 3156 3690 3226 utrobique)

2095 3243 2432 3296 sacerdotem
2470 3242 2647 3297 solere
2686 3242 2868 3296 dicere
2902 3260 2916 3298 :
2964 3242 3031 3297 Et
3078 3244 3194 3313 ipse
3229 3245 3497 3313 palliatus
3537 3247 3688 3301 Chri-

2094 3336 2305 3387 stianus
2352 3345 2471 3402 est;
2522 3336 2574 3389 id
2615 3344 2699 3390 est
2744 3333 3001 3404 Serapis,
3051 3336 3213 3405 cujus
3258 3336 3481 3393 idolum
3530 3338 3685 3409 pallio

2095 3427 2495 3481 amiciebatur:
2533 3428 2722 3483 ethoc
2751 3439 2873 3492 est,
2908 3429 3055 3497 quod
3095 3432 3147 3483 in
3194 3430 3430 3497 epistola
3472 3432 3684 3485 Adriani

2092 3519 2157 3571 A.
2216 3519 2359 3588 apud
2401 3507 2713 3589 Vopiscum
2749 3520 3106 3586 enuntiatur,
3154 3519 3383 3591 Serapis
3423 3522 3686 3578 Christia—

2094 3623 2221 3683 lllIS.

2164 3698 2290 3752 Fuit
2330 3700 2573 3769 synodus
2618 3698 2894 3766 secunda,
2943 3700 3000 3754 in
3040 3715 3152 3770 qua
3208 3716 3334 3757 sese
3394 3702 3681 3758 abdicante

2092 3800 2282 3845 sancto
2301 3789 2565 3861 Gregorio
2584 3790 2955 3857 Nazianzeno,
2973 3803 3029 3849 et
3055 3794 3332 3865 episcopis
3354 3795 3679 3863 junioribus,

2091 3880 2188 3950 qui
2233 3890 2623 3951 pertraxerunt
2662 3884 2728 3937 ad
2773 3900 2832 3939 se
2862 3884 3001 3941 alios
3034 3888 3317 3949 seniores,
3365 3886 3681 3955 subrogatus

2089 3972 2139 4025 ei
2172 3972 2274 4027 fuit
2300 3972 2610 4040 Nectarius,
2635 3975 2702 4030 ad
2724 3991 2886 4046 quem
2914 3986 2968 4031 et
2998 3978 3115 4047 ipse
3141 3963 3371 4033 sanctus
3392 3979 3683 4049 Gregorius

2090 4064 2279 4135 dirigit
2310 4067 2617 4122 orationem
2657 4067 2747 4133 46,
2780 4070 2836 4123 in
2867 4084 2973 4139 qua
3006 4070 3253 4140 deplorat
3284 4072 3549 4127 Ecclesia:
3581 4085 3679 4127 sta-

2093 4169 2206 4213 tum
2237 4161 2533 4229 ipsumque
2563 4160 2835 4223 hortatur,
2870 4170 2932 4214 ut
2968 4163 3207 4216 haereses
3258 4173 3605 4232 compescat,
3633 4173 3679 4219 et

2090 4254 2395 4309 haereticos.
2458 4252 2537 4307 Eo
2582 4268 2715 4307 sane
2762 4253 2993 4308 consilio
3054 4269 3188 4309 usus
3234 4253 3527 4311 Nectarius
3564 4271 3673 4310 cum

2089 4344 2361 4413 episc0pis
2404 4342 2506 4397 150
2546 4343 2564 4414 (
2600 4351 2682 4396 tot
2719 4342 2867 4396 enim
2916 4352 3321 4408 convenerant,
3359 4357 3413 4399 et
3438 4346 3672 4399 diversa-

402 4426 695 4492 Pelusiota,
749 4433 907 4499 epist.
951 4433 1039 4498 '29,
1087 4434 1178 4489 lib.
1237 4452 1275 4491 ι.
1322 4436 1438 4491 Non
1493 4440 1694 4494 mirum
1752 4443 1915 4512 igitur
1941 4446 1985 4500 si

2098 4437 2290 4490 bantur
2319 4434 2829 4503 Constantinopoli)
2859 4433 3133 4489 Eucherio
3172 4444 3223 4488 et
3254 4433 3489 4505 Syagrio
3519 4451 3673 4493 coss.

400 4519 645 4589 ejusdem
702 4520 1133 4594 Expositionem,
1179 4542 1273 4581 seu
1334 4527 1740 4585 Professionem
1793 4543 1984 4602 protu-

402 4612 525 4666 lerit
578 4610 844 4684 Fvagrius
882 4614 1171 4681 Diaconus,
1213 4634 1339 4673 cum
1383 4624 1683 4690 praesertiu'i
1734 4639 1801 4678 eo
1852 4634 1988 4680 tem-

398 4717 530 4770 pore
574 4705 816 4774 synodus
853 4705 1147 4760 haberetur
1193 4707 1708 4781 Constantinopoli,
1753 4728 1985 4769 consue-

396 4793 560 4863 617
622 4796 905 4864 veriutque
948 4797 1166 4852 diaconi
1219 4801 1479 4856 assistere
1511 4845 1525 4868 ,
1575 4819 1639 4858 ac
1671 4804 1987 4861 ministrare

397 4888 515 4940 suis
555 4887 825 4957 episcopis
870 4908 883 4944 :
931 4890 1005 4946 ita
1056 4902 1281 4950 sanctus
1330 4894 1667 4951 Athanasius
1718 4897 1985 4955 diaconus

396 4979 780 5035 Alexandrinae
827 4981 1086 5039 Ecclesia:
1135 4986 1451 5043 Alexandro
1491 4990 1751 5059 episcopo
1796 4992 1987 5045 aderat

397 5072 541 5138 apud
570 5069 844 5127 Nicaanam
871 5075 1165 5144 synodum;
1202 5087 1339 5133 teste
1359 5078 1563 5133 Severo
1582 5081 1814 5148 Sulpitio
1833 5082 1926 5136 lib.
1950 5101 1982 5136 ιι

398 5162 556 5219 Sacr.
572 5164 991 5223 Ηίθεοι-,Βιὺὶηο
1006 5170 1365 5242 ἀνιστορησὶα
1382 5171 1588 5226 infandi
1612 5173 1985 5229 haeresiarchas

398 5254 839 5324 deprehenditur,
866 5270 920 5314 et
943 5262 1263 5317 confutatur
1285 5306 1300 5330 ,
1340 5267 1433 5334 qui
1463 5276 1710 5320 sanctum
1747 5268 1988 5321 Athana-

399 5348 541 5402 sium
577 5348 811 5405 Nicaenae
855 5349 1079 5423 Synodo
1125 5353 1412 5422 praefuisse
1460 5357 1719 5410 somniat.
1768 5355 1987 5425 Legitur

401 5449 550 5494 tonio
596 5439 617 5493 ι
660 5441 900 5511 Operum
945 5445 1119 5500 sancti
1156 5444 1403 5518 Gregorii
1428 5444 1756 5501 Nazianzeni
1798 5446 1986 5503 Oratio

401 5531 491 5592 45,
546 5532 615 5585 ad
667 5532 960 5603 Evagrium
1006 5538 1376 5601 monachum,
1424 5538 1587 5591 istum
1628 5538 1798 5604 forte,
1855 5539 1983 5593 dum

404 5617 581 5674 adhuc
610 5621 925 5677 diaconatui
964 5640 1071 5679 non
1106 5620 1297 5681 fuisset
1326 5626 1603 5693 initiatus,
1640 5627 1983 5695 interrogan-

406 5718 513 5764 tem
558 5710 631 5765 De
680 5713 1002 5781 vicinitate,
1060 5733 1115 5786 p.
1165 5717 1289 5773 988.
1331 5718 1410 5774 Ad
1459 5719 1639 5789 ipsum
1686 5718 1981 5791 Evagrium

2094 4528 2210 4583 sive
2261 4540 2406 4580 anno
2447 4541 2476 4578 a
2509 4524 2581 4579 C.
2619 4523 2685 4579 N.
2722 4524 2847 4591 581,
2899 4540 2930 4579 a
2976 4540 3162 4580 mense
3195 4525 3335 4579 Maio
3377 4526 3447 4580 ad
3504 4527 3533 4577 7
3564 4526 3669 4579 ldus

2090 4618 2266 4673 Julias
2294 4618 2562 4688 synodum
2593 4616 2785 4675 habuit
2810 4617 3207 4671 (ecumenicam
3229 4657 3243 4681 ,
3280 4618 3467 4686 quoad
3495 4617 3671 4670 Orien-

2093 4723 2199 4766 tem
2232 4710 2520 4781 (Chronie.
2554 4708 2811 4764 Historie.
2839 4709 2976 4763 Cod.
3002 4708 3394 4779 Theodosian.)
3427 4719 3481 4763 et
3510 4708 3666 4762 Macr.-

2092 4804 2360 4859 douianos
2418 4803 2768 4872 potissimum
2829 4800 3143 4866 damnans,
3205 4798 3447 4868 Spiritus
3508 4796 3664 4853 sancti

2092 4898 2431 4951 divinitatem
2479 4894 2820 4957 inﬁciantes,
2873 4894 3083 4948 sarcire
3114 4901 3347 4947 conatus
3390 4903 3477 4946 est
3518 4890 3663 4943 dissi-

2093 4988 2181 5041 dia
2218 4987 2508 5051 Ecclesiae,
2549 4984 2718 5055 618
2750 4998 3054 5054 pacemque
3077 4982 3403 5036 conciliare.
3454 4979 3513 5034 ιι.
3550 4978 3660 5032 Hol-

2094 5079 2276 5133 steinii
2309 5077 2529 5148 quidem
2577 5078 2979 5144 Diagrammate
3018 5064 3430 5127 chronotactico
3463 5069 3662 5140 pontiﬁ-

2095 5177 2251 5223 catus
2271 5166 2505 5221 'Damasi
2536 5206 2549 5228 ,
2580 5164 2729 5236 quod
2794 5163 2937 5217 inter
2965 5162 3085 5231 ejus
3127 5162 3359 5217 schedas
3405 5170 3657 5230 repertu"!

2094 5255 2359 5311 insertum
2394 5254 2497 5308 fuit
2530 5252 2791 5307 Romanae
2822 5249 3140 5305 Collectioni
3168 5290 3183 5313 ,
3220 5264 3274 5317 p.
3304 5248 3404 5302 '50!
3432 5288 3446 5310 ,
3479 5248 3543 5300 ad
3574 5261 3658 5297 au-

2094 5364 2226 5405 num
2254 5348 2379 5411 458,
2412 5348 2647 5400 locatum
2671 5342 2965 5399 concilium
2990 5340 3391 5398 cacumenicum
3416 5338 3657 5393 Constan-

2096 5441 2515 5512 tinopolitauum
2546 5438 2788 5493 habitum
2823 5452 3013 5492 mense
3034 5434 3177 5489 Maio
3199 5475 3214 5497 ,
3256 5432 3476 5487 Maximi
3508 5442 3654 5484 teme-

2093 5536 2226 5590 ritas
2286 5535 2597 5586 damnatur.
2656 5527 2954 5599 Gregorius
3022 5526 3396 5595 episcopatum
3451 5520 3653 5590 deponit

2094 5635 2310 5696 propter
2334 5623 2660 5679 discordiam
2687 5620 3104 5690 episcoporum,
3138 5616 3383 5671 Meletius
3403 5614 3655 5669 Constan-

2093 5717 2320 5788 tinopoli
2364 5715 2625 5781 moritur,
2675 5711 2934 5769 suffectus
2971 5708 3269 5766 Flavianus
3298 5708 3651 5779 episcopatum
