3808 6226
115 298 246 365 1345

107 414 219 482 ejus
242 413 468 482 suscipit
483 414 695 468 vivente
712 412 960 481 Paulino,
980 416 1226 487 Gregorii
1250 418 1371 474 loco
1389 418 1674 475 Nectarius

102 503 347 572 eligitur;
392 519 511 572 qua:
531 505 714 558 omnia
734 520 1123 575 congeruntur,
1144 511 1219 563 uti
1248 510 1573 581 simullfacta
1590 550 1605 573 ,
1626 520 1681 565 et

105 602 276 645 tamen
293 592 520 646 multum
541 595 800 662 temporis
814 596 1144 664 intercessit,
1164 600 1293 653 dum
1314 610 1535 655 sanctus
1554 599 1683 654 Gre-

101 684 278 751 gorius
296 683 508 737 clavum
530 682 784 739 Ecclesia:
800 688 983 763 tenuit
999 726 1014 752 ,
1042 690 1378 759 tentavitque
1398 690 1675 745 Orientem

99 774 373 830 Occidenti
398 792 590 832 rursus
611 778 841 849 jungere
862 821 877 843 ,
911 794 976 835 ac
1007 781 1228 836 collisas
1259 783 1508 851 regiones
1534 783 1677 838 ans

99 865 481 921 schismatibus
533 882 597 922 ac
637 867 934 923 haeresibus
953 870 1017 923 ad
1042 886 1219 932 arcem
1244 869 1538 941 Religionis
1561 870 1675 925 Ro-

99 972 305 1011 manam
324 956 644 1022 Ecclesiam,
659 960 1012 1030 polaremque
1034 962 1242 1015 stellam
1263 964 1551 1029 reducere;
1576 978 1673 1017 ne-

95 1047 385 1117 quidquam
420 1058 601 1103 tamen
630 1066 643 1102 :
687 1058 743 1103 et
767 1051 892 1105 ideo
914 1051 1249 1122 distinguere
1271 1052 1407 1107 duas
1433 1053 1671 1123 synodos

95 1151 186 1205 par
212 1146 325 1192 est:
363 1140 613 1207 quamvis
639 1140 855 1193 iunctis
876 1156 929 1210 p.
955 1141 1061 1196 260
1083 1184 1096 1205 ,
1130 1144 1195 1195 ad
1217 1144 1429 1197 Damasi
1456 1142 1671 1212 Episto-

95 1225 195 1279 Iam
216 1228 488 1293 observet,
512 1228 652 1283 istud
684 1230 972 1284 concilium
1006 1230 1477 1300 Constantinopoli
1503 1234 1668 1287 colle-

93 1328 229 1372 ctum
268 1319 339 1373 ad
379 1320 818 1374 substituendum
852 1321 1319 1392 Constantinopoli
1352 1325 1666 1393 episcopum

92 1408 304 1464 Maximi
328 1412 467 1475 vice,
487 1413 580 1482 qui
600 1412 777 1467 fuerat
803 1414 1083 1479 exclusus,
1118 1416 1284 1470 fuisse
1309 1418 1657 1486 particularc.

92 1503 237 1570 Quod
260 1513 444 1560 autem
466 1507 706 1579 appingit
734 1506 1034 1563 Ecclesiam
1061 1510 1359 1564 Romanam
1385 1528 1665 1581 nunquam

92 1597 139 1650 id
172 1597 428 1653 habuisse
446 1614 543 1668 pro
569 1602 837 1671 generali,
860 1601 927 1654 de.
958 1604 1132 1671 primo
1159 1604 1538 1667 concederem,
1568 1605 1662 1659 sed

94 1704 189 1742 non
217 1689 284 1744 de
312 1690 585 1757 secundo;
621 1692 766 1762 quod
796 1708 894 1762 pro
916 1694 1151 1763 generali
1176 1695 1447 1747 nominari
1483 1696 1664 1750 videa-

93 1781 255 1849 tur,ibi
278 1822 293 1848 ,
324 1792 378 1837 et
404 1783 455 1838 in
479 1783 823 1853 professione
844 1783 966 1839 ﬁdei
992 1783 1289 1841 Romanor.
1320 1787 1657 1856 pontiﬁcum.

88 1876 152 1931 At
166 1892 384 1932 manum
403 1877 469 1932 de
486 1878 666 1933 tabula
688 1895 702 1931 :
726 1879 862 1934 satis
881 1879 1183 1951 hucusque.
1198 1878 1414 1936 Interim
1432 1882 1661 1950 Evagrio

88 1968 487 2026 Professionem
519 1970 677 2027 istam
711 1972 895 2037 tribui,
921 1987 949 2025 a
982 1987 1091 2043 quo
1113 1986 1335 2028 sanctus
1360 1972 1513 2029 Nilus
1539 1990 1659 2028 eam

87 2064 315 2131 excepit,
371 2078 640 2133 suamque
669 2062 868 2119 fecisse
901 2064 1113 2119 videtur
1133 2103 1149 2129 ,
1178 2067 1307 2119 dum
1339 2066 1660 2135 comproba-

87 2153 174 2215 vit,
202 2164 254 2208 et
280 2156 567 2211 monachis
598 2157 715 2211 suis
741 2156 1137 2212 observandam
1159 2159 1327 2223 misit,
1358 2168 1416 2213 ut
1444 2160 1658 2227 opinor,

87 2245 308 2318 ideoque
346 2246 468 2303 Nilo
504 2249 837 2305 vindicatur.
868 2251 910 2304 A
937 2261 1127 2307 sancto
1150 2252 1411 2323 Gregorio
1436 2251 1662 2307 Nazian-

86 2353 210 2392 zeno
238 2338 435 2395 hausta
474 2337 690 2409 fuerat,
724 2351 780 2395 et
809 2342 1054 2396 derivata
1074 2384 1089 2409 ,
1121 2358 1185 2398 ex
1217 2345 1505 2415 colloquiis
1534 2360 1659 2400 cum

84 2443 142 2482 eo
165 2428 400 2500 habitis,
434 2433 511 2487 uti
540 2433 737 2503 legitur
766 2433 821 2489 in
856 2432 1184 2491 Praefatione
1215 2437 1281 2490 ad
1313 2437 1618 2491 monachos
1640 2477 1655 2501 ,

83 2525 168 2591 qui
212 2533 372 2579 erant
412 2525 466 2580 in
508 2527 842 2595 solitudine,
878 2544 1042 2598 quam
1095 2530 1328 2598 patriam
1378 2529 1655 2585 nominat:

85 2627 200 2665 nam
230 2627 451 2668 eremus
477 2624 562 2669 est
586 2615 758 2682 patria
779 2631 926 2679 vera,
949 2619 1238 2686 solumque
1260 2618 1439 2672 natale
1470 2632 1661 2672 mona-

82 2710 326 2773 chorum,
352 2709 444 2764 ubi
481 2710 683 2763 mortui
716 2710 940 2774 mundo,
963 2709 1293 2780 Christoque
1316 2712 1426 2765 nati
1460 2725 1658 2765 nomen

81 2800 377 2869 dederunt,
422 2809 477 2857 et
511 2804 723 2856 vivunt.
771 2802 836 2857 Hi
873 2819 1001 2857 vero
1043 2804 1291 2857 monachi
1331 2804 1659 2859 revocabant

82 2892 249 2961 ipsum
278 2903 560 2949 auctorem
584 2934 599 2959 ,
628 2894 723 2965 qui
754 2909 979 2949 causam
1016 2910 1182 2949 morae
1214 2896 1498 2965 praetendit
1524 2894 1658 2952 Gre-

32 2974 33 2989 ;
83 2986 210 3054 gorii
253 2986 584 3040 Nazianzeni
632 2987 1089 3041 consuetudinem
1118 3027 1133 3050 ,
1182 3004 1247 3043 ac
1299 2988 1611 3043 Doctrinam
1639 3030 1654 3054 ,

82 3087 367 3149 monetque
394 3080 539 3142 illos,
572 3087 628 3133 ut
656 3088 887 3133 caveant
912 3095 941 3133 a
973 3080 1288 3145 Pbilistaais,
1318 3079 1658 3134 Macedonia-

82 3167 159 3220 nis
187 3183 401 3238 nempe,
434 3167 526 3238 qui
559 3166 783 3239 Spiritui
814 3178 1003 3224 sancto
1034 3168 1420 3238 abjudicabant
1458 3171 1657 3225 divini-

86 3269 281 3327 tatem;
338 3260 589 3316 IIaeretici
643 3263 842 3332 quippe
884 3264 1185 3317 monachos
1243 3263 1557 3331 simplices,
1603 3272 1658 3317 et

82 3352 391 3422 plerumque
426 3352 622 3407 idiotas
657 3352 880 3408 inﬁcere
929 3353 1044 3409 suis
1072 3354 1351 3408 erroribus
1372 3357 1654 3408 conaban-

80 3451 186 3499 tur.
210 3443 369 3511 Hinc,
399 3446 529 3500 licet
562 3445 654 3499 diu
686 3457 843 3516 post,
877 3448 1124 3516 queritur
1152 3456 1380 3501 sanctus
1410 3447 1651 3515 Fulgen-

80 3538 180 3592 tius
208 3547 385 3593 terras
410 3537 702 3593 Thebaida;
728 3539 966 3609 regionis
996 3540 1048 3592 in
1082 3538 1318 3609 JEgypto
1341 3553 1371 3593 a
1403 3554 1650 3593 commu-

80 3631 234 3686 nione
264 3631 408 3686 beati
436 3629 581 3686 Petri
608 3631 679 3686 ob
708 3631 967 3701 perﬁdam
994 3630 1395 3686 dissensionem
1428 3645 1650 3701 separa-

81 3730 190 3787 tas,
237 3724 321 3777 uti
361 3723 562 3777 certior
608 3720 785 3777 factus
832 3720 1010 3777 fuerat
1057 3723 1124 3776 ab
1153 3721 1363 3777 Eulalio
1390 3722 1649 3792 episcopo

83 3813 441 3885 Syracusano,
464 3830 588 3869 cum
616 3815 849 3884 migrare
901 3829 963 3868 ac
990 3828 1213 3884 pergere
1238 3814 1648 3883 concupisceret

80 3907 140 3959 ad
168 3919 462 3961 extremam
500 3906 646 3960 illius
679 3920 921 3960 eremum
958 3922 971 3959 :
1035 3904 1265 3959 affirmat
1291 3905 1394 3959 hoc
1417 3904 1646 3958 Cartha-

79 3998 315 4065 ginensis
350 3997 602 4053 Ecclesia:
629 3997 894 4052 diaconus
924 3994 1238 4051 Ferrandus
1281 3997 1334 4050 in
1371 3994 1493 4049 I'ita
1519 4010 1647 4049 san-

78 4091 142 4143 cti
176 4089 451 4161 Futgentii
474 4130 489 4155 ,
522 4106 572 4145 c.
615 4088 715 4152 I2,
756 4104 811 4159 p.
847 4088 984 4154 222,
1018 4088 1085 4143 ad
1114 4103 1265 4142 num.
1312 4087 1344 4141 6
1378 4086 1509 4140 anni
1540 4085 1645 4140 456

76 4182 291 4238 Cardin.
331 4183 530 4237 Baron.
576 4199 629 4252 p.
663 4181 804 4247 650,
836 4195 930 4235 eas
970 4180 1181 4235 scilicet
1226 4180 1281 4234 in
1326 4177 1645 4233 solitudines

76 4275 340 4345 deportati
365 4274 745 4331 baeresiarcha:
781 4272 1130 4343 decipiebant
1170 4270 1562 4332 anachoretas,
1592 4276 1647 4321 et

79 4364 370 4421 illudebant
395 4364 678 4421 monachis
708 4363 924 4418 vicinis.
977 4361 1263 4416 Nestorius
1310 4359 1601 4413 damnatus
1626 4398 1640 4421 ,

76 4463 126 4509 et
152 4457 203 4509 in
244 4455 497 4510 exsilium
532 4455 735 4508 missus
771 4455 823 4507 in
853 4451 981 4508 Oasi
1027 4451 1274 4504 habitare
1305 4449 1644 4519 dignoscitur

1754 4480 2076 4550 αἰκουμένων
2128 4479 2177 4531 οἱ
2222 4479 2280 4530 ἐν
2324 4477 2549 4546 ἐρήμοις
2589 4449 2920 4545 ἧσυχὰζοντε

78 4548 277 4616 (inquit
311 4545 597 4601 Liberatus
618 4545 672 4599 in
703 4544 980 4598 Breviario
1004 4540 1450 4596 Nestorianorum
1475 4555 1526 4608 p.
1552 4540 1638 4605 55,

78 4645 201 4691 tom.
255 4634 300 4689 II
332 4635 558 4691 Concitl.
611 4641 666 4688 et
716 4634 970 4687 Socrates
1012 4629 1153 4698 apud
1213 4627 1639 4690 Cassiodorum,

79 4729 197 4784 l.xn
241 4728 387 4783 Hist.
424 4726 657 4796 Tripart.
695 4740 745 4779 c.
779 4724 867 4795 5),
901 4722 1044 4776 sicut
1072 4719 1402 4775 daemonium
1442 4718 1510 4771 ab
1542 4731 1641 4771 an-

81 4821 191 4883 gelo
222 4819 494 4890 Raphaele
530 4817 813 4885 religatum
839 4813 1015 4866 fuerat
1052 4810 1106 4864 in
1132 4809 1349 4863 deserto
1372 4806 1639 4875 superiori

81 4911 323 4982 Egypti,
365 4908 547 4964 Tobiae
581 4922 700 4977 cap.
747 4906 801 4969 8,
834 4920 885 4957 ν.
908 4903 963 4957 4.
995 4899 1290 4955 Monachus
1321 4897 1548 4969 Scythas
1586 4897 1636 4949 in

76 5004 235 5074 619
288 5000 705 5072 Septemtrione,
735 4997 824 5051 ubi
863 4995 1160 5049 etiamnum
1206 4989 1511 5045 Nestoriani
1546 4987 1639 5041 de-

79 5104 241 5162 gunt,
285 5092 382 5149 sed
426 5089 795 5162 Eutychianos
833 5082 1127 5140 cardinalis
1176 5081 1319 5134 idem
1368 5077 1637 5131 Baronius

80 5192 340 5239 memorat
363 5182 720 5237 tumultuatos
746 5177 907 5232 etiam
936 5175 1199 5229 adversus
1224 5181 1507 5240 paternum
1537 5181 1635 5219 an-

80 5277 293 5331 tistitem
306 5274 673 5336 Tomitanum,
693 5278 747 5324 et
765 5270 949 5323 turbas
964 5265 1125 5320 etiam
1147 5262 1412 5317 excitasse
1428 5257 1633 5321 Romae,

80 5368 139 5420 ad
167 5384 367 5422 annum
405 5366 539 5431 5I9,
573 5380 628 5433 p.
672 5362 741 5417 58
774 5370 827 5415 et
858 5359 947 5412 46.
980 5358 1125 5412 Idem
1149 5356 1269 5407 fuse
1296 5353 1405 5421 agit
1442 5352 1504 5404 de
1531 5350 1635 5402 Ua-

81 5460 223 5512 sihus
250 5470 358 5512 tam
390 5459 627 5527 majore,
654 5469 816 5523 quam
847 5451 1059 5505 minore
1091 5488 1105 5512 ,
1142 5448 1195 5499 in
1226 5442 1377 5497 Notis
1404 5442 1471 5496 ad
1501 5440 1637 5493 Mar-

83 5535 399 5617 tyrologium
435 5546 738 5598 Romanum
769 5541 857 5594 die
882 5538 947 5592 1‘2
972 5535 1140 5590 Junii.
1175 5533 1396 5599 Insuper
1428 5540 1483 5584 et
1509 5545 1635 5583 eru-

82 5641 378 5695 ditissimus
404 5636 661 5691 Nicolaus
691 5631 959 5687 Antonius
980 5669 995 5693 ,
1044 5628 1137 5682 lib.
1166 5626 1240 5680 De
1263 5623 1448 5677 exsilio
1488 5637 1537 5681 ι,
1581 5636 1631 5675 c.

85 5734 165 5799 tt,
190 5751 242 5787 ιι.
269 5736 334 5789 14
358 5745 409 5789 et
438 5729 823 5803 sequentibus,
862 5725 949 5780 ubi
984 5735 1036 5779 et
1068 5723 1134 5777 de
1161 5721 1359 5792 Gypso.
1404 5717 1477 5773 De
1503 5718 1635 5788 Scy-

1280 306 1375 367 DE
1432 306 1810 365 OPERIBUS
1850 308 1909 366 S.
1952 306 2136 367 NILI.

1705 426 1745 478 Α
1781 420 1856 473 thi
1885 434 2071 474 eremo
2106 419 2307 487 passim
2344 430 2522 489 agitur
2551 422 2605 477 in
2660 421 2790 478 Vitis
2823 423 3047 481 Patrum
3070 470 3085 497 ,
3116 431 3211 486 ubi
3240 434 3362 503 pin-

1779 510 2108 580 guescebant
2146 511 2393 579 speciosa
2430 513 2652 579 deserti,
2679 524 2733 570 et
2764 515 3090 574 laetabantur
3118 521 3355 591 deserta,

1776 612 1830 656 et
1860 603 2003 656 invia
2037 642 2052 666 ,
2088 611 2143 657 et
2167 604 2475 659 exsultabat
2503 606 2778 671 solitudo,
2831 609 2986 678 juxta
3034 615 3353 670 vaticinium

1776 694 1928 748 Isaia:
1964 709 2015 749 c.
2047 710 2191 749 xxxv
2214 737 2227 761 ,
2253 711 2303 749 v.
2338 696 2363 748 I
2384 738 2400 764 ,
2432 711 2551 752 eam
2583 698 2949 758 incolentibus
2972 705 3210 775 undique
3241 724 3358 763 mo-

1776 786 2072 839 nachorum
2112 787 2458 843 examinibus
2482 828 2497 853 ,
2548 798 2604 844 et
2640 793 3098 848 anachoretarnm
3135 800 3352 854 turmis.

1774 875 2060 948 Scythiaca
2097 880 2266 949 regio,
2292 891 2482 949 postea
2515 880 2713 947 Sectis,
2754 885 2843 939 vel
2872 884 3038 942 Scitis
3064 890 3353 957 appellata,

1772 968 1846 1021 ibi
1896 984 2058 1023 mons
2100 980 2184 1025 est
2224 971 2397 1027 Scetis
2421 1012 2437 1037 ,
2488 973 2583 1027 ubi
2622 976 3037 1046 philosophatus
3076 990 3157 1034 est
3189 985 3355 1036 Arse—

1772 1060 1897 1114 nius
1942 1061 1997 1114 S.
2029 1060 2090 1115 [ἰ.
2128 1061 2186 1116 Ε.
2225 1063 2465 1134 card.(?)
2486 1064 2552 1119 de
2583 1081 2693 1135 quo
2722 1068 2790 1121 19
2815 1067 2941 1122 Julii
2981 1070 3032 1123 in
3068 1071 3350 1143 Martyrol.

1768 1152 2144 1221 suprascripto
2165 1192 2179 1216 ,
2211 1164 2265 1207 et
2286 1169 2448 1224 quem
2478 1156 2677 1210 accolae
2717 1156 2947 1213 Nitriam
2971 1175 3188 1223 vocant,
3226 1166 3354 1233 quia

1767 1246 1919 1299 vicus
1956 1248 2177 1315 quidam
2221 1248 2268 1302 ei
2297 1249 2509 1304 vicinus
2548 1260 2668 1318 est,
2724 1252 2778 1306 in
2814 1269 2922 1323 quo
2955 1253 3167 1309 Nitrum
3198 1259 3355 1312 colli-

1766 1338 1911 1406 gitur
1950 1358 1962 1392 :
2006 1340 2201 1395 ibidem
2250 1343 2581 1396 monasteria
2627 1345 2880 1414 contigua
2930 1362 3039 1401 non
3090 1351 3349 1418 pauciora

1765 1445 1929 1498 qnam
1968 1430 2056 1497 5'0,
2093 1446 2327 1501 quorum
2354 1434 2605 1488 monachi
2646 1436 2845 1502 simul,
2882 1439 2965 1492 vel
2993 1441 3223 1493 seorsim
3258 1442 3353 1495 ha-

1767 1522 1938 1575 bitant
1966 1566 1978 1588 ,
2012 1532 2064 1576 et
2099 1522 2387 1594 Nicephor.
2422 1526 2630 1580 Callisti
2676 1542 2726 1582 c.
2774 1528 2843 1583 '58
2868 1567 2884 1592 ,
2930 1530 3024 1584 lib.
3056 1547 3093 1585 ιι
3140 1534 3349 1588 Hister.

1765 1611 1969 1668 Eccles.
1999 1619 2156 1667 Anno
2191 1616 2383 1670 salutis
2417 1618 2644 1685 publicae
2676 1619 3158 1688 septingentesimo
3187 1623 3350 1691 quin-

1763 1705 2081 1773 quagesimo
2118 1722 2186 1760 ex
2216 1721 2483 1776 responso
2514 1707 2791 1765 Zachariae
2831 1712 3102 1778 pontiﬁcis
3128 1712 3348 1766 Maximi

1695 1780 1734 1835 Β
1763 1795 2139 1863 Childcrirus,
2180 1805 2275 1851 aut
2322 1796 2632 1853 Hildericus
2665 1816 2757 1855 rex
2806 1798 3139 1855 Francorum
3174 1819 3204 1855 e
3238 1802 3350 1855 Me-

1763 1888 1929 1939 rowei
1980 1888 2150 1958 stirpe
2182 1890 2408 1945 ultimus
2437 1891 2717 1959 depositus
2742 1902 2845 1953 est,
2877 1907 3152 1962 regnoque
3174 1892 3349 1946 Fran-

1762 1993 1951 2032 corum
1984 1980 2136 2035 abire
2172 1982 2396 2051 jussus,
2449 1990 2504 2036 et
2552 1992 2805 2039 attonsus
2854 1985 3158 2039 monastico
3196 2001 3348 2039 more

1764 2082 2016 2126 retrusus
2063 2072 2164 2126 fuit
2212 2074 2266 2126 in
2305 2076 2699 2129 monasterium
2743 2076 2915 2130 sancti
2961 2074 3203 2138 Bertini,
3235 2077 3348 2130 sive

1762 2168 1936 2219 sant-ti
1967 2165 2265 2219 Audomari
2294 2182 2309 2230 ;
2350 2172 2403 2219 et
2436 2181 2532 2234 per
2562 2166 2777 2220 diversa
2811 2164 3037 2219 latibula
3074 2178 3348 2222 monaste-

1763 2259 1972 2311 riorum
2008 2259 2311 2311 diversatus
2336 2298 2350 2321 ,
2390 2258 2604 2311 tandem
2648 2259 2783 2314 obiit
2818 2260 2869 2312 in
2911 2259 3170 2314 Sithiensi
3195 2300 3208 2323 ,
3252 2278 3343 2314 an.

1762 2349 1884 2403 754,
1937 2348 2022 2403 Jo.
2072 2347 2189 2402 Jac.
2240 2346 2471 2402 Chiﬁlet.
2515 2349 2569 2401 in
2610 2348 2862 2403 Anastas.
2905 2349 3236 2413 Childerici,
3290 2351 3344 2402 in

1763 2442 1935 2495 Sithia
1978 2457 2113 2507 ,seu
2162 2440 2358 2505 Sithii;
2406 2441 2511 2495 hoc
2556 2441 2745 2494 datum
2795 2440 2972 2495 fuerat
3023 2457 3220 2494 nomen
3266 2442 3342 2497 illi

1759 2535 2042 2598 cmnobio,
2100 2534 2154 2587 in
2199 2549 2308 2603 quo
2334 2534 2698 2587 versabantur
2734 2534 2989 2587 monachi
3038 2534 3343 2604 persimiles

1762 2627 1983 2682 Sithieis
2013 2625 2281 2696 [Egyptiis
2310 2624 2490 2695 quoad
2534 2625 2871 2679 institutum.
2905 2626 3060 2695 Apud
3087 2625 3340 2681 Godefri-

1760 2716 1887 2771 dum
1920 2715 2325 2771 IIenschenium
2370 2714 2659 2770 Societatis
2687 2714 2843 2771 Jesu.
2897 2715 3332 2786 Deportahantur

1759 2809 2030 2878 quondam
2070 2805 2253 2862 Oasim
2286 2805 2635 2862 confessores
2661 2804 2958 2859 Christiani
2990 2806 3093 2860 sub
3121 2805 3340 2861 Juliano

1760 2902 1926 2972 impio
1953 2907 2222 2970 apostata,
2248 2915 2403 2955 num.
2440 2899 2564 2962 562,
2592 2914 2645 2967 p.
2680 2898 2770 2951 42.
2802 2897 2996 2951 Baron.
3035 2896 3111 2952 Ibi
3143 2899 3342 2952 Calen-

1758 2998 1889 3051 dion
1919 2995 2218 3052 catholicus
2247 2995 2536 3063 episcOpus
2570 2992 2897 3045 Antiochen.
2927 2991 3106 3045 fuerat
3141 2993 3343 3061 relega-

1683 3111 1725 3168 α
1759 3099 1870 3151 tus,
1903 3086 2206 3157 maiestatis
2238 3094 2530 3141 accusatus
2560 3099 2703 3138 anno
2733 3084 2838 3136 482
2864 3126 2878 3150 ,
2899 3083 3096 3138 Baron.
3118 3100 3169 3154 [ι.
3202 3086 3337 3149 355;

1758 3190 1814 3234 at
1847 3180 2040 3233 deinde
2075 3178 2226 3247 impii
2252 3219 2266 3243 ,
2303 3187 2355 3231 et
2382 3176 2618 3230 haeretici
2642 3216 2655 3239 ,
2692 3175 2970 3229 Severiani
2997 3217 3010 3241 ,
3041 3177 3299 3245 Acephali
3321 3220 3335 3241 ,

1753 3280 1804 3324 ct
1845 3271 1935 3324 alii
1976 3270 2087 3339 jam
2137 3267 2486 3322 enumerati:
2536 3267 2616 3321 sic
2652 3268 3046 3320 monachorum
3082 3269 3233 3321 cella:
3277 3269 3332 3321 in

1752 3362 2045 3429 Speluncas
2100 3367 2151 3413 et
2184 3359 2379 3427 spelaea
2408 3357 2679 3412 latronum
2716 3371 2886 3412 versre
2917 3366 3064 3411 sunt.
3100 3359 3339 3426 Agamus

1751 3450 1893 3519 quod
1926 3451 2128 3512 instat,
2163 3448 2207 3502 si
2240 3463 2504 3501 monuero
2539 3446 2829 3517 Evagrium
2865 3446 3157 3501 diaconum
3188 3450 3338 3502 ordi-

1752 3552 1937 3592 natum
1968 3554 1997 3590 a
2027 3546 2219 3591 sancto
2247 3535 2511 3606 Gregorio
2540 3535 2818 3605 Theologo
2851 3535 3208 3601 Nazianzcno,
3239 3555 3336 3591 cn-

1746 3631 1837 3701 jus
1868 3639 1983 3683 erat
2012 3629 2336 3698 discipulus,
2370 3639 2495 3699 post
2527 3628 2647 3697 ejus
2672 3628 2973 3682 discessum
3004 3644 3032 3681 a
3063 3628 3335 3683 Constan-

1749 3722 2107 3791 tinopolitana
2147 3719 2319 3786 urbe,
2372 3719 2621 3773 relictum
2672 3718 2807 3771 inibi
2850 3719 3214 3780 remansisse,
3275 3731 3329 3771 nt

1745 3813 1997 3870 Neotario
2026 3812 2335 3868 successori
2378 3812 2431 3865 in
2461 3811 2588 3865 sede
2619 3810 2769 3864 illius
2802 3810 3056 3865 Ecclesiae
3091 3810 3156 3863 ad
3196 3811 3301 3877 dog

1746 3921 1891 3966 mata
1925 3910 2277 3979 disquirenda
2306 3918 2449 3963 esset
2495 3908 2852 3976 adjumento;
2895 3906 2974 3960 sic
3013 3907 3079 3959 ad
3124 3922 3331 3964 annum

1744 4002 1881 4068 581,
1914 4000 2209 4055 cardinalis
2250 3997 2518 4052 Baronius
2546 3997 2832 4058 observat,
2876 4012 2929 4064 p.
2957 3994 3060 4048 448
3091 3996 3327 4057 Annal.;

1745 4108 1845 4148 nec
1868 4093 2011 4147 enim
2050 4093 2181 4146 satis
2214 4092 2432 4144 illorum
2458 4090 2661 4157 peritus
2689 4098 2807 4142 erat
2838 4085 3142 4143 Nectarins.
3176 4087 3331 4142 Desi-

1746 4185 1823 4237 nit
1844 4185 1947 4237 iste
1977 4190 2240 4235 tractatus
2272 4182 2325 4234 in
2356 4180 2535 4234 verbis
2560 4219 2575 4243 ,
2618 4180 2712 4232 καὶ
2764 4179 2797 4249 ἡ
2833 4178 3099 4249 παροιμία
3153 4180 3324 4250 φησί,

1743 4287 1795 4331 et
1824 4274 2167 4329 Proverbium
2199 4282 2445 4327 testatur.

1817 4387 2071 4443 Succedit
2129 4384 2233 4438 Nili
2298 4384 2379 4440 ὅτι
2428 4383 2772 4453 διαφέρουσιν
2840 4382 2951 4436 τῶν
2998 4385 3057 4437 ὲν
3106 4382 3325 4435 πόλεσιν

3028 4474 3183 4538 Quod
3226 4490 3321 4529 ex-

1743 4574 1960 4634 cellunt,
1990 4572 2080 4642 qui
2107 4572 2267 4623 vitam
2290 4578 2451 4638 agunt
2482 4568 2827 4637 tranquillam
2850 4567 3069 4619 desertis
3099 4568 3152 4619 in
3184 4566 3319 4620 soli-

1736 4666 2048 4729 tudinibus,
2093 4678 2203 4732 prie
2246 4664 2321 4714 his
2356 4663 2449 4731 qui
2493 4661 2734 4713 habitant
2779 4661 2835 4712 in
2882 4660 3127 4721 urbibus;
3155 4674 3316 4727 quem

1740 4759 1955 4813 titulum
1988 4756 2063 4810 ita
2111 4755 2363 4810 contraxi
2393 4772 2406 4807 :
2433 4753 2510 4807 De
2548 4753 2860 4822 pra’stantia
2911 4753 3315 4816 monachorum,

1738 4868 1852 4915 seu,
1892 4851 2119 4919 quodiis
2144 4887 2158 4912 ,
2189 4850 2279 4918 qui
2303 4848 2544 4901 habitant
2588 4848 2644 4900 in
2684 4846 2900 4899 urbibus
2923 4845 3316 4914 prtestantiures

1737 4945 1843 4997 sint
1878 4944 2236 5013 quiescentes,
2279 4950 2327 4994 et
2365 4941 2579 4993 silentes
2619 4941 2672 4991 in
2725 4941 2909 4993 eremis
2935 4978 2950 5004 ,
2996 4938 3094 4991 etsi
3136 4937 3316 4989 multis

1736 5035 2019 5102 inexpertis
2064 5033 2394 5086 contrarium
2445 5031 2708 5083 videatur.
2760 5030 2952 5098 Incipit
2986 5029 3088 5082 iste
3116 5036 3317 5081 tracta-

1738 5136 1862 5182 tus:
1897 5127 2104 5196 Τέχνης
2140 5124 2238 5194 μὲν
2273 5123 2492 5193 ἁπάσης
2515 5122 2582 5173 τὰ
2610 5122 2842 5191 τεχνητά
2865 5159 2879 5182 ,
2930 5120 2982 5174 id
3011 5128 3094 5172 est
3120 5160 3135 5184 ,
3170 5119 3316 5171 Artis

1734 5233 1943 5305 quidem
1984 5230 2148 5302 620
2185 5228 2435 5297 cujusque
2474 5227 2708 5294 artiﬁcia
2738 5242 2755 5277 :
2795 5224 3028 5287 desinit,
3064 5223 3314 5285 αἰώνιον,

1735 5337 1789 5391 id
1824 5345 1906 5391 est
1941 5347 2213 5389 aeternum.
2253 5330 2411 5386 Certe
2442 5328 2783 5383 Theodosius
2832 5325 3060 5396 Magnus
3106 5327 3172 5379 A.
3216 5334 3313 5386 ut,

1735 5429 2048 5499 quicunque
2098 5424 2202 5479 sub
2245 5420 2585 5493 professione
2638 5418 2889 5473 monachi
2927 5416 3314 5486 reperiuntur,

1734 5523 1947 5577 deserta
1990 5518 2107 5572 loca
2129 5555 2143 5579 ,
2174 5525 2227 5570 et
2249 5524 2429 5569 vastas
2459 5512 2780 5567 solitudines
2806 5509 2996 5580 sequi,
3026 5518 3191 5577 atque.
3220 5506 3317 5559 ha~

1735 5630 1909 5683 bitare
1955 5627 2078 5680 illos
2119 5624 2397 5693 iusserat,
2450 5620 2566 5690 lege
2599 5617 2723 5671 data
2772 5618 2805 5670 5
2849 5613 2988 5669 Νοη.
3036 5611 3310 5682 Septemb.

1738 5719 1963 5776 Veronae
1992 5714 2367 5772 Valentiniano
2397 5712 2461 5766 A.
2490 5709 2556 5765 IV
2574 5722 2628 5766 et
2660 5707 2909 5765 Neoterio
2936 5720 3108 5769 coss.,
3140 5703 3191 5758 id
3228 5710 3323 5757 est

2928 4492 2952 4507 μ

2926 4512 2971 4537 τ’
