3808 6226
420 273 555 341 1347
1331 267 1478 330 JOS.
1515 262 1781 327 MARI/E
1812 261 2024 324 SUAR:

2141 260 2180 318 ζΙ
2216 252 2717 318 DISSERTATIO
3578 230 3710 293 1348

416 404 560 443 anno
585 385 649 442 C.
676 383 742 439 N.
773 382 900 447 590,
929 396 994 437 ex
1020 378 1171 436 card.
1200 375 1456 441 Baronio,
1488 391 1543 431 ιι.
1570 374 1662 436 47,
1691 372 1781 427 18.
1806 370 1997 425 Exstat
2026 379 2067 429 Α
2106 376 2326 428 verunt,
2362 365 2417 419 in
2444 364 2643 434 primis
2664 362 2838 422 decet,
2863 356 3018 426 juxta
3044 352 3250 409 Christi
3279 349 3527 405 Domini
3554 348 3717 402 verba

419 497 481 535 ea
516 481 568 533 in
597 479 730 533 Cod.
755 475 1027 533 Theodos.
1055 472 1157 527 sub
1181 470 1403 526 nomine
1427 469 1596 538 impp.
1622 463 1993 519 Valentiniani
2096 478 2145 513 c.
2180 476 2271 513 x1x
2296 458 2557 521 Matthaei,
2598 466 2652 508 et
2679 463 2877 506 secuta:
2907 449 3197 504 consilium
3229 444 3492 514 apostoli
3530 441 3689 495 Pauli
3709 480 3723 502 ,

422 571 695 625 'I'heodos.
732 576 786 622 et
811 564 1031 620 Arcadii
1073 562 1187 616 AA.
1241 561 1306 614 ad
1351 559 1639 613 Tatianum
1677 552 1991 625 praefecmm
2097 570 2146 610 c.
2182 571 2256 608 vn
2291 556 2478 623 primae
2512 552 2578 605 ad
2613 548 2854 603 Corinth.
2894 560 3016 598 cum
3056 558 3223 597 sexus
3264 541 3343 594 sit
3371 538 3649 608 fragilis,
3678 546 3724 589 et

420 661 674 730 praetorio
701 657 957 713 Orientis.
984 654 1088 708 Sed
1122 654 1259 705 idem
1290 648 1630 703 Theodosius
1658 662 1775 699 cam
1808 641 1997 711 viginti
2101 663 2169 701 ne
2218 646 2422 715 passim
2472 651 2733 712 vagantes
2775 639 2974 692 laedant
3027 634 3353 703 opinionem
3409 630 3724 691 Beclesiae,

423 762 545 820 post
575 749 854 804 mensibus
876 746 1168 810 revocavit,
1201 753 1253 797 et
1277 741 1555 809 antiquata
1580 739 1777 806 priore,
1808 748 2002 788 mona-
2101 752 2226 790 can.
2256 737 2326 789 '55
2354 734 2577 789 Concilii
2613 732 2753 785 tertii
2787 726 3242 795 Carthaginensis.
3308 721 3583 777 Sanctus
3614 721 3729 774 Hie-

421 815 541 897 rhis
573 844 774 896 liberos
812 841 867 893 in
894 838 1103 908 Oppida
1130 835 1354 905 largitur
1387 833 1697 901 ingressus,
1734 828 1848 895 lege
1876 826 2004 880 data
2104 844 2368 898 ronymus
2396 827 2468 880 ita
2494 824 2851 879 Eustochium
2884 820 3111 875 aﬂ'atur:
3140 835 3159 867 ι
3201 817 3447 884 Semper
3490 824 3552 868 te
3580 815 3732 867 cutti-

426 938 491 990 15
525 935 643 991 Kal.
682 934 803 987 Maii
836 907 1330 997 Constantinopoli,
1366 924 1561 978 Arcad.
1592 922 1658 975 Α.
1689 918 1758 972 XI
1781 928 1836 973 et
1867 916 2007 973 Βηίο-
2107 923 2213 977 culi
2246 921 2321 976 tui
2359 928 2569 975 secreta
2602 916 2955 978 custodiant,
2982 926 3195 980 semper
3232 907 3517 977 Sponsus
3552 918 3733 961 tecum

427 1032 533 1081 Iino
563 1044 708 1081 coss.
746 1027 859 1078 sive
885 1040 1013 1075 ann.
1043 1020 1107 1074 Ο.
1133 1018 1197 1073 Ν.
1231 1016 1337 1072 592
1366 1032 1429 1071 ex
1462 1013 1716 1075 Baronio,
1742 1026 1864 1064 cum
1899 1023 2009 1077 quo
2110 1014 2402 1069 claudatur
2433 1012 2765 1066 intrinsecus
2787 1051 2799 1072 ,
2827 1020 2934 1062 εις,
2969 1005 3108 1059 Nolo
3141 1014 3191 1056 te
3232 1002 3546 1070 Sponsum
3584 1014 3733 1067 qua:-

428 1120 667 1188 iniquius
705 1116 1032 1185 digladiatur
1073 1110 1405 1165 Scholiastes
1438 1105 1572 1160 Cod.
1603 1103 1875 1157 Theodos.
1919 1098 2011 1151 In-
2115 1123 2233 1161 rere
2267 1121 2362 1175 per
2396 1106 2605 1174 plateas
2627 1145 2640 1167 ,
2673 1101 2809 1155 foris
2837 1108 3103 1169 vagantur
3136 1096 3329 1149 stulta:
3372 1092 3645 1162 virgines
3668 1132 3683 1146 .
3714 1111 3730 1139 ι

427 1220 613 1278 crepat
668 1216 847 1261 autem
896 1212 950 1256 et
1008 1200 1340 1256 mouastrias
1390 1198 1471 1261 εἰς
1531 1196 1686 1248 πόλιν
1740 1191 2014 1259 φοιτώσας

2141 1200 2209 1251 ib.
2247 1214 2325 1260 ιι,
2376 1198 2537 1266 epist.
2586 1196 2683 1260 1'7;
2744 1205 2797 1247 et
2844 1193 2983 1246 inter
3027 1204 3259 1243 munera
3310 1186 3519 1240 oﬂ'erri
3578 1184 3739 1238 solita

431 1273 600 1372 συίνὰ
639 1302 879 1355 Isidorus
912 1296 1235 1357 Pelusiotes,
1264 1293 1357 1345 lib.
1413 1307 1466 1355 ι,
1504 1289 1662 1357 epist.
1695 1285 1819 1339 567.
1858 1280 2017 1336 Unde

2141 1289 2361 1341 'elandis
2386 1286 2684 1356 virginibus
2714 1284 2899 1338 sellam
2942 1287 3229 1341 numerat,
3264 1286 3331 1330 ut
3364 1277 3537 1345 virgo
3587 1273 3739 1328 foras

431 1366 709 1448 Clausum:
759 1392 910 1444 initia
949 1387 1353 1459 deprehendere
1395 1383 1711 1436 facillimum
1743 1387 1869 1431 est:
1909 1375 2019 1427 imo
2118 1380 2282 1450 pedes
2321 1396 2427 1433 non
2464 1386 2708 1439 movear,
2751 1376 2845 1429 tib,
2878 1390 2916 1438 ι,
2951 1374 3108 1441 epist.
3140 1370 3208 1423 41
3250 1370 3322 1421 ad
3372 1366 3735 1420 Marcellam.

432 1500 607 1554 neque
642 1482 927 1538 caanohita:
972 1486 1224 1548 poterant
1258 1474 1517 1543 evagari,
1560 1487 1609 1525 c.
1651 1468 1870 1539 quidam
1919 1464 2019 1524 16,

432 1596 488 1648 q.
550 1579 611 1642 1,
676 1592 707 1631 e
746 1591 870 1633 can.
923 1575 995 1627 23
1040 1571 1272 1626 Concilii
1318 1565 1718 1622 Chalcedoncn.
1782 1576 1903 1615 can.
1956 1556 2022 1610 16

431 1670 659 1725 Concilii
710 1668 972 1721 Turonen.
1016 1664 1230 1718 secundi
1268 1679 1282 1726 ;
1327 1661 1379 1714 in
1427 1657 1659 1729 Synopsi
1712 1653 2019 1714 Basilicon,

2123 1473 2290 1525 Erant
2331 1472 2496 1525 etiam
2552 1468 2830 1523 nonnullze
2873 1466 3137 1528 reclusas,
3187 1471 3246 1515 ut
3300 1457 3644 1513 Alexandra
3688 1455 3737 1508 in

2124 1573 2479 1617 monumento
2499 1602 2514 1626 ,
2546 1559 2791 1613 Palladio
2823 1566 2992 1623 teste,
3016 1554 3209 1618 Maria,
3238 1551 3438 1613 Thais,
3486 1560 3551 1601 et
3583 1547 3737 1599 Pela-

2126 1655 2213 1725 gia
2252 1655 2305 1708 in
2333 1652 2575 1709 Cellulis.
2611 1651 2873 1712 Photius,
2918 1649 3009 1702 lib.
3047 1663 3063 1701 I
3109 1644 3421 1698 Nomocan.
3459 1656 3521 1695 c.
3556 1640 3617 1702 -1,
3650 1637 3735 1691 ubi

696 1714 1360 1825 c-.ﬂi6v,"tit.nii;Concil.
1393 1714 1678 1805 Medldensis
1704 1792 1719 1814 ,
1753 1764 1880 1802 can.
1916 1743 2020 1818 19;
2057 1714 2098 1771 Β
2126 1714 2443 1805 Balsamon,
2476 1740 2559 1795 tit.
2583 1740 2672 1802 90,
2703 1754 2751 1792 c.
2786 1738 2806 1789 1
2848 1747 2901 1791 et
2928 1752 3051 1791 can.
3089 1735 3189 1788 ult.
3221 1733 3465 1787 Concilii
3503 1729 3740 1797 ﬂogun—

435 1853 767 1924 Agathensis,
801 1866 922 1903 can.
951 1849 1020 1903 38
1045 1888 1059 1913 ,
1094 1857 1186 1900 aut
1219 1860 1249 1899 e
1286 1842 1621 1898 monasterio
1651 1839 1837 1904 exire,
1870 1843 2025 1890 extra

442 1947 586 2015 quod
635 1943 939 1998 monachus
984 1948 1068 1994 est
1112 1939 1254 1993 sicut
1295 1937 1462 2007 piscis
1500 1944 1653 1987 extra
1702 1946 1933 2000 aquarn,
1971 1935 2024 1984 et

444 2039 554 2092 vita
582 2048 767 2100 caret,
797 2044 931 2088 teste
958 2034 1099 2101 Papa
1130 2029 1332 2097 Eugen.
1364 2043 1487 2081 can.
1524 2024 1731 2077 Placuit
1760 2022 1845 2085 16,
1877 2038 1931 2091 q.
1962 2021 2010 2074 1.

441 2132 591 2185 Adde
625 2147 746 2182 can.
791 2127 823 2180 6
861 2125 1064 2181 Concil.
1104 2122 1381 2184 Toletani,
1422 2120 1655 2172 edictum
1698 2115 2019 2185 Luitpraudi

2129 1835 2291 1886 tinen.
2348 1832 2538 1888 Patres
2597 1847 2713 1886 ιθνο
2763 1829 3028 1899 Arnulphi
3088 1824 3453 1895 imperatoris
3526 1821 3738 1874 nullam

2126 1924 2489 1989 monacham,
2544 1938 2640 1977 seu
2686 1921 2984 1976 Ascetriam
3032 1934 3062 1973 a
3095 1916 3441 1972 monasterio
3482 1911 3738 1966 abstrahi

2130 2014 2413 2083 patiuntur
2453 2054 2467 2078 ,
2531 2014 2643 2068 imo
2699 2011 2953 2066 claustris
3011 2008 3343 2079 regulariter
3413 2002 3740 2071 constringi

2129 2109 2409 2172 mandant,
2445 2118 2498 2162 et
2536 2107 2871 2177 permittitur
2907 2106 3187 2173 ingressus
3225 2115 3330 2171 pro
3372 2098 3584 2152 missis
3622 2106 3741 2149 tan—

2134 2213 2246 2256 tum
2302 2203 2434 2256 viris
2491 2202 2732 2271 probatae
2778 2200 2931 2262 vine,
2976 2213 3040 2251 ac
3095 2196 3268 2249 aetatis
3322 2201 3629 2262 provecta:
3676 2187 3740 2241 ad

2130 2297 2497 2359 monasteria,
2536 2311 2658 2350 can.
2696 2295 2764 2349 58
2810 2291 3015 2346 Conril.
3064 2289 3344 2358 Epaunen.
3398 2284 3491 2339 Ita
3545 2292 3739 2339 sancta

2126 2385 2360 2440 Caesaria
2392 2386 2658 2454 usquead
2686 2385 2829 2438 diem
2857 2382 3122 2436 transitus
3153 2395 3262 2434 non
3282 2393 3541 2447 agressa
3594 2376 3739 2439 fuit,

2126 2495 2226 2533 nec
2262 2479 2380 2547 ejus
2436 2492 2693 2542 sorores,
2744 2474 2879 2528 Vita:
2902 2474 3074 2527 sancti
3122 2471 3347 2525 Cresarii
3403 2471 3739 2524 Arelatens.

2124 2573 2393 2640 scriptore
2444 2577 2724 2623 narrante.
2771 2566 3122 2620 Innocentius
3159 2562 3224 2615 IV
3273 2562 3554 2617 Pontifex
3596 2561 3737 2615 Max.

2120 2664 2279 2732 epist.
2306 2662 2407 2716 159
2428 2705 2443 2727 ,
2477 2676 2621 2715 anno
2653 2660 2998 2729 pontiﬁcatus
3023 2673 3075 2711 vl
3107 2700 3121 2723 ,
3154 2656 3380 2719 scribit,
3414 2657 3741 2710 sanctimo-

2122 2754 2294 2807 niales
2333 2753 2489 2821 quasi
2531 2753 2683 2805 vivas
2730 2752 2781 2803 in
2817 2748 3151 2803 monasterio
3186 2746 3439 2816 sepultas
3469 2790 3487 2813 ,
3526 2748 3739 2800 mundo

2122 2855 2367 2899 mortuas
2406 2845 2583 2897 vivere
2606 2844 2828 2897 Christo
2847 2886 2861 2908 ,
2908 2842 3125 2909 illisque
3151 2849 3482 2909 perpetuam
3513 2840 3737 2894 clausu-

2122 2950 2239 2987 ram
2270 2933 2465 2987 indixit
2487 2930 2803 2985 Bonifacius
2833 2922 2965 2995 Vlll,
2998 2944 3121 2997 cap.
3148 2926 3497 2981 Periculosa:
3523 2938 3645 2982 ext.
3666 2926 3735 2978 De

437 2226 581 2292 regis
626 2218 1110 2288 Longohardorum
1135 2257 1150 2279 ,
1190 2215 1272 2268 tit.
1306 2214 1376 2266 9‘2
1403 2222 1455 2265 et
1490 2212 1590 2276 '75;
1641 2221 1803 2279 atque
1837 2209 2018 2263 Theo-

440 2314 565 2383 phili
605 2305 1191 2375 Coostantinopolitaui
1236 2305 1615 2373 imperatoris,
1660 2300 1711 2354 in
1748 2300 1838 2355 lib.
1887 2299 2012 2353 Jur.

440 2403 748 2467 0riental.;
802 2400 1014 2453 constit.
1069 2396 1105 2449 2
1155 2394 1231 2448 De
1257 2395 1632 2447 monachorum
1686 2394 2009 2459 expulsione.

439 2494 673 2545 Sanctus
730 2486 1086 2550 Benedictus,
1156 2498 1205 2536 c.
1269 2482 1301 2536 5
1348 2480 1560 2550 Regula:
1617 2480 1839 2532 damnat
1899 2493 2015 2532 nio-

441 2585 645 2637 nachos
666 2582 1001 2652 Gyrovagos.
1032 2593 1169 2647 quos
1194 2574 1384 2629 Petrus
1420 2573 1664 2626 Damiani
1690 2573 1878 2626 miscet
1896 2587 2020 2625 cum

440 2674 774 2739 Sarabaitis;
823 2681 876 2724 et
920 2669 1181 2740 Synesius
1211 2669 1370 2737 epist.
1414 2667 1517 2728 67,
1554 2665 1633 2719 Ad
1677 2663 2023 2733 Theophilum

441 2774 719 2834 riuncupat
753 2762 1075 2815 Vacantivos
1102 2800 1115 2820 ,
1148 2759 1214 2811 de
1246 2759 1445 2827 quibus
1478 2756 1731 2824 superius
1768 2755 2018 2823 egimus:

440 2860 745 2928 quibusque
787 2861 1014 2923 possunt
1056 2850 1273 2919 adiungi
1321 2848 1684 2911 Gallodronii,
1725 2856 1779 2900 et
1811 2846 2021 2914 Spano—

440 2946 617 3001 dromi
643 2986 657 3010 ,
698 2958 932 3013 quorum
968 2942 1171 2994 mentio
1210 2939 1265 2992 in
1298 2938 1435 2991 Vitis
1472 2936 1728 3002 Patrum,
1774 2934 2021 2989 011⁸011111-

442 3040 721 3102 celliones,
756 3033 1142 3097 Circelliones,
1176 3040 1230 3084 et
1262 3029 1573 3099 Agonastici
1621 3026 1761 3096 apud
1800 3025 2021 3080 Donati-

444 3142 589 3190 stas,
634 3130 699 3182 de
749 3127 949 3195 quibus
1004 3124 1062 3177 S.
1108 3122 1395 3190 Augustin.
1440 3121 1492 3172 in
1544 3118 1739 3187 psalm.
1784 3132 2020 3179 cxxxrv,

445 3238 500 3293 p.
533 3220 659 3275 556.
693 3217 778 3271 Uti
804 3217 870 3270 de
896 3215 1128 3286 Stylitis,
1158 3229 1253 3267 seu
1286 3210 1535 3274 Cionitis,
1562 3208 2023 3271 etColumnariis,

446 3317 621 3382 deque
649 3308 915 3372 Reclusis,
946 3322 976 3361 e
1002 3304 1267 3374 Gregorio
1294 3301 1572 3356 Turonen.
1605 3300 1699 3353 lib.
1730 3315 1781 3351 v1
1816 3298 2025 3352 Hister.

449 3403 651 3458 Franc.
684 3419 733 3457 c.
763 3402 795 3455 6
819 3408 873 3453 et
898 3401 965 3460 8;
1008 3396 1183 3466 Deque
1212 3394 1383 3463 gloria
1411 3392 1793 3461 confassorum,
1823 3406 1873 3444 c.
1904 3390 2023 3455 105,

451 3493 542 3546 ubi
578 3506 685 3544 non
717 3488 893 3543 solum
928 3483 1259 3553 Hospitium,
1295 3481 1388 3534 sed
1420 3490 1475 3533 et
1496 3478 1822 3548 Eparchium
1852 3476 2025 3530 Julia-

451 3595 693 3649 numque
731 3585 1017 3639 recenset,
1066 3574 1142 3627 uti
1181 3571 1460 3626 Palladius
1489 3587 1539 3625 c.
1572 3570 1669 3623 141
1723 3568 2023 3630 Lausiacae,

452 3673 829 3737 Eustathinm;
869 3678 923 3724 et
952 3666 1292 3736 Nicephorus
1324 3663 1564 3729 Callisti,
1607 3662 1703 3716 lib.
1735 3676 1848 3727 xiv,
1882 3676 1932 3715 c.
1958 3660 2021 3713 51

456 3769 604 3823 Eccl.
647 3767 854 3820 Ilistor.
892 3762 1227 3824 Simeonem,
1263 3767 1424 3826 atque
1454 3756 1769 3810 Danielem:
1809 3770 1874 3809 ac
1902 3753 2028 3824 Gly-

452 3876 548 3916 cas
579 3858 773 3911 Annal.
806 3867 939 3910 tom.
977 3852 1044 3908 lV
1074 3872 1086 3907 :
1127 3853 1219 3907 sed
1253 3863 1307 3905 et
1338 3860 1562 3907 sanctus
1588 3849 1882 3919 Gregorius
1910 3848 2026 3903 Ma-

453 3968 594 4025 gnus
626 3949 996 4004 Set-undinum
1029 3946 1331 4011 inclusum;
1364 3959 1595 4014 quorum
1624 3943 1739 3996 vice
1766 3958 1909 3996 nunc
1932 3943 2029 3996 llo—

455 4054 576 4098 rent
602 4040 1047 4096 Camaldulenses
1078 4038 1183 4093 sub
1225 4036 1427 4105 Regula
1471 4035 1645 4089 sancti
1698 4034 1982 4088 Romualdi
2012 4073 2026 4097 ,

453 4146 510 4192 et
547 4135 970 4190 Carthusienses
1014 4147 1082 4185 ex
1110 4130 1370 4198 Llnstituto
1412 4127 1584 4183 sancti
1622 4126 1927 4193 Brunonis,
1964 4127 2030 4180 dc

455 4224 657 4294 quibus
691 4221 866 4275 Lucas
892 4222 945 4274 in
980 4219 1341 4274 Romualdiua
1372 4218 1463 4272 lib.
1490 4233 1542 4282 v,
1579 4233 1627 4271 c.
1656 4216 1712 4280 6,
1748 4227 1801 4272 et
1836 4217 2029 4273 Petrus

455 4314 771 4369 Cluniacen.
813 4313 975 4381 epist.
1010 4311 1110 4377 12,
1138 4311 1231 4365 lib.
1273 4326 1348 4369 v1.
1400 4309 1457 4363 S.
1494 4311 1754 4364 Antonio.
1810 4317 1952 4379 part.
1990 4324 2027 4363 ιι

2077 3071 2091 3087 ,
2126 3034 2253 3077 stat.
2288 3024 2453 3092 regul.
2486 3023 2579 3083 lib.
2607 3037 2659 3075 vr
2681 3060 2696 3083 ,
2744 3020 2834 3074 ubi
2873 3021 3000 3073 licet
3034 3018 3272 3074 Joannes
3303 3018 3562 3087 Andreae
3593 3030 3735 3073 notet

2130 3117 2273 3171 istud
2321 3115 2620 3183 capitulum
2678 3114 2731 3167 in
2779 3128 2946 3183 regno
2982 3110 3225 3166 Francia:
3272 3126 3381 3164 non
3435 3111 3735 3167 fuissem

2128 3216 2368 3275 ceptum,
2406 3220 2559 3274 reges
2604 3213 2785 3258 tamen
2820 3202 3158 3257 Francorum
3196 3202 3507 3271 episcopos
3548 3204 3735 3256 admo-

2128 3308 2291 3365 nent,
2351 3310 2410 3353 ut
2451 3300 2739 3369 diligenter
2780 3306 3010 3353 caveant
3052 3300 3367 3351 clausuram
3413 3300 3735 3353 sanctimo-

2128 3393 2352 3446 nialium
2391 3395 2631 3456 servari,
2672 3392 2872 3447 Codice
2909 3388 3273 3455 Heuriciano,
3311 3390 3408 3443 lib.
3452 3405 3514 3455 I,
3554 3391 3641 3446 tit.
3674 3390 3727 3444 11

2129 3484 2205 3537 De
2237 3484 2467 3553 religios.
2508 3492 2609 3537 art.
2643 3483 2676 3536 8
2710 3492 2766 3538 et
2806 3483 2839 3537 9
2862 3522 2878 3548 ,
2911 3482 3203 3537 Brouchel.
3242 3481 3295 3536 in
3330 3481 3579 3537 Basilic.
3609 3482 3728 3536 Jur.

2129 3574 2379 3629 Francic.
2417 3586 2471 3630 et
2498 3577 2552 3629 in
2578 3576 2881 3644 Conferant.
2908 3575 3269 3645 Imperatores
3293 3575 3471 3628 etiam
3500 3576 3728 3630 Germa-

2129 3669 2238 3722 nici
2274 3670 2333 3722 in
2372 3668 2623 3722 Comitiis
2662 3671 2991 3737 Augustam,
3044 3666 3071 3738 §
3116 3666 3491 3729 Monialibus.
3533 3670 3621 3722 tit.
3658 3668 3727 3719 De

2128 3770 2414 3815 monaster.
2449 3768 2503 3813 et
2528 3759 2718 3814 Patres
2751 3760 2893 3814 sacri
2927 3759 3122 3813 concil.
3152 3757 3399 3812 Trident.
3440 3775 3597 3814 sess.
3622 3759 3691 3811 9.5
3712 3799 3726 3820 ,

2128 3868 2179 3909 c.
2215 3856 2248 3909 5
2284 3854 2360 3907 De
2390 3858 2670 3921 reformat.
2722 3862 2776 3907 et
2818 3851 3103 3922 pontiﬁces
3132 3849 3259 3905 Pius
3281 3852 3325 3905 V
3354 3850 3727 3922 Gregoriique

2127 3945 2249 4000 XIII
2284 3954 2339 4001 et.
2368 3945 2494 4011 XV,
2538 3956 2687 4014 parte
2716 3945 2954 4000 secunda
2985 3943 3206 3998 Bullarii
3231 3986 3246 4009 ,
3283 3943 3433 3998 bulla
3474 3946 3549 4010 8,
3586 3961 3728 4000 anno

2131 4040 2290 4104 1566,
2319 4047 2373 4094 et
2397 4039 2542 4094 bulla
2573 4038 2627 4103 8,
2657 4053 2785 4092 ann.
2817 4036 2978 4101 1572,
3007 4046 3060 4091 et
3088 4036 3233 4090 bulla
3268 4035 3358 4100 18,
3390 4051 3538 4092 ann.
3570 4040 3724 4094 1622.

2133 4131 2372 4187 Sanctus
2405 4131 2635 4185 Carolus
2663 4130 3004 4185 Borromzeus
3033 4128 3091 4183 S.
3123 4129 3188 4182 [1.
3218 4128 3280 4183 Ε.
3311 4130 3651 4195 cardinalis,
3678 4147 3727 4185 et

2131 4224 2578 4293 archiepiscOpus
2606 4222 2993 4277 Mediolanens.
3017 4223 3070 4276 in
3096 4223 3294 4277 concil.
3326 4224 3720 4292 provint-ialib.

2130 4315 2225 4370 lib.
2257 4331 2311 4368 vi
2338 4356 2352 4380 ,
2391 4315 2477 4368 tit.
2511 4314 2588 4367 De
2614 4314 2865 4367 clausura
2896 4313 3115 4367 monial.
3149 4329 3205 4367 ιι.
3230 4314 3336 4380 59;
3368 4314 3722 4387 Canegianus

456 4405 706 4461 Chronic.
760 4405 842 4459 tit.
876 4404 977 4468 15,
1018 4418 1069 4457 c.
1094 4404 1200 4467 ‘22,
1244 4418 1297 4473 p.
1327 4401 1417 4456 82.
1448 4402 1653 4456 Alanus
1689 4404 1755 4456 de
1787 4401 1938 4472 Rupe
1975 4404 2029 4455 in
2064 4404 2107 4457 ι)
2133 4408 2576 4476 archiepiscopus
2610 4406 2850 4475 Aquens.
2902 4407 2954 4459 in
2992 4405 3311 4475 provinciali
3340 4409 3600 4477 synodo,
3628 4424 3720 4461 an-

455 4500 677 4557 Ordinis
726 4496 1073 4554 Carthusiani
1118 4495 1526 4566 Prterogativis,
1561 4494 1905 4550 Justinianus
1958 4496 2024 4551 A.

457 4591 651 4645 n‘ovell.
686 4590 792 4643 225
828 4587 901 4641 De
926 4589 1032 4641 div.
1068 4587 1217 4641 Eccl.
1256 4588 1520 4656 Capitul.,
1559 4589 1723 4641 relata
1758 4588 1940 4643 collat.
1971 4587 2023 4653 9,

456 4683 543 4736 tit.
587 4683 660 4735 De
690 4680 888 4735 sanctis
934 4679 1186 4748 episcop.,
1231 4680 1450 4733 mandat
1499 4680 1875 4734 sanctissimos
1913 4679 2029 4748 epi-

456 4790 653 4843 scopos
678 4774 917 4827 locorum
950 4770 1255 4840 providere,
1282 4781 1339 4825 ut
1362 4787 1535 4841 neque
1558 4772 1829 4833 monachi,
1854 4785 2031 4840 neque

457 4866 736 4922 monachze
771 4866 1111 4920 circumeant
1141 4865 1428 4930 civitates;
1472 4865 1719 4933 idemque
1755 4864 1945 4918 statuit
1974 4864 2029 4918 in

456 4958 494 5011 l.
528 4955 857 5010 Generaliter
891 4954 961 5009 40
986 4996 1000 5019 ,
1049 4971 1099 5010 c.
1141 4952 1219 5009 De
1248 4956 1406 5025 episc.
1439 4964 1489 5008 et
1521 4957 1700 5008 cleric.
1733 4970 1895 5024 quam
1930 4954 2032 5008 sub

456 5049 655 5105 Leonis
680 5048 903 5102 nomine
930 5048 1161 5118 Augusti
1190 5048 1352 5104 refert
1385 5047 1677 5104 Gratianus
1710 5063 1760 5104 c.
1797 5046 2029 5103 Genera-

455 5144 577 5196 liter
597 5141 694 5207 16,
722 5157 777 5210 q.
812 5141 864 5194 1.

528 5233 684 5301 Quod
713 5233 760 5288 si
787 5241 996 5287 veteres
1024 5240 1193 5301 poetae
1224 5228 1419 5284 Veneri
1455 5229 1825 5298 ascripserunt
1853 5237 2031 5283 testu-

456 5324 637 5380 dinem
662 5365 677 5390 ,
713 5330 772 5377 ut
806 5324 1112 5378 indicarent
1141 5321 1398 5375 mulieres
1424 5320 1587 5374 domo
1624 5319 1813 5388 pedem
1839 5319 2031 5373 eilerre

461 5432 567 5471 non
626 5415 865 5479 debere,
945 5413 1040 5469 sed
1118 5413 1264 5467 sicut
1341 5411 1545 5466 animal
1620 5411 1781 5481 621
1852 5410 2028 5476 illud,

458 5502 814 5572 οἰκοφύλακες
848 5518 990 5568 esse,
1023 5501 1279 5557 custodes
1305 5500 1592 5556 domorum
1628 5520 1641 5555 :
1675 5502 1726 5556 id
1761 5517 1888 5558 vero
1916 5519 2033 5559 mo-

461 5595 686 5659 nachas,
720 5593 924 5663 Deique
953 5594 1184 5662 puellas,
1213 5594 1286 5647 uti
1318 5602 1513 5647 vocant
1540 5595 1726 5649 Patres
1758 5593 2033 5653 Toletanre

460 5683 652 5752 synodi
684 5685 890 5752 primae,
920 5699 969 5739 c.
993 5683 1047 5748 6,
1075 5684 1190 5753 jam
1222 5683 1461 5751 laudato,
1492 5700 1612 5753 qua;
1637 5701 1696 5741 se
1727 5685 1835 5742 Deo
1864 5688 2032 5743 devo-

2130 4514 2202 4552 no
2229 4498 2367 4553 1585
2388 4539 2402 4563 ,
2434 4497 2519 4551 tit.
2563 4496 2635 4550 De
2660 4495 3020 4560 monialibus;
3054 4496 3352 4551 cardinalis
3388 4496 3713 4561 Taurusius,

2131 4589 2574 4659 archiepiscopus
2616 4587 2981 4643 Avenionens.
3020 4588 3074 4641 in
3122 4589 3452 4657 provinciali
3506 4605 3716 4660 quoque

2131 4683 2339 4754 synodo
2363 4698 2508 4736 anno
2537 4682 2659 4749 157,
2694 4681 2779 4735 tit.
2813 4680 2886 4734 De
2907 4680 3359 4735 sanctimonialib.
3391 4683 3463 4735 de
3485 4697 3712 4753 quarum

2129 4774 2299 4828 variis
2327 4773 2591 4828 institutis
2617 4771 2812 4827 Petrus
2839 4772 3087 4826 Damiani
3118 4774 3270 4827 card.
3296 4771 3549 4830 Ostiens.
3582 4791 3632 4830 ε.
3662 4776 3710 4840 9,

2131 4881 2322 4935 opusc.
2394 4864 2483 4919 50.
2549 4862 2751 4919 Verum
2797 4864 2891 4919 fel.
2942 4881 3108 4920 mem.
3161 4865 3624 4936 vigilantissimus
3664 4878 3711 4920 et

2131 4955 2519 5026 integerrimus
2571 4956 2798 5011 antistes
2850 4957 3001 5011 card.
3054 4956 3329 5011 Antonius
3361 4956 3708 5023 Barberinus,

2129 5046 2564 5116 Capuccinorum
2596 5046 2785 5110 decus,
2822 5046 3213 5116 Senogallieusi
3248 5046 3302 5100 in
3337 5049 3559 5119 synodo
3589 5064 3711 5105 con-

2131 5137 2441 5194 stitutiones
2490 5152 2591 5207 pro
2632 5136 2963 5193 monialibus
3004 5138 3188 5193 sanxit
3220 5139 3707 5202 accuratissimas,

2131 5244 2255 5299 qua:
2285 5228 2427 5299 typis
2456 5236 2675 5283 exstant
2694 5226 2873 5282 editae.

2207 5320 2575 5390 Subsequitur
2626 5319 2720 5373 τοῦ
2774 5318 2939 5374 αὐτοῦ
2996 5320 3289 5393 (Νείλου)
3342 5323 3529 5392 Δάτος
3582 5322 3709 5393 πρὸς

2133 5413 2393 5484 Εὐλόγιον
2423 5411 2949 5485 μόναχον,Ε]ιωάεηι
2973 5412 3093 5467 Nili
3125 5413 3413 5470 Tractatua
3441 5417 3515 5469 ad
3545 5414 3705 5469 Eulo-

2131 5508 2276 5577 gium
2312 5507 2661 5572 monachum,
2695 5505 2750 5559 in
2787 5520 2904 5575 quo
2937 5504 3191 5576 Capitula
3213 5547 3230 5573 ,
3271 5523 3372 5562 seu
3419 5506 3705 5562 Sermones

2134 5598 2333 5653 diversi
2371 5614 2402 5652 ι
2447 5614 2536 5653 me
2578 5614 2674 5669 per
2700 5598 2879 5669 capita
2924 5598 2992 5653 3-5
3018 5598 3203 5654 divisi.
3257 5600 3424 5671 622
3486 5599 3701 5667 Incipit,

2135 5691 2198 5745 Ol
2228 5690 2319 5746 τὸν
2352 5690 2602 5762 οὐράνιον
2639 5688 2817 5761 χῶρον
2844 5689 3133 5760 νεμόμενοι
3164 5708 3178 5720 °
3238 5690 3343 5756 Qui
3393 5691 3592 5746 celaui
3626 5689 3704 5742 ai-
