3808 6226
101 298 221 364 1349

1254 306 1355 367 DE
1387 306 1766 369 OPERIBUS
1800 308 1861 368 S.
1895 307 2076 369 NILI.

3203 301 3340 367 1350

97 423 351 466 versantur
406 412 461 465 iu
506 412 655 481 loco;
711 420 766 468 et
807 413 1045 481 desinit,
1083 415 1153 469 τὰ
1184 416 1243 470 δὲ
1297 418 1517 489 ῥήματά
1555 436 1660 491 μου
1690 431 1735 483 Α
1765 422 1893 476 Item
1932 419 2270 491 superiorem
2307 424 2597 473 tractatum
2646 414 2724 471 De
2761 423 2879 471 octo
2912 415 3110 470 vitiasis
3140 416 3339 485 cogita-

93 504 343 573 τηρήσαις
378 505 445 573 σῇ
479 504 700 574 καρδίᾳ.
730 504 810 559 Tu
843 521 961 560 vero
982 522 1096 560 mea
1121 506 1393 562 observato
1427 513 1581 564 verba
1603 512 1660 564 in

96 593 232 647 corde
265 602 353 647 tuo
383 634 398 658 ,
431 606 535 650 etc.
577 594 862 665 Eulogium
896 606 1077 652 autem
1136 599 1287 654 illum
1327 604 1657 657 monachum

94 686 402 741 crediderim
439 686 636 754 fuisse,
667 688 733 742 ad
774 705 934 758 quem
984 692 1175 746 scribit
1213 691 1452 747 Isidorus
1497 693 1658 749 Pelu-

93 779 278 841 siotes,
307 779 402 833 lib.
438 795 488 841 ι,
526 779 687 847 epist.
720 778 822 834 257
865 779 940 833 De
969 780 1083 837 luce
1112 785 1406 851 matutina;
1444 784 1550 839 289
1584 785 1661 841 De

95 866 281 933 Cruce;
315 867 422 921 512
463 868 536 922 De
565 869 695 939 lege,
730 870 821 925 ubi
870 872 1039 926 lector
1070 874 1422 938 inscribitur,
1456 876 1549 929 lib.
1585 894 1619 930 Il
1641 916 1657 942 ,

91 957 237 1025 epist.
278 957 345 1008 ’77
375 968 428 1012 et
459 958 549 1023 85,
585 958 872 1031 Presbyter
902 974 1253 1032 nuncupatur
1273 1006 1288 1029 ,
1319 974 1373 1019 et
1401 966 1540 1031 202,
1567 966 1661 1020 de-

92 1049 244 1117 nique.
280 1049 378 1104 lib.
414 1065 509 1112 III,
550 1052 707 1121 epist.
744 1052 848 1107 184
890 1062 943 1106 et
986 1055 1111 1107 236.
1157 1054 1306 1109 Hunc
1351 1065 1564 1119 autem,
1594 1057 1661 1111 ad

92 1156 239 1209 quem
267 1139 425 1196 Nilus
453 1142 638 1212 dirigit
672 1145 834 1197 istum
865 1146 1062 1199 librum
1095 1162 1372 1202 censerem
1409 1147 1660 1203 eumdem

91 1247 199 1286 esse
224 1272 239 1297 ,
269 1235 364 1303 qui
399 1232 630 1290 Joannis
672 1236 1099 1307 archiepiscopi,
1145 1254 1239 1293 seu
1283 1241 1453 1294 sancti
1488 1240 1662 1311 Chry-

94 1327 306 1377 sostomi
350 1322 944 1396 ConstantinOpolitani
994 1330 1318 1398 patriarchae
1362 1330 1663 1401 discipulus

91 1424 140 1466 et
165 1416 442 1485 presbyter
474 1416 575 1471 fuit
602 1456 618 1480 ,
656 1418 938 1473 abstinens
963 1461 977 1485 ,
1011 1427 1174 1490 atque
1203 1421 1496 1491 jejunans;
1528 1423 1663 1476 dici-

92 1517 273 1576 turque
304 1509 504 1564 adiisse
528 1511 776 1564 abbatem
806 1508 1006 1581 Joseph
1036 1513 1088 1565 in
1122 1513 1243 1566 loco
1268 1555 1283 1579 ,
1318 1515 1410 1582 qui
1438 1525 1662 1570 vocatur

94 1594 358 1665 Panepho,
383 1599 452 1651 ab
482 1598 689 1653 incerto
721 1611 963 1665 auctore,
992 1600 1085 1655 lib.
1115 1616 1167 1666 v,
1187 1600 1264 1654 De
1287 1602 1380 1656 vit.
1414 1602 1659 1669 Patrum,

90 1688 236 1757 cujus
256 1687 483 1743 Latinus
500 1692 767 1759 interpres
789 1690 1226 1763 estPelagius,et
1244 1694 1461 1748 lib.vnt.
1485 1694 1663 1765 Atque

1764 515 1999 567 tionibus
2030 555 2045 578 ,
2080 512 2240 581 cujus
2268 510 2430 582 623
2466 509 2680 564 initium
2710 517 2814 574 est,
2849 507 2912 562 de
2940 507 3087 577 gula,
3115 523 3169 577 p.
3197 507 3338 570 975,

1761 605 1997 673 reperies
2032 604 2087 657 in
2114 602 2234 657 eod.
2266 602 2459 671 quinto
2492 609 2676 666 tome;
2709 615 2871 670 quem
2902 600 3068 653 alium
3115 613 3238 653 esse
3272 597 3343 651 ab

1760 706 1881 751 octo
1913 696 2066 750 libris
2091 737 2105 761 ,
2140 710 2278 765 quos
2324 693 2579 764 opposuit
2627 692 2891 763 Evagrius
2935 692 3193 747 adversus
3218 700 3344 745 octo

1761 788 2142 858 principalium
2186 787 2441 841 vitiorum
2482 788 2856 855 suggestiones
2884 825 2899 849 ,
2944 784 3236 847 existimo,
3289 791 3345 837 et

1759 878 1827 933 de
1855 894 1963 948 quo
2002 878 2256 947 superius
2280 878 2385 944 egi.
2423 875 2579 931 Certe
2611 877 2782 930 bestia
2810 915 2824 938 ,
2882 875 2949 929 de
2984 890 3086 943 qua
3120 882 3346 929 sanctus

1759 967 1999 1023 Joannes
2044 968 2234 1023 scribit
2274 982 2323 1021 c.
2362 968 2425 1019 1.7
2469 966 2809 1036 Apocalypsis
2838 1004 2852 1030 ,
2898 975 3102 1033 septem
3160 956 3347 1017 habuit

1760 1076 1965 1117 cornua
1996 1102 2011 1127 ,
2066 1068 2119 1113 et
2168 1058 2417 1114 diabolus
2464 1068 2668 1127 septem
2718 1057 2959 1127 suggerit
3012 1056 3179 1120 vitia,
3222 1069 3346 1123 quae

1761 1148 2085 1211 criminalia,
2118 1154 2177 1201 ut
2207 1157 2425 1216 peccata
2463 1146 2713 1215 capitalia
2750 1144 3123 1206 nominantur,
3158 1151 3212 1196 et
3234 1142 3347 1195 vel-

1761 1248 1822 1294 ut
1855 1239 2022 1308 hydra
2069 1236 2334 1305 septiceps
2360 1276 2375 1301 ,
2422 1235 2506 1288 his
2537 1232 2776 1302 assurgit
2833 1233 3098 1285 adversus
3130 1229 3298 1284 Deum
3328 1247 3342 1283 :

1769 1330 2088 1400 principalia
2122 1329 2285 1383 etiam
2322 1337 2480 1381 vocat
2516 1326 2708 1379 Petrus
2742 1323 3081 1377 Lombardus
3108 1363 3123 1387 ,
3166 1321 3263 1376 lib.
3306 1336 3347 1375 ιι

1764 1423 2184 1486 Sententiarum,
2218 1420 2558 1474 distinction.
2589 1418 2679 1483 44,
2714 1427 2766 1471 et
2792 1424 3073 1469 enumerat
3099 1429 3128 1467 e
3158 1422 3346 1468 sancto

1762 1515 2023 1586 Gregorio
2058 1513 2253 1583 Magno
2285 1513 2337 1565 in
2376 1511 2560 1565 Exodo
2584 1552 2597 1576 ,
2647 1519 2741 1563 aut
2797 1508 2980 1577 potius
3024 1505 3303 1558 Ezechiele
3326 1543 3341 1567 ,

1762 1608 1873 1662 imo
1901 1622 1963 1662 ex
2000 1622 2095 1661 xm
2132 1604 2408 1659 Moralium
2439 1621 2452 1668 ;
2505 1615 2557 1656 et
2596 1602 2669 1655 ait
2701 1617 2730 1656 e
2758 1600 3148 1670 Chrysostomo
3175 1596 3348 1663 signi-

1765 1699 1921 1752 licata
1955 1696 2126 1751 fuisse
2160 1697 2212 1748 in
2249 1705 2455 1764 septem
2491 1692 2721 1762 populis,
2765 1690 2859 1760 qui
2887 1698 3082 1743 terram
3108 1689 3346 1757 promis-

95 1779 331 1834 iortassis
359 1780 523 1847 idem,
558 1783 649 1850 qui
674 1783 1200 1838 conmtunicantium
1232 1796 1440 1840 mentes
1472 1786 1663 1857 digno-
1692 1783 1732 1837 B
1762 1790 1955 1857 sionis,
1995 1804 2157 1858 quam
2198 1786 2341 1842 Deus
2383 1786 2564 1839 lsraeli
2600 1784 2870 1852 pollicitus
2904 1780 3099 1846 fuerat,
3129 1778 3342 1833 detine-

87 1872 284 1938 scebat,
312 1880 366 1925 et
395 1872 461 1925 de
487 1887 599 1941 quo
631 1871 903 1939 Rut'liuus,
932 1875 968 1929 I.
996 1890 1065 1940 II,
1095 1876 1263 1942 c.14;
1300 1874 1658 1943 Sozomenus,

88 1964 235 2028 LVI,
284 1979 334 2016 c.
366 1963 476 2029 28;
518 1965 832 2020 Cassiodor.
872 1967 1080 2021 Hister.
1130 1966 1362 2036 Tripart.
1421 1970 1457 2022 l.
1517 1984 1615 2023 vnt
1643 2012 1658 2037 ,

90 2072 133 2106 c.
165 2055 184 2106 1
214 2071 228 2119 ;
264 2052 555 2123 Nicephor.
595 2055 635 2110 ι.
672 2072 764 2122 x1,
797 2070 845 2110 c.
874 2057 962 2111 54.
1016 2056 1127 2113 Nec
1155 2062 1300 2113 enim
1342 2059 1481 2113 ratio
1518 2069 1654 2114 tem-

92 2146 229 2211 poris
268 2146 489 2214 patitur,
528 2155 586 2200 ut
617 2147 691 2201 sit
721 2147 811 2202 ille
843 2149 1145 2203 monachus
1171 2150 1590 2218 Alexandrinus,
1634 2167 1664 2207 e

88 2238 423 2291 Scholastico
451 2278 465 2303 ,
521 2238 615 2308 qui
646 2239 713 2293 ad
750 2249 999 2294 sanctum
1035 2241 1330 2296 Antonium
1384 2248 1658 2312 perrexit,

90 2330 151 2383 de
177 2346 287 2399 quo
315 2330 625 2399 Palladius,
660 2347 709 2387 c.
741 2332 812 2385 26
847 2330 1130 2387 Lausiacae
1151 2376 1166 2400 ,
1210 2345 1264 2389 et
1295 2336 1537 2391 Incertus
1563 2352 1663 2390 au-

90 2431 238 2490 ctor,
274 2424 367 2477 lib.
398 2440 473 2478 vn
510 2423 589 2477 De
621 2425 716 2479 vit.
761 2424 990 2478 Patrum
1020 2469 1035 2493 ,
1072 2427 1231 2494 cujus
1268 2428 1536 2497 interpres
1562 2429 1665 2484 fuit

90 2514 437 2570 Paschasius.
472 2517 662 2585 Itaque
691 2518 966 2589 colligitur
1005 2534 1068 2573 ex
1117 2520 1221 2574 ista
1263 2520 1620 2590 inscriptione
1645 2561 1661 2586 ,

90 2604 263 2660 Nilum
298 2623 434 2674 sevo,
464 2624 574 2677 quo
602 2607 863 2675 Isidorus,
890 2609 1170 2680 Eulogius,
1202 2612 1486 2681 Agatltius,
1522 2613 1663 2666 Eva-

91 2699 258 2766 grius,
285 2707 340 2753 et
367 2700 461 2753 alii
488 2700 783 2767 vixerunt,
825 2700 1100 2757 ﬂoruisse.
1132 2701 1301 2757 Ornat
1327 2712 1473 2758 certe
1500 2704 1666 2757 Eulo-

88 2788 232 2855 gium
286 2789 453 2842 istum
520 2790 724 2858 insigni
783 2789 975 2861 Elogio
1037 2793 1225 2847 beatus
1280 2792 1473 2859 Nilus,
1534 2796 1663 2847 dum

93 2879 301 2949 μύστην
360 2879 470 2932 τῶν
516 2880 728 2950 ἀρετῶν
785 2894 1101 2952 nuncupat,
1148 2886 1237 2954 qtti
1301 2884 1404 2938 fuit.
1467 2885 1664 2954 impul-

91 2985 212 3033 sor,
268 2978 324 3024 et
359 2970 760 3042 ὲργοδιώκτης,
824 2982 883 3026 ut
948 2988 1085 3043 opus
1160 2975 1303 3030 istud
1360 2977 1662 3029 conscribe-

88 3070 198 3129 ret,
233 3074 424 3117 auctor
466 3064 725 3118 nimirum
747 3107 761 3128 ,
805 3075 969 3119 exuta
1001 3066 1204 3120 tumida
1240 3066 1422 3121 carnis
1452 3067 1665 3120 sarcina

90 3150 444 3204 eelebrandus
473 3188 487 3214 ,
523 3150 667 3205 unde
694 3151 865 3219 ipsius
900 3166 959 3206 se
999 3154 1339 3206 commendat
1369 3152 1661 3222 suifragiis.

156 3260 458 3331 Subjicitur
491 3262 584 3315 τοῦ
615 3263 779 3317 αὐτοῦ
812 3264 829 3334 (
856 3263 1045 3317 Νείλου
1076 3262 1308 3333 nempe)
1345 3264 1500 3331 λόγος
1530 3262 1668 3332 πρὸς

89 3351 175 3404 τὸν
202 3351 366 3405 αὑτὸν
398 3352 651 3421 Εὑλόγιον
682 3355 812 3424 περὶ
844 3354 943 3418 τὰς
974 3353 1295 3421 ἀντιζύγους
1323 3353 1431 3405 τῶν
1461 3353 1667 3424 ἀρετῶν

86 3443 309 3506 κακίας.
352 3442 608 3512 Ejusdem
635 3445 784 3515 (Nili
819 3447 1070 3515 scilicet)
1120 3446 1189 3499 ad
1217 3447 1454 3499 eumdem
1500 3444 1669 3501 Eulo-

88 3538 228 3604 gium
260 3537 407 3590 circa
444 3539 575 3591 vitia
605 3538 886 3592 virtutibus
915 3540 1174 3607 opposita,
1206 3549 1302 3592 aut
1350 3539 1426 3592 uti
1471 3538 1668 3609 legitur

86 3632 143 3686 in
173 3632 364 3689 Gra:co
406 3632 586 3689 Indice
632 3634 760 3705 περὶ
815 3634 921 3687 τῶν
962 3634 1264 3702 ἀντιζύγων
1304 3635 1412 3687 τῶν
1457 3634 1668 3703 ἀρετῶν

88 3726 338 3792 κακιῶν,
379 3725 456 3779 De
481 3726 623 3779 vitiis
648 3768 663 3793 ,
715 3742 832 3795 qua:
873 3737 995 3780 sunt
1043 3728 1284 3795 opposita
1342 3726 1667 3781 virtutibus:

91 3816 317 3888 incipit,
372 3820 667 3888 ἀναγκαῖον
714 3819 955 3891 ἡγοῦμαι
1005 3819 1101 3873 καὶ
1150 3814 1248 3883 τὰς
1296 3820 1617 3889 ἀντιζύγους
1650 3859 1666 3885 ,

89 3907 465 3964 Necessarium
490 3912 723 3965 arbitror
750 3914 987 3981 opposita
1013 3929 1235 3982 quoque,
1269 3912 1468 3968 desinit
1492 3914 1545 3966 in
1584 3915 1668 3967 his

87 4003 269 4057 verbis
300 4001 604 4073 Θελήματος
626 4003 795 4057 αὑτοῦ
827 4002 1005 4066 εὖοδος
1031 4044 1045 4067 ,
1086 4004 1372 4058 voluntatis
1419 4021 1529 4059 suae
1568 4005 1670 4057 iter

86 4091 247 4159 facile
289 4109 307 4146 :
346 4106 583 4163 quatuor
633 4095 903 4165 capitibus
954 4095 1281 4158 absolvitur,
1332 4107 1385 4150 et
1440 4113 1668 4152 enume-

88 4193 284 4236 rantur
315 4183 445 4236 vitia
479 4198 695 4250 novem,
730 4185 1063 4253 totidemque
1091 4186 1338 4250 virtutes,
1367 4188 1667 4257 deestquid

88 4274 159 4329 sit
178 4274 434 4342 ἀφθονία,
463 4274 515 4329 id
535 4284 619 4330 est
637 4317 652 4341 ,
679 4290 779 4329 non
810 4276 1121 4343 invidentia,
1154 4279 1277 4346 quid
1300 4277 1666 4348 ὑπερηφανία,

85 4365 219 4435 quid
250 4365 615 4430 ταπείνωσις,
665 4381 760 4422 seu
799 4367 1051 4435 superbia
1074 4408 1089 4433 ,
1128 4376 1180 4423 et
1208 4368 1522 4435 humilitas;
1572 4372 1666 4424 sed

1764 1883 1896 1937 bant
1923 1902 1935 1936 :
1973 1897 2039 1935 ex
2070 1881 2156 1935 his
2188 1881 2343 1950 quasi
2377 1891 2581 1949 septem
2613 1877 2854 1930 fontibus
2886 1883 3095 1927 cunctae
3132 1872 3346 1926 anima-

1763 1990 1884 2029 rum
1917 1975 2213 2030 mortifera:
2244 1977 2567 2044 corruptela:
2607 1973 2911 2026 dimanant.
2957 1970 3219 2023 Dicuntur
3257 1982 3348 2021 ca-

1763 2063 1970 2138 pitalia,
1999 2067 2124 2137 quia
2150 2082 2214 2120 ex
2245 2067 2329 2120 his
2361 2066 2542 2118 omnia
2573 2066 2710 2116 tnala
2738 2062 2987 2114 oriuntur
3014 2077 3029 2125 ;
3061 2069 3114 2112 et
3140 2058 3346 2111 nullutn

1766 2171 1849 2214 est
1894 2160 2093 2213 malum
2126 2199 2141 2224 ,
2189 2159 2334 2227 quod
2389 2173 2493 2210 non
2548 2157 2731 2211 trahat
2769 2154 3033 2223 originem
3069 2154 3136 2205 ab
3166 2150 3348 2219 aliquo

1764 2252 2027 2320 ipsorum.
2059 2250 2343 2319 Cupiditas
2381 2249 2599 2319 quidem
2644 2258 2729 2300 est
2764 2246 2919 2299 radix
2953 2246 3201 2297 omnium
3234 2257 3349 2295 nta-

1766 2342 1939 2396 lorum
1973 2342 2025 2395 in
2054 2344 2423 2407 exsecutione,
2457 2339 2615 2392 sicuti
2641 2338 2896 2407 superbia
2928 2336 3141 2388 initium
3172 2334 3349 2387 otnnis

1765 2435 1970 2504 peccati
2002 2434 2178 2504 quoad
2204 2433 2592 2496 intentionem;
2631 2440 2757 2483 sunt
2779 2440 2957 2483 tamen
2982 2429 3069 2482 illa
3096 2442 3300 2497 septem
3329 2444 3343 2481 :

1766 2526 1942 2579 inanis
1970 2525 2157 2594 gloria,
2188 2525 2290 2586 ira,
2318 2523 2519 2577 invidia
2541 2560 2555 2583 ,
2590 2521 2769 2574 acedia
2809 2519 2892 2572 vel
2931 2519 3145 2571 tristitia
3171 2558 3187 2581 ,
3216 2532 3346 2570 ava-

1767 2618 1912 2683 ritia,
1940 2617 2341 2687 gastrimargia,
2373 2628 2468 2669 seu
2500 2614 2642 2683 gula,
2680 2624 2726 2665 et
2763 2610 2999 2664 luxuria.
3036 2607 3177 2663 Fuse
3213 2608 3344 2677 pits-

1767 2709 1941 2763 simus
2001 2717 2054 2763 et
2082 2708 2305 2762 doctiss.
2339 2706 2569 2760 CarOIUs
2604 2703 2962 2759 Thomassius
2997 2702 3227 2755 clericus
3261 2716 3348 2753 re-

1766 2804 1970 2873 gularis
2003 2842 2017 2866 ,
2066 2816 2229 2870 quem
2268 2814 2500 2854 veneror
2548 2800 2617 2853 ob
2660 2799 2793 2851 istas
2820 2796 2995 2860 dotes,
3037 2796 3090 2847 in
3140 2794 3348 2847 Arbore

1767 2893 2032 2949 Doctrintc
2066 2894 2240 2946 sancti
2277 2890 2520 2944 Thomze.
2556 2889 2628 2944 De
2666 2888 2849 2943 acedia
2889 2884 3347 2953 Diadochus,epi-

1767 2999 1964 3051 scepus
1991 2982 2243 3040 Pliotiees
2293 2981 2347 3034 in
2380 2978 2543 3049 Epiro
2572 2978 2770 3033 veteris
2799 2976 3017 3047 Illyrici,
3042 2976 3133 3044 qui
3166 2974 3348 3028 ﬂoruit

1770 3090 1912 3128 anno
1932 3074 1994 3128 C.
2021 3073 2081 3129 N.
2112 3074 2238 3137 590,
2259 3088 2308 3128 c.
2339 3073 2428 3126 58.
2464 3072 2642 3142 Ipsam
2665 3070 2913 3124 dividunt
2943 3068 3175 3123 morales
3199 3068 3347 3120 theo-

1770 3164 1874 3233 logi
1933 3165 1985 3216 in
2040 3179 2181 3229 eam,
2224 3178 2345 3232 quae
2376 3173 2561 3231 torpor
2592 3169 2678 3214 est
2718 3170 2771 3213 et
2809 3158 3027 3213 taedium
3080 3158 3341 3211 bonorum

1768 3270 2014 3322 cperum,
2050 3266 2103 3309 et
2133 3256 2185 3308 in
2215 3255 2385 3319 illam,
2415 3268 2536 3323 qua:
2563 3251 2800 3322 pondere
2825 3250 3060 3319 quodam
3089 3254 3345 3319 aggravet

1769 3347 2001 3402 tristitiae
2033 3349 2329 3401 humanum
2363 3345 2639 3406 animum,
2684 3344 2945 3398 inducens
2988 3340 3345 3411 pusillanimi-

1769 3444 1931 3489 tatem
1977 3445 2029 3489 et
2081 3434 2539 3504 desperationem.
2582 3430 2623 3484 F
2630 3446 2723 3484 use
2763 3430 2829 3484 de
2861 3430 3008 3483 vitiis
3043 3429 3341 3482 monacho-

1768 3544 1888 3581 rntn
1917 3527 2108 3582 Petrus
2147 3525 2437 3581 cardinalis
2460 3522 2706 3578 Damiani
2729 3565 2745 3590 ,
2769 3538 2958 3590 Opusc.
2990 3523 3025 3577 2
3058 3526 3135 3577 De
3160 3520 3339 3575 δίει-ιιίί

1768 3629 2091 3687 contemptu,
2115 3618 2207 3687 qui
2232 3617 2411 3687 gulam
2437 3616 2641 3670 omittit
2666 3616 2808 3668 inter
2834 3614 3089 3685 capitalia
3116 3624 3339 3685 peccata

1769 3711 1862 3765 lib.
1907 3710 1985 3763 De
2013 3711 2157 3763 horis
2190 3710 2496 3775 canonicis;
2534 3716 2713 3761 tamen
2753 3708 3007 3761 lloratius
3034 3748 3049 3773 ,
3088 3707 3338 3760 ethnicus

1768 3813 1824 3859 et
1843 3801 2143 3874 Epicureus
2187 3814 2393 3872 septem
2437 3808 2798 3856 connumerat
2838 3801 2988 3855 hisce
3035 3799 3286 3856 versibus
3318 3838 3335 3865 ,

1768 3896 1861 3951 lib.
1898 3912 1911 3948 I
1940 3936 1955 3959 ,
2006 3894 2165 3963 epist.
2194 3894 2220 3947 1
2251 3936 2266 3961 ,
2307 3892 2375 3946 ad
2415 3892 2754 3946 chenatem
2778 3907 2798 3946 :

1873 3982 2062 4038 Fervet
2098 3983 2355 4051 avaritia;
2390 3983 2685 4053 miseraque
2717 3982 2963 4051 cupidine
2992 3992 3195 4051 pectus,

1768 4072 1963 4127 deinde
1996 4088 2011 4125 :

1873 4184 2117 4251 Invidus,
2148 4186 2459 4253 iracundus,
2490 4187 2659 4253 iners,
2694 4186 2928 4253 vinosus,
2965 4194 3194 4241 amator.

1836 4278 1908 4333 At
1935 4280 2090 4350 plura
2129 4279 2422 4337 Gratianus
2460 4280 2514 4334 in
2551 4280 2775 4336 Decreto
2809 4280 2876 4335 ad
2918 4295 2968 4335 c.
3000 4279 3173 4335 Unum
3211 4296 3335 4335 ora-

1770 4372 1910 4424 rium
1938 4371 2008 4426 25
2053 4371 2207 4436 dist.,
2245 4381 2491 4427 recenset
2517 4387 2548 4426 e
2591 4382 2779 4427 sancto
2808 4371 3115 4441 Augustino
3153 4374 3337 4430 homi-

88 4456 206 4511 liaac
236 4456 481 4525 suppleri
525 4457 780 4512 videntur
804 4457 983 4527 quoad
1030 4458 1159 4512 vitia
1212 4459 1263 4511 in
1314 4466 1542 4514 tractatu
1581 4476 1667 4515 se-
1698 4456 1741 4511 D
1770 4464 1840 4517 lia
1867 4464 1931 4516 de
1962 4464 2081 4533 igne
2112 4464 2445 4533 purgatorio,
2478 4479 2573 4518 seu
2609 4464 2956 4531 transitorio,
2990 4466 3104 4532 sive
3130 4482 3336 4523 sermo-

87 4547 282 4616 quenti
304 4588 319 4612 ,
355 4547 445 4601 cui
482 4547 671 4602 titulus
699 4557 783 4603 est
805 4591 820 4615 ,
867 4548 973 4602 Τοῦ
1005 4546 1168 4602 αὑτοῦ
1215 4551 1344 4620 περὶ
1374 4550 1481 4603 τῶν
1521 4551 1665 4603 ὀκτὼ

87 4638 424 4709 πνευμάτων
449 4638 550 4708 τῆς
574 4639 872 4711 πονηρίας,
916 4639 1168 4704 Eiusdem
1195 4641 1325 4711 (Nili
1383 4642 1663 4713 nimirum)

87 4728 167 4783 De
223 4740 342 4783 octo
386 4729 658 4800 spiritibus
683 4731 943 4797 malitiaz;
996 4741 1050 4787 et
1098 4731 1327 4802 incipit,
1384 4731 1516 4802 περὶ
1566 4733 1667 4801 τῆς

84 4823 569 4893 γαστριμαργίας,
635 4823 687 4877 id
739 4834 864 4889 est,
914 4824 976 4877 de
1028 4823 1188 4893 gula.
1243 4825 1355 4877 sive
1398 4823 1663 4894 ingluvie,

84 4912 233 4983 ἀρχὴ
252 4954 268 4978 ,
326 4914 703 4985 καρποφορίας
753 4913 912 4977 ἄνθος
936 4952 952 4977 ,
984 4914 1036 4968 id
1063 4924 1174 4978 est,
1204 4915 1522 4983 principium
1546 4914 1664 4982 fru-

82 5013 201 5057 ctus
258 5004 512 5072 aﬂerendi
575 5005 715 5075 ﬂos;
781 5005 1005 5069 desinit,
1029 5004 1124 5058 καὶ
1176 5002 1397 5067 πολλαῖς
1448 5005 1667 5073 ἀρεταῖς

83 5094 443 5165 φαιδρύνεται
490 5098 817 5160 ταπείνωσις
863 5096 1091 5167 ἀνδρὸς,
1154 5106 1202 5150 et
1248 5096 1347 5150 uiri
1395 5096 1665 5149 humilitas

82 5187 277 5240 multis
336 5189 631 5257 resplendet
687 5188 972 5243 virtutibus
997 5230 1012 5255 ,
1048 5189 1103 5242 in
1129 5189 1302 5257 capita
1332 5189 1396 5244 19
1425 5188 1665 5243 disseca-

81 5286 194 5334 tur.
226 5276 460 5334 Exstant
506 5280 726 5350 quidem
770 5280 1046 5335 orationes
1089 5289 1212 5333 octo
1259 5278 1451 5334 Latine
1492 5282 1663 5335 sancti

80 5366 191 5422 Nili
233 5370 499 5425 adversus
550 5369 715 5436 vitia,
771 5378 923 5424 tomo
967 5366 1040 5432 V,
1076 5377 1226 5438 parte
1259 5384 1295 5421 Il
1332 5368 1665 5423 Bibliotheca:

84 5461 323 5515 Patrum
353 5461 697 5518 in‘editionc
734 5461 1052 5518 Coloniensi
1104 5474 1250 5515 anno
1291 5461 1449 5515 1618.
1491 5462 1661 5533 lucip.

77 5556 197 5607 Hoc
244 5563 323 5607 est
368 5554 710 5624 proﬁciendi,
745 5556 809 5610 de
845 5555 1010 5627 gula,
1041 5564 1144 5610 etc.
1190 5570 1243 5625 p.
1279 5556 1405 5622 969,
1450 5558 1554 5612 col.
1594 5558 1617 5611 1
1647 5598 1662 5623 ,

80 5644 136 5698 in
176 5644 272 5699 τοι.
305 5646 537 5702 Eosdem
570 5648 731 5702 vertit
785 5648 838 5702 in
891 5647 1144 5702 Latinutn
1197 5646 1391 5702 Petrus
1442 5646 1665 5703 Franci-

80 5751 217 5791 scus
262 5737 433 5797 Ziuus
491 5740 543 5793 in
591 5741 829 5796 editione
862 5740 1064 5797 Veneta
1116 5742 1169 5796 in
1216 5742 1290 5807 8,
1327 5757 1472 5796 anno
1504 5742 1660 5796 1574.

1767 4572 1834 4609 ne
1861 4556 1921 4608 41
1961 4554 2027 4608 de
2058 4556 2288 4619 sanctis,
2319 4564 2373 4609 et
2397 4554 2431 4609 4
2460 4554 2527 4609 de
2551 4556 2841 4610 animabus
2874 4556 3111 4610 tidelium
3139 4558 3336 4614 defun-

1765 4658 1998 4701 ctarum.
2031 4646 2203 4700 Graeci
2228 4646 2388 4700 modo
2410 4655 2699 4701 numerant
2731 4657 2853 4701 octo
2872 4688 2886 4712 ,
2916 4647 3079 4702 modo
3110 4664 3334 4719 novem,

1766 4750 1825 4794 ut
1872 4741 1924 4793 in
1975 4739 2125 4796 hisce
2170 4741 2490 4795 tractatibus
2522 4740 2886 4811 perspicitur;
2920 4742 3062 4796 unde
3104 4741 3335 4797 libenter

1763 4830 2124 4883 exclamarem
2153 4846 2276 4884 cum
2305 4845 2428 4899 rege
2454 4829 2652 4897 Psalte,
2674 4829 2882 4885 Delicta
2908 4833 3026 4901 quis
3047 4832 3336 4902 intelligit"

1764 4917 1943 4989 (Psal.
1978 4936 2145 4984 xvni,
2180 4920 2305 4990 12.)
2342 4918 2397 4972 In
2432 4921 2673 4976 editione
2704 4921 3012 4976 Coloniensi
3068 4932 3334 4981 tractatus

1764 5011 1864 5064 iste
1911 5009 1987 5064 De
2034 5021 2149 5064 octo
2196 5012 2399 5065 vitiosis
2461 5013 2860 5082 cogitationibus
2920 5022 3097 5069 exstat
3142 5014 3335 5071 Latine

1764 5116 1886 5153 cum
1928 5099 2269 5166 Praefatione,
2315 5101 2475 5170 cujus
2501 5101 2787 5155 exordium
2824 5117 2837 5152 :
2871 5100 2948 5156 De
2980 5112 3096 5157 octo
3129 5106 3332 5159 vitiosis

1762 5192 2173 5261 cogitationibus
2197 5232 2211 5256 ,
2255 5208 2347 5248 seu
2386 5192 2745 5262 a/fectionibus
2784 5194 3007 5248 scribere
3050 5196 3332 5251 instituen-

1765 5294 1860 5350 tes,
1882 5293 1985 5339 etc.
2010 5294 2121 5339 tum
2154 5284 2343 5353 incipit
2367 5303 2379 5338 :
2415 5283 2481 5337 Ut
2507 5285 2720 5354 frugum
2738 5286 3055 5355 principium
3082 5287 3204 5355 ﬂos,
3224 5298 3328 5343 etc.

1764 5376 1917 5431 valde
1945 5376 2174 5430 diversae
2201 5384 2329 5431 sunt
2360 5375 2561 5443 periodi
2587 5393 2603 5443 ;
2640 5377 2735 5432 sed
2764 5380 2998 5447 scriptor
3031 5388 3157 5434 octo
3202 5381 3331 5437 vitia

1762 5458 2079 5539 exsequitur
2097 5468 2358 5537 persirnili
2376 5467 2563 5523 ordine
2577 5484 2589 5519 :
2603 5469 2883 5538 praeﬁxum
2903 5478 2985 5525 est
3003 5470 3329 5530 distichum:

1868 5585 2010 5637 Arva
2043 5584 2183 5654 rigat
2216 5582 2375 5637 Nilus
2408 5583 2624 5653 ﬂuvius.
2656 5584 2746 5639 sed
2774 5592 2985 5654 pectora
3018 5601 3191 5641 sermo

1942 5654 2025 5707 Ea:
2054 5654 2298 5708 monachi
2334 5653 2451 5707 Nili
2479 5654 2722 5726 qui/luit
2756 5653 2844 5709 are
2863 5695 2879 5720 ,
2908 5657 3064 5726 rigat.

1762 5746 1865 5812 Qui
1893 5747 2033 5805 volet
2058 5747 2361 5803 versionem
2386 5747 2530 5802 illam
2559 5747 2827 5815 consulet,
2851 5764 2971 5819 qua:
3000 5750 3157 5823 longe
3177 5751 3330 5811 abest
