3808 6226
330 284 462 351 1351
1252 283 1403 343 JOS.
1440 281 1706 342 MAR”?!
1743 281 2101 342 SUARESII
2141 282 2641 342 DISSERTATIO
3493 275 3644 342 ΒΞ

323 411 356 451 a
397 402 545 450 textu
582 391 773 450 (ἴσωεο
807 390 976 464 624
1011 389 1219 447 codicis
1262 391 1568 445 Barberiui.
1606 389 1768 444 Forte
1811 391 1858 446 is
1883 431 1899 453 .
1935 402 1975 456 Α
2004 393 2140 446 dunt
2177 394 2298 446 aliae
2329 393 2597 447 inchoatae
2625 391 2792 446 Φόϐον
2823 389 2911 460 ἔχε
2941 389 3116 454 Θεοῦ,
3157 389 3228 445 ad
3278 388 3418 454 εεο,
3477 407 3644 446 com-

323 488 419 558 qui
453 487 637 552 vertit,
689 484 857 539 alium
907 483 1149 538 codicem
1197 483 1474 537 diversum
1519 491 1712 535 nactus
1742 491 1863 535 erat
1885 523 1901 546 ,
2008 492 2208 554 putatis
2258 486 2402 548 istis,
2435 501 2558 554 quae
2589 495 2944 538 numerantur
2970 484 3040 538 ΞΘ
3067 485 3173 538 sub
3203 485 3379 538 titulo
3407 485 3644 538 manu

323 577 409 630 vel
444 576 721 646 indulgere
751 574 957 629 amavit
987 589 1051 628 ac
1099 573 1356 627 veliticari
1381 572 1602 640 eloquio
1629 586 1751 625 suo.
1791 569 1906 642 Ego

2037 579 2304 630 πισκόπου
2382 578 2476 630 καὶ
2551 578 2820 647 μάρτυρος
2899 575 3167 642 κεφάλαια
3220 618 3238 643 ,
3343 577 3542 648 625
3611 578 3647 645 ἦ

321 667 524 738 ψιίρ“ρε
557 683 683 722 cum
736 668 841 722 [ide
887 681 1104 721 summa
1151 663 1441 730 transtuli,
1484 664 1630 717 sicut
1660 663 1904 732 ejusdem
2009 670 2371 739 παραίνεσις,
2431 668 2483 721 id
2515 679 2668 732 'est,
2737 667 2852 721 Nili
2932 669 3162 736 episcopi
3227 680 3287 722 el
3357 672 3649 737 ntarlgn's

323 757 432 814 Nili
469 767 760 813 tractatum
808 755 886 809 De
937 757 1205 819 oratione,
1253 770 1348 808 seu
1392 752 1488 806 τοῦ
1538 752 1702 805 αὑτοῦ
1751 751 1908 818 λόγον

2041 763 2280 830 apitula,
2331 778 2421 814 seu
2470 761 2788 814 exhortatio.
2823 760 3111 814 Abnndant
3153 760 3208 813 in
3238 761 3452 814 codice
3495 761 3650 812 Bar-

326 851 463 920 Περὶ
487 849 584 919 τῆς
613 846 922 918 προσευχῆς
952 848 1034 910 εἰς
1071 851 1184 916 ρνγ¹
1199 845 1472 914 κεφάλαια
1499 842 1905 913 διειλημμένον,

2036 857 2201 910 ierino
2226 855 2340 908 istae
2368 853 2730 907 beatitudines
2774 852 2908 921 (vide
2935 869 3096 920 supra
3146 853 3248 906 col.
3287 853 3464 917 1261,
3514 852 3648 918 0.).

325 942 382 996 in
439 942 680 1012 capitula
729 941 832 994 155
883 939 1228 994 distinctum.
1281 938 1594 991 Conversus
1626 934 1802 988 fuerat
1851 935 1906 987 in
2081 948 2337 1001 Arbitror
2381 957 2435 1000 et
2484 946 2824 1014 adjungenda
2884 945 3135 1013 capitulis
3186 946 3302 999 illis
3360 947 3553 1000 editis
3591 949 3650 998 in

326 1034 580 1089 Latinunt
629 1034 732 1087 iste
777 1040 1040 1086 tractatus
1086 1048 1118 1084 a
1171 1028 1464 1083 Francisco
1491 1027 1808 1088 Turriano,
1857 1036 1909 1080 et

2037 1053 2162 1092 omo
2195 1039 2232 1090 ll
2266 1039 2402 1091 Bibl.
2439 1036 2862 1092 Graeco-Latina:
2890 1037 3189 1092 Parisiensi
3239 1037 3294 1091 id
3354 1042 3524 1107 quod
3567 1039 3654 1090 ibi

332 1121 518 1180 editus
549 1123 861 1191 Antnerpia:
894 1123 945 1174 in
987 1124 1162 1176 lucem
1190 1125 1331 1185 apud
1363 1121 1669 1174 Plautinum
1710 1119 1762 1172 in
1801 1118 1868 1170 12
1891 1156 1907 1180 ,
2009 1136 2356 1190 desidera“...
2394 1142 2518 1202 post
2547 1148 2666 1200 cap.
2707 1132 2775 1186 97
2811 1141 2864 1185 οι
2893 1131 3079 1186 Graece
3107 1131 3160 1183 in
3216 1132 3348 1185 cod.
3409 1132 3652 1184 Barba,

331 1225 445 1269 tum
475 1230 503 1268 a
537 1213 849 1284 Margarino
878 1212 1132 1282 Bignazo,
1183 1221 1237 1266 et
1286 1210 1420 1264 Zino
1457 1209 1696 1263 Venetiis
1726 1208 1906 1274 1574;
2010 1229 2131 1283 mm
2190 1228 2384 1294 reperi.
2462 1225 2612 1294 (Hoc
2674 1225 3024 1293 fmgmemum
3090 1225 3377 1291 Ροεκεηηη
3447 1239 3650 1289 στερη

327 1308 461 1378 quin
492 1315 546 1361 et
575 1307 629 1360 in
660 1305 990 1359 Bibliotheca
1017 1303 1242 1357 Patrum
1271 1302 1514 1358 Colonias
1556 1319 1609 1372 μ.
1646 1301 1771 1356 950.
1803 1301 1908 1355 Ve-
2011 1323 2113 1376 cap
2148 1321 2306 1380 5257.
2341 1320 2430 1372 ubi
2465 1319 2635 1371 locum
2667 1317 3089 1385 opportuniore",
3120 1313 3382 1380 σιώπα.)

327 1413 450 1452 rum
481 1396 822 1451 desideratur
854 1405 1034 1449 textus
1093 1393 1336 1459 Graecus,
1374 1403 1427 1447 et
1459 1391 1646 1446 Latine
1697 1389 1911 1445 Graioc—

2081 1412 2188 1466 Τοῦ
2211 1412 2375 1483 626
2385 1410 2548 1462 αὑτοῦ
2565 1411 2622 1461 ὲν
2635 1408 2808 1476 ἁγίοις
2829 1407 3040 1477 Πατρὸς
3061 1407 3214 1475 ἡμῶν
3228 1407 3437 1456 Νείλου
3460 1406 3650 1473 Πειρ-

327 1502 436 1557 que
466 1486 794 1554 prooemium
814 1524 833 1552 ,
864 1484 1012 1555 quod
1063 1485 1150 1538 hic
1187 1484 1442 1553 apposui,
1477 1484 1736 1553 quodque
1765 1482 1905 1536 inci-

2036 1482 2403 1574 tlvsotginpb;
2442 1504 2727 1570 Μοναχοὺς
2766 1501 3112 1569 supponitur,
3153 1499 3313 1564 cujus
3359 1499 3638 1560 initium,

326 1581 408 1650 pit
435 1577 781 1650 Πυρέττοντά
834 1593 902 1647 με
931 1616 946 1640 ,
991 1577 1043 1630 id
1078 1585 1182 1638 est,
1219 1574 1625 1630 Febricitantem
1660 1591 1760 1627 me.
1806 1572 1912 1626 lni-

2036 1572 2342 1664 Ἀκρασίαν,
2381 1591 2434 1646 id
2463 1601 2564 1655 est,
2605 1590 3105 1658 intemperantiam;
3137 1587 3264 1641 linis
3299 1589 3442 1657 μηδὲ
3483 1605 3641 1639 συν-

327 1671 463 1724 tium
503 1676 685 1724 autem
747 1677 1044 1732 tractatus,
1098 1683 1193 1721 seu
1247 1667 1487 1735 capitum
1541 1672 1663 1726 est,
1719 1664 1784 1716 Εἴ
1827 1679 1912 1726 τις

2036 1688 2214 1740 σθὶειν
2253 1685 2438 1747 καλὸν,
2468 1685 2516 1737 id
2537 1691 2642 1748 est,
2673 1699 2837 1752 neque
2865 1697 2985 1734 cum
3015 1698 3074 1734 eo
3106 1685 3381 1734 comedere
3409 1682 3635 1733 bonum

327 1761 570 1832 βούλοιτο
602 1799 618 1826 ’
659 1756 718 1814 δέ
757 1760 872 1829 quis
906 1758 1171 1822 "amem;
1209 1757 1482 1812 dandum
1523 1766 1579 1810 et
1619 1757 1724 1809 hoc
1764 1756 1909 1809 “ne:
1949 1756 1988 1792 ὕ
2015 1788 2112 1832 est.
2156 1775 2441 1831 Tractatus
2477 1775 2659 1844 hujus,
2682 1775 2795 1829 sive
2825 1772 3180 1826 Institutionis
3211 1776 3284 1824 ad
3313 1774 3633 1826 monachos

325 1853 584 1926 Εὖρηκας
605 1855 936 1924 προσευχήν.
971 1850 1226 1906 Invenisti
1255 1851 1548 1904 orationem
1578 1866 1594 1916 ;
1623 1859 1677 1904 et
1713 1849 1767 1902 in
1794 1862 1914 1903 ver-

325 1950 483 2006 sione
515 1963 634 2002 mea
669 1946 809 2002 forte
843 1949 1014 2000 lector
1037 1955 1297 2015 agnoscet
1320 1944 1646 2015 πιστοτέρας
1672 1982 1687 2006 ,
1732 1945 1778 1998 si
1805 1957 1914 1997 non

317 2037 642 2107 ’σοφωτέρας
696 2035 989 2106 φροντίδας
1019 2035 1311 2104 δευτέρας;
1356 2037 1408 2090 id
1437 2044 1522 2089 est
1544 2075 1559 2100 ,
1591 2031 1910 2096 Fideliores,

326 2141 374 2185 et
397 2130 743 2199 sapientiores
774 2127 1030 2181 secundas
1055 2141 1236 2180 curas.

397 2220 629 2277 Omissis
663 2221 874 2290 aliquot
899 2219 1182 2289 opusculis
1205 2256 1219 2280 ,
1249 2217 1316 2272 de
1341 2216 1542 2286 quibus
1573 2232 1700 2270 mox
1735 2215 1913 2271 disse-

325 2328 479 2378 ram,
526 2312 734 2382 subjeci
791 2311 887 2364 τοῦ
937 2310 1102 2363 αὐτοῦ
1167 2308 1448 2379 (Νείλου)
1489 2307 1760 2377 κεφάλαια
1829 2307 1912 2372 κζ’

324 2405 463 2476 Περὶ
488 2403 760 2474 διαφόρων
824 2400 1076 2473 πονηρῶν
1108 2399 1386 2470 λογισμῶν
1409 2439 1425 2464 ,
1465 2397 1716 2467 Ejusdem
1755 2397 1916 2468 (Nili

327 2497 550 2567 nempe)
588 2495 828 2566 capitula
867 2495 936 2548 ‘27
987 2493 1066 2547 De
1100 2494 1321 2546 diversis
1354 2492 1603 2560 malignis
1634 2491 1912 2561 cogitatio-

327 2589 523 2643 nibus:
568 2597 624 2643 et
681 2589 769 2643 hic
805 2595 1072 2641 tractatus
1102 2586 1354 2640 connecti
1393 2585 1583 2639 debuit
1619 2584 1743 2638 aliis
1776 2583 1914 2636 duo-

326 2682 430 2737 bus
463 2681 718 2750 superius
749 2679 1035 2734 collocatis
1058 2718 1074 2744 ,
1109 2686 1164 2730 et
1193 2692 1259 2730 ex
1304 2676 1389 2731 his
1438 2674 1668 2730 forsitan
1695 2675 1914 2744 collegit

327 2787 484 2826 suam
515 2772 824 2826 versionem
847 2769 1007 2839 quasi
1053 2776 1338 2822 centonem
1367 2781 1660 2830 consuens,
1687 2767 1766 2819 vel
1795 2765 1911 2820 cin-

327 2879 460 2917 nuin
493 2871 795 2918 contexens
831 2869 1024 2915 auctor
1049 2900 1065 2925 ,
1109 2869 1204 2913 aut
1233 2859 1502 2928 interpres
1533 2865 1800 2912 tractatus
1838 2855 1915 2910 De

327 2962 446 3007 octo
485 2952 703 3006 vitiosis.
729 2952 1134 3021 cogitationibus
1181 2949 1424 3002 insertus
1452 2947 1764 3003 Coloniensi
1794 2945 1912 3000 edi-

2015 1872 2257 1942 ejusdcm
2301 1869 2474 1925 sancti
2509 1868 2686 1921 Patris
2716 1868 2885 1922 nostri
2914 1866 3020 1920 Nili
3051 1867 3386 1936 principium
3422 1867 3475 1918 in
3511 1865 3632 1918 Vi-

2018 1965 2089 2019 tis
2121 1963 2342 2018 Patrum
2375 1961 2641 2016 Hcriberti
2674 1959 2961 2030 Rosweydi
2991 1975 3043 2028 p.
3073 1959 3199 2022 598,
3237 1960 3468 2011 nomine
3489 1960 3628 2011 lau-

2016 2058 2180 2111 datur
2229 2054 2480 2125 Evagrii;
2530 2054 2582 2107 in
2626 2052 2862 2107 editione
2899 2049 3017 2104 Zini
3056 2061 3111 2104 et
3153 2051 3207 2104 in
3261 2049 3622 2103 Bibliotheca

2016 2157 2328 2203 sanctorum
2361 2147 2582 2201 Patrum
2615 2159 2817 2198 excusa
2863 2141 3102 2196 Colonia:
3136 2143 3316 2195 sancti
3360 2141 3470 2194 Nili
3506 2144 3623 2194 ab-

2015 2239 2158 2293 batis
2179 2253 2301 2292 cum
2333 2236 2490 2290 titulo
2521 2238 2789 2304 reperitur
2818 2249 2870 2303 p.
2901 2233 3026 2287 968.
3059 2232 3190 2285 Eam
3221 2232 3466 2303 Evagrio
3494 2235 3623 2285 vin-

2015 2331 2162 2384 dicat
2200 2327 2530 2383 llolsteinius
2556 2342 2588 2381 e
2614 2326 2986 2395 ntanuscriplo
3021 2324 3123 2377 BB.
3147 2324 3252 2378 BB.
3293 2326 3395 2394 qui
3439 2327 3620 2378 multa

2015 2421 2207 2476 deesse
2242 2419 2477 2488 capitula
2510 2417 2816 2472 observavit
2856 2417 3153 2486 supplenda
3197 2431 3264 2470 ex
3309 2418 3440 2484 ipso
3472 2417 3620 2468 Eva.

2015 2511 2156 2579 grio.
2177 2525 2299 2579 quas
2326 2510 2376 2562 iit
2404 2508 2508 2562 alio
2531 2506 2715 2561 codice
2735 2505 3085 2559 Bibliotheca:
3107 2503 3214 2558 BB.
3243 2506 3357 2558 sub
3391 2503 3614 2574 Evagrii

2015 2601 2237 2657 nomine
2269 2601 2554 2669 comperit.
2581 2599 2692 2668 Ego
2721 2611 2849 2652 vero
2884 2611 2993 2650 non
3023 2597 3268 2651 dubitavi
3310 2600 3455 2665 quin
3486 2612 3619 2650 san-

2013 2705 2108 2752 cto
2156 2693 2278 2749 Nilo
2329 2693 2706 2757 inscribit-rem,
2748 2707 2778 2745 a
2810 2705 2922 2760 quo
2956 2689 3249 2760 Evagrium
3287 2699 3611 2744 mutuatum

2016 2789 2185 2842 fuisse
2216 2785 2536 2842 crediderim
2563 2783 2739 2848 facile,
2780 2784 2856 2838 uti
2884 2783 3052 2852 φίλων
3088 2782 3157 2835 τὰ
3198 2784 3388 2836 πάντα
3427 2783 3610 2843 κοινὰ,

2015 2879 2095 2933 sic
2121 2877 2277 2944 λόγον
2323 2874 2652 2945 δογματικδν
2679 2873 2747 2927 ab
2779 2873 3028 2942 Evagrio,
3055 2873 3165 2926 imo
3185 2887 3216 2925 a
3252 2871 3312 2925 S.
3342 2871 3610 2942 Gregorio

2018 2969 2364 3023 Nazianzeno
2416 2968 2649 3034 sumpsit
2697 2964 2754 3018 S.
2804 2963 2982 3025 Nilus.
3029 2963 3120 3017 sed
3163 2961 3349 3016 fusius
3389 2963 3448 3015 in
3491 2960 3609 3014 Vita

331 3042 662 3110 tioni.,Certe
693 3041 747 3094 bi
778 3051 888 3096 tres
919 3049 1181 3094 tractatus
1211 3039 1356 3093 circa
1383 3038 1573 3090 eadem
1605 3045 1911 3100 versantur,
1940 3077 1982 3133 α
2017 3063 2132 3131 ipsa
2157 3061 2214 3115 δ’
2242 3060 2346 3113 Nn
2369 3059 2755 3113 demonstrabo
2779 3055 2958 3110 Nilum
2983 3057 3035 3108 in
3063 3055 3324 3123 capitula,
3346 3054 3477 3108 vim
3503 3055 3610 3119 ενδ,

329 3135 580 3206 quamvis
614 3133 667 3187 in
703 3131 1074 3200 manuscripto
1105 3130 1408 3185 Barberinu
1441 3129 1796 3196 interpositus
1841 3129 1913 3180 sit

331 3235 598 3280 tractatus
640 3224 708 3278 de
755 3221 1032 3287 oratione,
1088 3221 1220 3274 milii
1261 3220 1450 3287 religio
1505 3217 1609 3272 fuit
1661 3219 1912 3272 ordinem

329 3317 548 3374 Codicis
585 3315 790 3370 exarati
839 3315 1050 3369 calamo
1084 3313 1458 3366 intervenere.
1516 3308 1731 3361 Initium
1786 3321 1911 3363 est:

331 3410 456 3464 Τῶν
491 3407 885 3479 ἀντικειμένων
945 3405 1216 3474 δαιμόνων
1263 3406 1328 3473 τῇ
1380 3403 1657 3472 πρακτικῇ
1698 3403 1748 3454 id
1798 3409 1913 3466 est,

339 3501 384 3556 E
420 3501 747 3556 dwmonibus
813 3497 1068 3566 oppositis
1123 3496 1307 3548 activa:
1364 3495 1522 3556 vitaz;
1569 3502 1625 3546 et
1675 3491 1914 3555 desinit,

335 3588 414 3650 Οὗ
469 3594 564 3647 καὶ
631 3589 964 3663 ρυσθείημεν
1017 3588 1200 3659 χάριτι
1253 3584 1348 3637 τοῦ
1411 3582 1689 3654 Χριστοῦ,
1756 3593 1913 3637 etc..

335 3689 380 3742 A
407 3701 509 3756 quo
532 3685 812 3738 liberemur
839 3681 1013 3752 gratia
1035 3679 1237 3734 Christi
1265 3718 1279 3742 ,
1311 3687 1416 3731 etc.

409 3775 603 3832 Addidi
646 3773 738 3827 τοῦ
774 3773 940 3827 αὐτοῦ
987 3771 1261 3840 κεφάλαια
1285 3768 1366 3837 λγ¹
1393 3767 1516 3820 κατ’
1555 3764 1876 3819 ἀκολουθίαν
1901 3805 1916 3830 ,

338 3867 394 3923 id
432 3875 519 3922 est
543 3907 559 3928 ,
613 3863 867 3934 Ejusdem
907 3861 1146 3931 capitula
1185 3861 1254 3915 55
1277 3900 1292 3925 ,
1323 3875 1415 3929 per
1441 3859 1638 3927 gradus
1666 3858 1919 3927 quosdam

338 3960 595 4028 disposita
622 3955 1020 4026 consequentiae.
1051 3953 1318 4022 incipiunt
1354 3967 1416 4006 ea
1443 3949 1691 4020 είκτερός
1735 3952 1880 4001 ἐστιν
1901 3988 1918 4015 ,

340 4051 393 4104 id
428 4059 546 4116 est,
574 4047 793 4102 Morbus
818 4055 1098 4117 arquatus,
1141 4060 1232 4097 seu
1271 4043 1439 4114 regius
1468 4051 1584 4105 est,
1619 4043 1920 4094 terminan-

340 4151 430 4196 tur
452 4181 468 4205 ,
509 4138 868 4193 καταϐάλλειν
917 4134 1348 4205 πεπιστευμέναι
1376 4171 1390 4197 ,
1441 4146 1559 4202 qua:
1591 4139 1823 4200 prtcsunt
1853 4129 1922 4182 ad

338 4231 680 4289 favellendus.
719 4227 826 4284 Ista
858 4239 1221 4284 consectanea
1258 4235 1388 4280 sunt
1418 4222 1715 4294 persimilia
1748 4221 1923 4276 sancti

338 4320 590 4376 Eucherii
627 4319 1078 4390 Expositionibus
1117 4314 1455 4370 brevissimis
1483 4327 1654 4368 sacra:
1678 4310 1922 4379 Scriptu-

2023 3154 2192 3205 ritalis
2218 3153 2542 3205 documenta
2565 3149 2901 3203 contraxisse
2925 3147 3280 3216 peritissime,
3315 3157 3374 3198 ut
3399 3147 3496 3214 qui
3519 3162 3609 3196 κε-

2022 3243 2328 3313 φαλαιὼτου
2392 3243 2666 3311 epitheton
2727 3239 2854 3293 inde
2895 3239 3172 3296 meruerit.
3218 3247 3274 3289 et
3322 3237 3376 3288 in
3421 3250 3609 3288 eremo

2023 3335 2231 3390 diutius
2289 3341 2562 3386 versatum
2613 3347 2738 3384 cum
2781 3328 3065 3383 monachis
3097 3343 3160 3380 ea
3194 3328 3464 3380 diuturno
3504 3343 3606 3379 usu

2023 3427 2300 3485 calluisse,
2325 3424 2417 3491 qui
2462 3436 2654 3489 nempe
2676 3419 2950 3488 specimen
2980 3418 3283 3487 prudentia:
3319 3432 3436 3470 suae
3467 3417 3609 3484 poli-

2025 3517 2144 3569 ticze
2173 3516 2224 3568 in
2256 3515 2574 3582 praefectura
2597 3511 2747 3564 urbis
2768 3509 3389 3576 Constantinopolitanae
3418 3508 3610 3576 patria

2026 3623 2139 3660 sua:
2197 3620 2321 3658 cum
2378 3603 2713 3670 imperatori,
2747 3609 2862 3654 tum
2906 3599 3262 3669 popularibus
3315 3599 3434 3653 suis
3467 3614 3612 3669 pra":-

2027 3700 2238 3762 buerat,
2275 3700 2441 3752 etiam
2494 3697 2546 3749 in
2591 3695 2884 3750 solitudine
2921 3704 3032 3748 tam
3074 3695 3386 3759 cmuobitis,
3439 3707 3609 3762 quam

2027 3790 2370 3844 anaclioretis
2399 3787 2628 3842 consilia
2667 3787 3025 3840 saluberrima
3048 3786 3514 3839 subministravit.

2097 3881 2327 3935 Adtexui
2378 3879 2484 3932 Τοῦ
2539 3879 2704 3932 αὑτοῦ
2763 3879 2910 3932 ὁσίου
2949 3878 3159 3948 Πατρὸς
3210 3877 3370 3946 ἡμῶν
3405 3876 3608 3928 Νείλου

2028 3972 2252 4043 γνώμας
2283 3971 2604 4037 ἀπαγούσας
2625 3970 2734 4022 τῶν
2763 3970 3039 4041 φθαρτῶν,
3069 3971 3164 4022 καὶ
3187 3968 3473 4029 κολλώσας
3495 3970 3611 4027 toi;

2027 4063 2323 4134 ἁφθάρτοις
2383 4063 2476 4115 τὸν
2534 4062 2841 4130 ἄνθρωπον.
2895 4060 3149 4130 Ejusdem
3200 4062 3374 4114 sancti
3427 4059 3610 4113 Patris

2028 4157 2196 4208 nostri
2225 4152 2345 4206 Nili
2371 4154 2655 4207 sententias
2692 4151 3051 4205 abstrahentes
3086 4169 3118 4203 a
3149 4152 3610 4219 corruptibilibus,

2027 4260 2076 4301 et
2129 4247 2393 4299 hominem
2456 4243 2940 4312 incorruptibilibus
2991 4243 3409 4313 agglutinantes.
3452 4245 3613 4299 Hunc

2030 4340 2248 4409 quidem
2303 4337 2517 4392 titulum
2572 4336 2868 4390 Sententiis
2905 4337 3034 4399 illis,
3076 4351 3216 4405 quas
3261 4337 3606 4404 prmiermisi,

339 4428 453 4500 mg
493 4425 613 4478 ηυδε
651 4410 903 4500 letum“?
947 4405 1308 4500 i"_l_‘iri“‘_i"5i
1345 4404 1712 4500 C_l'r°""l°gia
1743 4403 1924 4500 rei?“
1956 4426 1998 4481 D
2029 4403 2157 4500 quia
2182 4430 2297 4499 jam
2332 4428 2649 4499 prostabant
2683 4429 2842 4482 edita:
2879 4426 3063 4480 Graace
3094 4403 3169 4479 ac
3209 4403 3402 4480 Latine
3429 4427 3482 4479 in
3521 4425 3610 4478 Bi-

340 4518 372 4558 a
401 4497 685 4558 Vincentio
713 4499 956 4564 Barrali;
987 4497 1275 4568 allegorice
1306 4495 1528 4565 quippe,
1556 4503 1720 4562 atque
1750 4493 1920 4546 auda-

339 4603 456 4648 cter
479 4633 494 4659 ,
529 4603 584 4647 et
621 4589 954 4662 tropologice
980 4603 1069 4642 res
1098 4587 1334 4656 explicat
1368 4601 1555 4640 sacras
1577 4626 1592 4649 ,
1637 4597 1690 4639 et
1717 4585 1925 4640 morbis

340 4685 586 4754 corporis
616 4679 965 4752 aegritudines
984 4679 1291 4732 animorum
1327 4677 1640 4730 assimilans
1667 4677 1927 4745 explanat

341 4789 435 4827 eas
469 4771 547 4826 uti
594 4769 857 4840 spiritalis
903 4768 1148 4822 medicus
1199 4764 1392 4831 Nilus,
1438 4766 1547 4819 illis
1586 4765 1851 4820 adhibens
1894 4781 1925 4820 e

343 4864 525 4919 Libris
565 4862 736 4917 sacris
765 4861 1088 4930 deprompta
1131 4858 1549 4912 medicamenta.
1592 4857 1924 4913 Praeter-misi

345 4955 441 5009 τοῦ
472 4954 639 5008 αὑτοῦ
671 4952 950 5014 νουθεσίας
989 4950 1368 5021 πνευματικὰς
1393 4949 1540 5005 κατὰ
1568 4950 1880 5018 ἀλφάὅητον
1909 4992 1924 5016 ,

347 5061 584 5118 quorum
641 5044 975 5110 exordium,
1029 5041 1174 5114 ἀρχὴ
1226 5042 1440 5111 σοφίας,
1501 5044 1596 5094 καὶ
1653 5043 1926 5112 σωτηρίας

348 5141 385 5210 ἡ
420 5135 649 5192 σεαυτοῦ
685 5136 1076 5204 nesciri/tacte;
1119 5133 1171 5187 id
1212 5143 1296 5188 est
1318 5173 1332 5199 ,
1381 5132 1635 5202 Ejusdem
1666 5135 1927 5188 Admoni-

348 5233 517 5286 tiones
538 5228 840 5299 spirituales
864 5229 1046 5281 ordine
1069 5225 1394 5296 alphabetico
1412 5267 1426 5292 ,
1449 5243 1682 5296 quorum
1713 5228 1924 5281 initium

347 5334 452 5392 est,
480 5323 810 5393 Principium
853 5323 1126 5390 sapientia:
1173 5329 1222 5374 et
1253 5320 1446 5374 salutis
1476 5330 1552 5373 est
1587 5322 1672 5375 sui
1703 5337 1928 5372 accusa-

351 5421 424 5473 tio
457 5418 655 5486 ipsius;
692 5426 748 5470 at
795 5415 918 5468 linis
959 5423 1070 5480 est,
1098 5415 1276 5466 ΙὨτων
1325 5416 1418 5466 καὶ
1450 5412 1703 5482 γλώσσης
1753 5415 1927 5483 μέγας

350 5510 381 5564 ὁ
411 5509 674 5568 κίνδυνος.
706 5506 925 5558 Aurium
947 5548 963 5571 ,
993 5518 1038 5559 et
1075 5506 1266 5575 linguae
1314 5520 1564 5574 magnum
1603 5516 1678 5557 est
1717 5507 1927 5572 pericu-

349 5599 460 5650 tum
481 5612 497 5662 ;
521 5595 647 5664 quia
692 5595 849 5648 edita:
875 5604 1004 5648 sunt
1025 5593 1211 5649 Grmcc
1239 5604 1402 5663 atque
1427 5594 1617 5648 Latine
1643 5596 1697 5648 in
1725 5594 1928 5649 Biblio-

349 5687 508 5740 theca
531 5684 743 5739 Graaco-
755 5684 945 5739 Latina
962 5695 1278 5738 sanctorum
1304 5685 1525 5738 Patrum
1555 5695 1701 5738 tonio
1727 5701 1923 5738 secun-

350 5779 424 5833 do
457 5776 712 5833 editionis
745 5775 1040 5832 Parisiens.
1080 5777 1249 5844 1621,
1289 5777 1382 5833 l‘ol.
1430 5778 1599 5843 1168,
1645 5788 1698 5834 et
1733 5795 1926 5833 succc-

2029 4523 2298 4576 bliotlieca
2330 4529 2643 4575 sanctorum
2673 4519 2898 4572 Patrum
2939 4515 3238 4572 Parisiens.
3270 4533 3421 4570 anno
3454 4514 3605 4575 1624,

2029 4624 2176 4667 tonio
2221 4613 2262 4666 ll
2312 4613 2442 4667 edit.
2474 4612 2529 4665 in
2559 4610 2653 4665 fol.
2693 4626 2816 4680 pag.
2863 4609 3014 4676 1168,
3055 4625 3122 4662 ex
3164 4609 3608 4678 Ortliodoxogra-

2028 4705 2150 4774 phis
2183 4705 2237 4757 in
2275 4702 2589 4764 Germania,
2617 4701 2898 4771 prmtixum
2929 4699 3110 4753 ferunt
3142 4707 3196 4751 et
3228 4703 3346 4751 ista:
3380 4697 3608 4751 Senten-

2029 4793 2135 4854 tiae,
2178 4793 2272 4846 sed
2305 4791 2460 4844 valde
2493 4790 2787 4856 diﬂ'erunt;
2833 4788 3102 4856 incipiunt
3134 4788 3306 4852 enim,
3347 4786 3505 4850 Ὁδὸς
3536 4787 3609 4847 εις

2025 4883 2225 4954 ἀρετὴν
2254 4881 2458 4952 ἀγαθὴ,
2485 4881 2582 4934 καὶ
2607 4880 2868 4950 σύντομος
2894 4883 2928 4950 ἡ
2955 4877 3049 4932 τοῦ
3077 4879 3194 4948 βίου
3226 4877 3398 4946 φυγή,
3427 4878 3482 4930 id
3513 4886 3608 4939 est,

2039 4971 2133 5024 Via
2159 4972 2369 5024 virtutis
2396 4970 2532 5025 bona
2578 4980 2627 5024 et
2659 4972 2870 5023 concisa
2891 4981 2967 5022 est
2995 4969 3267 5024 secuturis
3305 4971 3429 5021 vitae
3456 4969 3609 5038 fuga;

2027 5064 2285 5118 desinunt
2338 5079 2466 5118 vero
2522 5063 2934 5134 ἀπολλυμένων,
2985 5064 3038 5117 id
3081 5073 3186 5126 est,
3235 5062 3609 5129 pereuntium;

2030 5157 2147 5210 ista:
2177 5165 2536 5209 numerantur
2573 5156 2697 5219 134,
2735 5156 2842 5208 illa:
2886 5169 3015 5208 vero
3044 5153 3168 5217 229,
3219 5154 3343 5222 plus
3391 5153 3608 5217 minus;

2029 5259 2083 5301 et
2111 5248 2229 5302 istm
2255 5249 2467 5302 collata:
2499 5248 2713 5302 fuerunt
2737 5263 2862 5301 cum
2893 5247 3178 5301 codicibus
3209 5244 3498 5299 Vaticanis
3517 5245 3614 5298 655

2029 5363 2083 5409 et
2111 5354 2282 5408 1454:
2313 5365 2477 5424 atque
2505 5355 2610 5409 illa:
2633 5355 2991 5424 przefcrebant
3016 5354 3180 5408 etiam
3210 5352 3431 5405 titulum
3463 5351 3610 5423 Παρο

2031 5461 2308 5526 αινέσεων,
2332 5461 2364 5529 ἢ
2391 5459 2714 5526 Κεφαλαίων
2743 5459 3034 5529 διαφόρων,
3067 5458 3120 5513 id
3151 5465 3256 5521 est,
3281 5456 3611 5508 Admonitio—

2031 5584 2176 5632 num,
2199 5585 2286 5620 seu
2323 5566 2693 5634 Capitulorum
2730 5565 2892 5637 627
2923 5567 3250 5618 diversorum
3270 5580 3289 5616 :
3309 5562 3609 5631 smpinsque

2035 5671 2209 5724 lucem
2243 5681 2567 5738 inspexerunt
2599 5685 2812 5733 recusa,
2853 5667 3180 5722 Franekerac
3204 5665 3392 5722 Graece
3430 5665 3604 5718 itidem

2040 5793 2104 5830 ac
2135 5774 2318 5831 Latine
2347 5779 2398 5829 in
2431 5777 2511 5841 εει,
2540 5793 2682 5831 anno
2718 5776 2870 5830 1008.
2906 5773 3212 5843 Stephanus
3241 5771 3519 5840 Schoning
3550 5785 3603 5824 ca
