3808 6226
33 307 172 371 353

34 435 57 470 ξ
125 413 495 469 traduxisse
530 411 795 483 glorians,
840 418 895 465 et
940 410 1265 465 testimoniis
1302 422 1415 465 tum
1451 414 1645 471 sacris,

34 522 134 558 nu
172 503 462 573 profanis
494 504 819 565 illustrasse,
851 502 1035 569 potius
1070 504 1183 570 ipsa
1215 503 1444 557 multum
1471 502 1649 558 Calvi-

34 596 185 648 iani
244 594 495 648 fnrl'uris
529 595 846 663 inspergens
881 593 1209 662 inquinavit.

68 686 470 740 Coronidem
499 685 651 738 hisce
676 683 1153 739 lucubrationibus
1176 684 1397 739 Niliacis
1419 684 1647 755 imposui

33 794 385 832 m-monetn
439 777 581 831 beati
627 775 731 830 Nili
783 778 837 831 in
894 777 1113 831 eﬂ'atum
1180 778 1310 831 illud
1372 776 1648 847 Evangelii

43 871 183 923 trod
231 870 386 923 dit-it
428 888 441 921 :
481 868 636 920 Nunc
668 869 758 937 qui
791 868 945 922 habet
998 868 1291 933 sacculum,
1318 871 1469 923 tollat
1499 871 1649 922 simi—

33 964 153 1014 iter
216 971 283 1014 et
342 977 545 1028 perant,
584 971 634 1014 et
677 962 769 1029 qui
818 977 923 1013 non
969 961 1142 1021 habet,
1186 961 1373 1014 vendat
1427 960 1650 1028 pallium

36 1069 229 1116 unm,
268 1065 326 1105 et
355 1062 496 1105 emat
518 1052 778 1120 gladium.
807 1053 898 1106 Sic
924 1062 1105 1105 autem
1142 1067 1201 1106 se
1232 1053 1393 1106 habet
1425 1053 1647 1107 Greece:

33 1145 228 1210 λόγος
278 1142 381 1194 τοῦ
434 1143 707 1211 μακαρίου
740 1142 939 1194 Νείλου
966 1143 1047 1205 εἰς
1070 1142 1129 1195 τὸ
1158 1142 1320 1213 ῥητὸν
1347 1141 1443 1194 τοῦ
1470 1144 1651 1209 Εὐαγ-

34 1236 239 1301 (sliat)
309 1234 374 1286 τὸ
434 1236 662 1303 φάσκον.
722 1234 835 1286 Νῦν
874 1236 902 1287 ὁ
954 1234 1091 1304 ἔχων
1140 1234 1422 1303 βαλάντιον
1466 1237 1652 1309 ἀράτω

33 1328 266 1396 Ego-Ito;
328 1328 424 1380 καὶ
475 1328 677 1395 πήραν,
728 1328 822 1378 καὶ
863 1327 891 1377 ὁ
934 1326 1009 1395 μὴ
1053 1326 1212 1395 ἔχων,
1254 1326 1563 1396 πωλησάτω
1594 1327 1653 1379 τὸ

33 1420 295 1488 ἱμάτιον
341 1417 531 1481 αὑτοῦ,
579 1419 674 1471 καὶ
715 1417 1043 1487 ἀγορασάτω
1077 1418 1372 1487 μάχαιραν.
1409 1416 1531 1471 Fuit
1566 1417 1653 1472 hic

33 1527 246 1565 sermo
293 1511 603 1578 exscriptus
640 1525 670 1563 e
699 1509 890 1563 codice
926 1508 1239 1563 Cassinensi
1284 1509 1654 1577 manuscriptu

33 1618 215 1656 num.
289 1602 436 1665 278,
499 1602 552 1654 in
620 1601 808 1655 codice
877 1600 1124 1671 Gregorii
1187 1600 1512 1654 Nazianzeni
1570 1600 1653 1653 in-

33 1686 268 1760 quarto
316 1708 486 1762 prope
531 1692 714 1746 ﬁnem.
758 1691 970 1761 Incipit,
1026 1692 1100 1745 Τὸ
1150 1691 1510 1761 προκείμενον
1552 1693 1651 1762 ρη-

34 1789 168 1851 τὸν,
222 1788 282 1840 id
342 1795 451 1849 est,
506 1784 844 1853 Propositum
900 1784 1161 1853 effatum;
1204 1785 1523 1838 terminatur
1567 1784 1653 1839 his

34 1878 273 1937 verbis.
319 1877 423 1930 Διὰ
470 1876 672 1939 παντὸς
717 1875 1099 1946 φυλασσομένη
1138 1874 1415 1941 εὐλάϐεια,
1449 1874 1504 1929 id
1545 1883 1652 1943 est,

40 1969 421 2025 Custodiente
441 1969 635 2036 pietate
657 1976 924 2035 perpetuo.

126 2060 286 2114 Sunt
316 2068 372 2112 et
403 2058 492 2111 alii
516 2072 796 2112 sermones
824 2055 950 2118 Nili,
974 2056 1202 2120 scilicet,
1228 2056 1338 2111 duo
1362 2056 1650 2122 contracti,

44 2167 155 2205 seu
220 2150 419 2219 potius
465 2163 655 2203 eorum
711 2149 962 2217 epitomte
1019 2149 1075 2202 in
1120 2148 1314 2203 festum
1374 2147 1654 2203 Paschalis

47 2242 234 2303 diem,
270 2249 327 2293 et
370 2247 479 2293 tres
526 2239 582 2293 in
626 2239 1015 2294 Ascensionem
1050 2238 1285 2304 Domini,
1326 2242 1466 2309 apud
1510 2240 1653 2293 Pho-

51 2336 203 2385 tium
232 2333 291 2384 in
317 2330 689 2401 Μυριοϐἱϐλῳ,
720 2346 815 2385 seu
848 2330 1177 2401 Βιϐλιοθήκῃ
1199 2331 1384 2385 codice
1408 2330 1533 2393 20:5,
1559 2346 1655 2400 pa—

54 2426 195 2493 gina
233 2423 367 2487 855,
401 2439 539 2490 quos
573 2422 759 2478 Latine
788 2423 948 2477 vertit
979 2424 1225 2478 Andreas
1264 2422 1524 2478 Schottus
1556 2423 1657 2478 Su-

56 2518 291 2570 cietatis
320 2514 471 2579 Jesu,
495 2515 625 2568 mihi
654 2518 815 2569 etiam
848 2515 900 2569 in
932 2514 1116 2584 Belgio
1140 2524 1319 2577 notus,
1343 2523 1399 2568 et
1426 2530 1655 2581 conjun-

58 2610 384 2671 ctissimus,
425 2623 531 2661 non
564 2607 902 2661 humanitate
924 2607 1127 2669 minus,
1165 2621 1327 2676 quam
1368 2606 1656 2661 humaniu-

62 2718 196 2754 rnm
228 2701 535 2753 litterarum
565 2699 754 2767 peritia
781 2698 1248 2752 commendandus
1272 2716 1286 2752 :
1312 2698 1416 2751 illa:
1439 2699 1657 2768 quando

63 2794 236 2847 edita:
275 2800 405 2846 sunt
428 2792 613 2845 Griece
652 2792 721 2844 ab
756 2790 1070 2845 Ilmschelio
1103 2805 1193 2844 an.
1228 2790 1355 2846 1601
1400 2790 1658 2857 Augusta:

68 2884 492 2939 Vindelicurum
528 2884 579 2937 in
608 2883 759 2949 lolio,
788 2892 842 2937 et
878 2882 1084 2943 Graece,
1113 2881 1412 2952 Latineque
1441 2882 1509 2936 ab
1538 2884 1659 2936 illo-

68 2988 187 3031 niet
225 2976 472 3038 Sc'netto,
509 2976 841 3045 scholiisque
880 2974 1151 3029 anetiores
1192 2976 1512 3044 prodierunt
1557 2990 1658 3028 an-

73 3082 149 3119 no
200 3064 340 3118 1655
401 3063 722 3132 Rothomagi
767 3078 986 3132 quoque
1040 3062 1095 3117 in
1132 3060 1295 3127 folio;
1343 3062 1415 3116 ibi
1450 3072 1659 3117 suntet

78 3160 242 3219 lecta,
276 3172 369 3209 seu
417 3164 671 3223 excerpta
724 3170 755 3209 e
796 3154 1065 3223 capitibus
1101 3154 1204 3209 155
1268 3152 1555 3208 Tractatus
1589 3153 1656 3207 de

80 3249 355 3311 oratione,
389 3246 456 3299 de
488 3260 599 3314 quo
629 3244 882 3313 superius
923 3243 1004 3312 egi
1036 3243 1228 3313 pagina
1267 3241 1392 3307 624,
1419 3242 1513 3297 sed
1554 3258 1656 3295 nu-

83 3357 239 3395 rnero
292 3339 389 3393 201
451 3336 703 3391 Pliotiani
767 3335 1067 3405 Myriobibli
1124 3344 1333 3388 tantttm
1387 3334 1654 3399 titulum,

85 3445 487 3499 numerumque
516 3430 759 3499 capitum
793 3428 1055 3497 comperi,
1090 3427 1214 3481 licet
1250 3426 1477 3481 Photius
1509 3426 1660 3495 judi-

85 3525 233 3578 cium
266 3521 400 3575 l‘erat
425 3528 610 3589 postea
642 3518 934 3573 conferens
957 3534 1081 3573 eutn
1108 3533 1232 3571 cum
1258 3517 1514 3573 Diaduclii
1546 3518 1660 3586 epi-

90 3613 239 3679 seupi
285 3610 535 3664 I’liotices
570 3607 998 3674 deﬁnitionibus,
1029 3617 1083 3662 et
1104 3608 1393 3677 capitibus,
1427 3624 1661 3677 cumque

92 3704 254 3757 Marci
304 3704 551 3758 monachi
596 3701 898 3764 Asceticis;
940 3709 997 3755 at
1040 3716 1191 3754 num.
1231 3699 1353 3753 276.
1388 3698 1659 3754 Procemia

92 3794 429 3850 Oratiouum,
454 3804 547 3841 seu
579 3788 900 3839 Semnonum
920 3788 972 3841 in
994 3787 1287 3847 Pascltate;
1318 3799 1424 3842 tam
1455 3789 1660 3858 primae,

96 3897 256 3946 quam
289 3880 452 3932 tertia:
472 3876 711 3931 humilia).
738 3878 804 3930 de
832 3878 1033 3933 Christi
1054 3878 1411 3942 Ascensiune,
1441 3890 1495 3933 et
1522 3880 1661 3933 alia-

100 3984 220 4024 rum
246 3968 575 4039 Compendia
605 3982 620 4021 :
648 3982 827 4037 neque
865 3983 952 4022 me
982 3969 1243 4025 cohibere
1272 3986 1495 4040 possum
1528 3971 1661 4040 quin

105 4062 193 4116 bic
220 4060 413 4116 Nicolai
444 4060 666 4115 Antonii
693 4061 799 4115 viri
831 4076 1113 4131 nunquam
1144 4062 1277 4117 satis
1314 4063 1517 4117 laudati
1562 4063 1661 4117 lib.

108 4159 181 4206 De
203 4152 399 4217 exsilio,
433 4152 868 4207 observationem
894 4151 947 4206 in
974 4152 1114 4205 hanc
1136 4152 1349 4205 tertiam
1381 4151 1661 4205 humiliam

105 4244 379 4299 ascribam.
427 4242 660 4296 Sanetus
703 4240 882 4307 Nilus,
924 4258 1091 4311 agens
1118 4243 1184 4297 de
1218 4242 1402 4297 Enoch
1435 4251 1489 4297 et
1522 4241 1661 4308 Elia,

108 4339 288 4391 scribit
314 4354 327 4390 :
358 4337 594 4405 Κατέχει
627 4334 736 4405 γὰρ
768 4335 989 4397 τούτους
1020 4336 1048 4388 ὁ
1075 4335 1328 4406 Πλὰστης
1364 4336 1423 4388 ἐν
1450 4333 1662 4405 σώματι

107 4428 434 4497 ψυχαγωγῶν
473 4429 572 4496 τὴν
608 4426 883 4496 ἐξόριστον
920 4424 1102 4495 φύσιν,
1144 4426 1203 4490 ὃς
1240 4426 1335 4479 καὶ
1385 4425 1526 4496 μετὰ
1562 4424 1662 4495 τὴν

112 4521 383 4592 ὑπερόριον
409 4520 586 4590 φυγὴν
615 4519 779 4573 πάλιν
807 4520 908 4585 εἰς,
934 4519 1049 4573 sive
1076 4519 1175 4589 τῆς
1198 4517 1517 4583 ἀθανασίας,
1547 4517 1661 4572 sive

111 4613 205 4683 τὴν
243 4612 521 4675 ἀθάνατον,
574 4611 866 4679 ἐπανάγων
914 4610 1209 4665 πολιτείαν.
1254 4610 1310 4663 Id
1362 4619 1466 4673 est,
1506 4608 1661 4663 Tenet

114 4702 203 4755 ltos
248 4701 454 4756 Creator
494 4704 803 4766 incorpore,
829 4710 1077 4753 naturam
1119 4700 1443 4753 exsulantem
1478 4714 1662 4753 conso-

117 4798 246 4858 lans,
262 4795 342 4863 qui
362 4795 519 4847 etiam
535 4803 649 4860 post
677 4793 922 4847 exsilium
947 4792 1096 4845 illam
1113 4794 1301 4846 iterum
1320 4796 1664 4847 restituturus

88 4888 183 4955 .sit
221 4886 613 4950 immortalitati,
660 4902 750 4939 seu
788 4893 904 4955 post
940 4885 1121 4953 fugam
1165 4894 1317 4938 extra
1366 4886 1517 4953 ﬁnes,
1556 4886 1664 4937 im-

92 4976 439 5030 'martalitatis
470 4977 636 5030 statui
664 4978 1007 5031 restituturus
1046 4978 1151 5041 sit;
1192 4975 1514 5047 prtefertque
1540 4991 1665 5028 ver-

125 5069 313 5123 sionem
365 5067 611 5135 Schotti,
673 5069 910 5124 versioni
972 5069 1233 5125 Desiderii
1286 5066 1502 5121 lIeraIdi
1569 5067 1665 5121 lib.

125 5161 544 5218 Adversariorum
565 5204 581 5227 ,
618 5162 711 5232 qui
753 5161 1103 5231 ψυχαγωγῶν
1138 5176 1323 5216 vocem
1358 5158 1669 5214 reddiderat

136 5268 352 5315 evocans,
370 5252 529 5324 cujus
570 5252 876 5318 sententiae,
902 5250 1107 5307 Nicolai
1131 5266 1345 5322 nempe,
1375 5249 1517 5304 ultro
1539 5247 1669 5303 sub-

131 5344 309 5401 scribo.

196 5433 440 5490 Hactenus
475 5435 708 5491 iudicavi
739 5434 912 5505 Opera
938 5434 995 5490 S.
1024 5434 1150 5500 Nili,
1179 5451 1301 5506 quae
1346 5434 1399 5489 in
1435 5434 1539 5489 hoc
1573 5446 1664 5487 vo-

130 5526 294 5597 lumen
313 5528 573 5597 congessi,
599 5544 746 5583 nunc
767 5544 851 5595 ea,
872 5542 992 5598 qua:
1014 5527 1358 5598 praetermisi,
1388 5540 1671 5583 recensere

136 5634 294 5691 operte
319 5623 536 5691 pretium
574 5622 727 5678 duxi.

203 5710 251 5766 lu
268 5713 435 5784 primis
450 5714 643 5767 Νείλου
666 5714 990 5785 μονάζοντος
1010 5715 1177 5787 628
1192 5714 1291 5784 ἑρη
1302 5712 1455 5786 μίτον
1480 5710 1673 5783 Διηγήο

363 5850 373 5858 ·
426 5836 693 5898 Ριτιιοι..
748 5837 863 5898 (in.
928 5834 1218 5896 LXXIX.

1270 304 1376 365 DE
1414 303 1798 365 OPERIBUS
1834 302 1896 364 S.
1924 305 2112 365 NILI.

3183 305 3320 371 1354

1676 420 1722 472 Α
1754 428 1899 480 ματα
1916 415 1996 475 είς
2014 412 2115 483 τὴν
2136 412 2414 483 ἀναίρεσιν
2434 415 2541 467 τῶν
2557 416 2617 468 ὲν
2636 415 2765 486 Σινᾷ
2781 418 2875 470 καὶ
2902 416 3118 471 ῬαιΘοῦ
3149 420 3322 487 ἁγίων

1753 504 2011 576 Πατέρων
2034 507 2114 569 είς
2134 506 2420 559 Θεόδουλον
2445 507 2539 559 τὸν
2561 507 2676 561 υἱὸν
2704 508 2870 562 αὐτοῦ
2889 526 2904 540 ο
2932 510 3047 564 Nili
3077 516 3322 569 monachi

1749 578 1984 650 eremitte
2005 594 2378 661 Narrationes,
2397 598 2586 667 quibus
2602 600 2771 653 caules
2789 601 3164 657 monac/torum
3181 621 3322 657 mon-

1752 688 1819 741 tis
1838 686 1999 749 Sinar.
2020 698 2067 742 et
2086 688 2305 755 Rhaitu,
2323 699 2371 743 et
2388 690 2661 758 captivitas
2683 689 2938 745 Theoduli
2952 692 3057 761 filii
3072 696 3323 749 describi-

1752 789 1876 847 tur,-
1918 797 2043 835 nam
2090 784 2305 837 titulum
2339 784 2588 837 Latinum
2621 784 2691 838 ita
2723 786 2962 855 concipit
3000 802 3067 842 ex
3110 787 3320 853 Grzeco,

1752 892 1915 946 quem
1949 878 2107 933 aliter
2134 879 2381 934 inscribit
2415 880 2480 933 R.
2514 880 2670 933 Pater
2702 879 2966 934 Pessinus
3004 879 3137 933 mihi
3177 895 3324 933 sem-

1752 984 1847 1039 per
1884 970 2211 1032 laudandus,
2246 980 2300 1025 et
2341 972 2394 1025 in
2434 982 2638 1042 septem
2673 972 2921 1026 distinxit
2952 970 3324 1026 Narrationes.

1753 1060 1893 1116 Tum
1916 1062 2008 1115 τοῦ
2037 1064 2097 1117 ὲν
2125 1064 2298 1133 ἁγίοις
2328 1065 2538 1136 Πατρδς
2568 1066 2724 1135 ἡμῶν
2747 1064 2940 1119 Νείλου
2967 1064 3060 1117 τοῦ
3084 1064 3327 1135 πρεσϐυ-

1751 1151 1910 1222 τέρου
1940 1154 2019 1215 είς
2062 1154 2343 1207 Ἀλὸιανὸν
2372 1154 2547 1222 λόγος.
2574 1154 2761 1210 Sancti
2794 1155 2980 1209 Patris
3014 1157 3180 1208 nostri
3206 1153 3326 1206 Nili

1751 1247 2056 1316 presbyteri,
2085 1248 2141 1300 in
2165 1246 2453 1301 Albianum
2482 1248 2689 1312 Oratio,
2711 1248 2889 1302 Vitam
2915 1248 3014 1302 viri
3041 1248 3327 1303 sanctissi-

1753 1337 1826 1391 mi
1867 1338 2225 1394 describendo
2275 1350 2328 1394 et
2376 1339 2806 1395 commendando
2859 1358 2874 1393 :
2924 1355 3045 1410 qua:
3105 1341 3326 1410 quidem

1754 1430 1928 1497 Opera
1980 1429 2167 1484 Graece
2249 1430 2546 1502 Latineque
2600 1446 2861 1487 conversa
2919 1447 3043 1487 cum
3102 1433 3327 1487 Parisiis

1755 1522 2057 1590 prodierint
2091 1538 2182 1579 an.
2215 1524 2371 1585 1659.
2421 1525 2474 1578 in
2501 1525 2553 1589 4,
2583 1528 2847 1595 attingere
2880 1526 3151 1595 piaculum
3194 1541 3326 1580 cen-

1755 1611 1861 1668 sui.
1904 1610 2059 1667 Nutis
2092 1614 2294 1684 quippe
2325 1615 2406 1668 vir
2449 1615 2588 1669 idem
2630 1631 2862 1686 magnus
2908 1632 2968 1670 ea
3012 1617 3325 1679 illustravit,

1756 1712 1811 1758 et
1855 1705 2108 1773 quamvis
2138 1705 2344 1773 aliquid
2373 1706 2589 1775 adjungi
2642 1720 2844 1775 posset,
2889 1707 3325 1761 Iucubrationem

1683 1766 1727 1822 Β
1755 1766 1959 1856 tamen,
1991 1801 2053 1848 ut
2078 1766 2308 1849 Veneris
2344 1766 2467 1849 (ane
2500 1766 2570 1849 ab
2593 1766 2779 1865 Apelle
2812 1766 3050 1851 nondum
3076 1797 3326 1867 perfectae

1754 1887 2021 1953 tabulam,
2076 1889 2177 1958 ipsi
2218 1888 2602 1958 perﬁciendam
2663 1890 3161 1960 absulvendamque
3211 1893 3329 1947 suis

1754 1980 2012 2035 omnibus
2039 1980 2283 2035 numeris
2309 1981 2579 2051 relinquo,
2608 1980 2747 2037 Plin.
2786 1983 2859 2037 lib
2884 1998 3048 2051 xxxv,
3088 1999 3140 2040 c.
3172 1984 3241 2038 10
3273 1993 3330 2040 et

1758 2070 1846 2133 Η,
1869 2071 2047 2126 Cicer.
2080 2081 2133 2126 et
2155 2071 2395 2128 Etrusca:
2412 2072 2679 2127 incondite
2697 2075 2899 2143 pharus
2916 2076 3144 2132 Carolus
3163 2076 3330 2133 Datus

1758 2162 1812 2215 in
1830 2159 1953 2216 Vita
1969 2162 2171 2231 Apellis
2188 2178 2240 2233 p.
2263 2162 2352 2225 97,
2366 2173 2420 2217 el
2446 2164 2497 2217 in
2521 2164 2995 2230 Adnotationibus,
3018 2182 3071 2236 p.
3094 2167 3329 2238 M5,'qui

1758 2255 1842 2308 vir
1887 2254 2290 2310 illustrissimus
2320 2257 2607 2327 umnigena
2650 2260 2843 2327 plenus
2875 2268 2960 2314 est
2995 2261 3326 2315 eruditione.

1758 2344 1953 2415 Incipit
1983 2347 2068 2401 his
2102 2347 2282 2401 verbis
2320 2353 2349 2401 :'
2373 2348 2676 2418 Ἀλώμενὸς
2704 2350 2814 2419 ἐγὼ
2844 2351 2984 2422 μετὰ
3016 2353 3114 2420 τὴν
3142 2352 3332 2422 ἔφοδον

1757 2436 1863 2490 τῶν
1891 2437 2191 2509 Βαρϐάρων
2212 2455 2225 2470 ·
2254 2440 2306 2494 id
2336 2448 2443 2505 est,
2470 2439 2819 2496 Errabundus
2865 2458 2957 2513 ego
2982 2454 3096 2512 post
3128 2442 3332 2498 Barba—

1762 2546 1938 2583 rorum
1970 2531 2220 2600 infestum
2254 2533 2555 2587 adventum.
2587 2535 2794 2589 Desinit
2831 2537 2884 2590 in
2918 2536 3053 2604 haec,
3090 2531 3159 2608 ἧς
3192 2539 3333 2591 ἁπο-

1760 2623 1977 2686 λαῦσαι,
2009 2625 2103 2677 καὶ
2129 2624 2247 2687 νῦν,
2275 2626 2369 2678 καὶ
2402 2628 2461 2680 ὲν
2495 2627 2572 2697 τῷ
2597 2628 2845 2698 μέλλοντι
2880 2630 3077 2683 αἰῶνι·
3133 2632 3185 2685 id
3226 2642 3329 2696 est,

1759 2731 1863 2783 qua
1897 2717 2191 2786 perfruaris
2224 2727 2271 2771 et
2299 2734 2456 2785 nunc,
2502 2730 2551 2772 et
2577 2720 2631 2772 in
2662 2720 2843 2789 futuro
2886 2722 3101 2778 swculo.
3135 2723 3211 2778 De
3232 2726 3333 2778 ista

1761 2812 2075 2868 incursione
2127 2814 2443 2879 Barbarica,
2490 2825 2545 2869 et
2592 2832 2701 2886 quo
2751 2828 2995 2888 tempore
3047 2820 3336 2891 contigerit
3394 2792 3405 2803 '

1762 2906 1876 2969 illa,
1908 2905 2027 2961 fuse
2057 2907 2111 2959 in
2143 2907 2315 2977 ipsius
2344 2905 2449 2961 Nili
2477 2907 2621 2962 Vita.

1834 2997 2107 3069 Epistolas
2153 3000 2320 3055 etiam
2377 2999 2480 3054 Nili
2524 3017 2631 3056 non
2668 3001 2907 3071 inserui;
2969 3003 3085 3074 ipse
3137 3005 3337 3076 quippe

1684 3103 1727 3162 c
1760 3093 2021 3151 Pessinus
2059 3111 2154 3150 eas
2192 3094 2379 3152 Graece
2422 3096 2722 3168 Latineque
2768 3099 3071 3169 publicarat
3108 3097 3338 3157 Parisiis

1765 3188 1924 3267 1657,
1959 3189 2012 3242 in
2059 3198 2275 3258 quarto,
2318 3204 2441 3244 cum
2483 3189 2658 3257 Notis,
2701 3193 2808 3246 imo
2851 3203 2904 3246 et
2945 3191 3055 3247 Leo
3083 3192 3334 3260 Allatius,

1763 3280 1855 3350 qui
1887 3279 2109 3336 Graeciaa
2149 3283 2293 3339 titius
2325 3286 2613 3350 naturalis,
2641 3300 2827 3351 verna,
2859 3294 2912 3341 et
2951 3288 3244 3355 genuinus,
3271 3303 3338 3344 ac

1762 3373 1937 3442 ipsius
1965 3374 2169 3430 ocellus
2195 3391 2223 3428 a
2248 3391 2331 3429 me
2349 3376 2556 3446 jamdiu
2586 3386 2954 3448 nuncupatus,
2985 3382 3337 3452 externisque

1762 3466 2132 3537 praeferendus
2157 3468 2459 3530 videbatur,
2489 3468 2673 3525 Roma:
2699 3472 2839 3543 typis
2870 3472 3181 3530 Barberinis
3204 3476 3334 3547 Epi-

1761 3561 1930 3615 stolas
1968 3576 2112 3613 auno
2141 3560 2298 3625 1668,
2332 3561 2385 3615 in
2424 3562 2553 3616 folio
2580 3565 2940 3636 promulgavit
2977 3568 3215 3635 easdem,
3241 3569 3335 3624 sed

1762 3654 2019 3709 adauctas
2058 3664 2109 3708 et
2163 3654 2317 3710 libris
2374 3656 2549 3711 tribus
2587 3657 2875 3713 distinctas
2899 3659 2967 3713 ad
3005 3660 3178 3725 1061;
3211 3677 3335 3715 cum

1764 3747 1929 3800 variis
1970 3747 2294 3801 lectionibus
2338 3748 2390 3800 iu
2429 3750 2795 3804 narrationem
2837 3752 3002 3807 cazdis
3036 3754 3335 3809 monacho-

1764 3856 1908 3904 rum,
1939 3849 1993 3895 et
2020 3839 2260 3895 Diatriba
2284 3842 2351 3895 de
2373 3841 2531 3906 Nilis,
2559 3858 2859 3914 eorumque
2890 3844 3128 3915 scriptis,
3156 3854 3211 3901 et
3236 3862 3336 3901 sua

1761 3934 2012 3987 versione
2046 3932 2258 3997 Latina,
2292 3947 2344 3988 et
2380 3935 2538 3993 unica
2574 3935 3089 4006 notula,lndiceque
3111 3936 3338 4007 duplici,

1762 4028 2044 4080 nominum
2073 4026 2280 4082 scilicet
2300 4041 2490 4081 eorum
2517 4026 2584 4081 ad
2615 4042 2754 4096 quos
2780 4026 3089 4097 diriguntur
3120 4027 3339 4098 Episto-

1763 4118 1849 4181 las,
1885 4133 1949 4172 ae
1991 4118 2293 4172 initiorum.
2343 4117 2491 4173 Inter
2535 4120 2669 4175 istas
2711 4118 2984 4190 Epistolas
3036 4119 3339 4177 Allatianas

1763 4218 1894 4264 sunt
1930 4211 2000 4266 55
2031 4213 2199 4269 variis
2222 4212 2519 4283 inscriptas,
2558 4228 2680 4283 quae
2720 4212 2774 4266 in
2813 4211 3001 4267 codice
3042 4211 3338 4269 Barberino

1762 4305 1866 4361 διώ
1896 4320 2003 4359 una
2033 4308 2398 4371 continentur,
2434 4322 2552 4375 pag.
2588 4307 2709 4369 165,
2742 4322 2864 4362 cum
2894 4306 2997 4362 hoc
3023 4307 3201 4373 titulo,
3228 4308 3337 4362 Τοῦ

1763 4398 1921 4466 ἁγίου
1950 4398 2143 4451 Νείλου
2178 4398 2435 4470 ἐπιστολὴ
2460 4400 2659 4469 ἔχουσα
2706 4416 2831 4468 κεφ.
2858 4397 2959 4467 νγ’,
2995 4398 3181 4455 Sancti
3220 4399 3339 4454 Nili

1767 4496 2011 4567 Epistula
2039 4496 2233 4551 habens
2264 4499 2442 4565 capita
2482 4498 2572 4551 55.
2608 4496 2841 4566 Incipit:
2891 4496 3017 4551 Ἐὰν
3052 4496 3241 4568 μηδείς
3276 4514 3338 4550 σε

1762 4588 1933 4660 διώκῃ
1990 4588 2254 4659 τύραννος
2295 4588 2516 4657 "Ennii,
2544 4587 2663 4642 Etsi
2698 4585 2874 4641 nullus
2913 4598 2963 4642 te
2996 4597 3341 4658 persequatur

1766 4690 2022 4750 tyrannus
2056 4679 2318 4745 Gentilis;
2348 4696 2510 4749 quam
2543 4680 2814 4736 concisam
2836 4679 3132 4750 comperio,
3166 4689 3219 4734 et
3253 4681 3341 4735 in-

1764 4783 1847 4827 ter
1877 4772 2230 4828 Possinianas
2262 4773 2517 4833 num.4l,
2546 4789 2669 4843 pag.
2697 4774 2786 4833 69.
2815 4773 3076 4829 directam
3102 4773 3169 4828 ad
3197 4774 3342 4828 Pha-

1764 4867 2085 4921 rismauiutn
2121 4881 2294 4937 usque
2323 4867 2389 4921 ad
2422 4867 2759 4940 στρατιώτης
2777 4867 2871 4922 τοῦ
2897 4867 3152 4939 Χριστοῦ.
3184 4866 3340 4937 Apud

1764 4958 2021 5012 Allatium
2054 4959 2145 5013 lib.
2184 4976 2263 5024 Ill,
2290 4960 2519 5029 epistula
2545 4961 2633 5025 71,
2654 4970 3007 5026 numeratur;
3031 4957 3342 5015 Pbarisma-

1766 5056 1916 5109 nimo
1966 5052 2305 5119 Decetubrio,
2330 5069 2424 5108 seu
2456 5052 2850 5122 Decemprimo,
2888 5053 2964 5107 uti
2997 5053 3234 5122 corrigo,
3258 5066 3345 5110 est

1768 5147 2049 5215 inscripta.
2072 5144 2390 5200 Contulerat
2413 5146 2553 5199 hanc
2574 5144 2869 5214 Epistulam
2892 5145 3070 5213 capita
3099 5145 3167 5200 55
3191 5160 3343 5200 com-

1768 5241 2092 5311 plectentem
2140 5237 2458 5294 Ilulstenius
2506 5254 2629 5294 cum
2664 5238 2855 5295 codice
2903 5237 3167 5294 Vaticano
3204 5240 3343 5308 655;

1768 5342 1823 5388 et
1858 5332 2203 5388 cuntinnarat
2228 5346 2352 5387 cum
2386 5330 2527 5397 aliis,
2564 5347 2595 5385 e
2624 5330 2843 5401 quibus,
2873 5330 3019 5400 quod
3053 5331 3347 5401 consequi-

1770 5435 1860 5481 tur
1892 5436 2053 5495 caput
2090 5424 2328 5494 Epistula
2355 5432 2458 5487 est,
2489 5438 2611 5492 quia
2646 5420 2788 5491 apud
2826 5422 2989 5477 Allat.
3034 5423 3109 5477 lib
3140 5439 3222 5486 Ill,
3261 5424 3347 5476 lo-

1770 5528 1890 5574 cata
1913 5518 2013 5572 fuit
2041 5534 2189 5572 num.
2229 5517 2354 5572 295.
2386 5516 2595 5586 Incipit,
2632 5516 2723 5586 Μὴ
2756 5516 3131 5586 κατοκνῶμεν,
3155 5515 3207 5569 id
3238 5523 3346 5585 est,

1773 5610 1857 5667 Ne
1879 5627 2146 5665 versemur
2167 5610 2505 5680 negligenter,
2532 5607 2850 5663 inscribitur
2876 5605 3106 5677 Didyme
3133 5606 3347 5668 lectori.

1774 5704 1916 5761 sicut
1966 5719 2135 5774 penes
2167 5700 2478 5767 Possinum,
2508 5719 2560 5755 η.
2604 5701 2657 5754 4.
2695 5699 2917 5763 Desinit,
2953 5698 3015 5762 ἐξ
3041 5690 3117 5751 ὧν
3158 5699 3187 5752 ὁ
3224 5697 3347 5761 νοῦς

2983 5815 3058 5877 43

1695 4446 1739 4503 D
