3808 6226
64 329 252 399 1357
1313 334 1413 397 DE
1444 332 1829 397 OPERIBUS
1867 334 1928 397 S.
1960 335 2143 397 NILI.
3243 330 3381 398 1358

51 445 198 513 qui
229 442 529 499 arbitratur
556 457 621 499 ex
652 439 1072 514 Agatharchide,
1102 458 1221 515 cap.
1254 444 1341 510 16,
1368 445 1542 501 leonis
1574 459 1695 499 csse
1725 448 1770 504 A
1797 443 1899 499 Job
1935 445 2075 500 libro
2099 444 2260 501 unico
2290 460 2302 502 :
2337 461 2356 495 ι
2385 443 2522 511 Quia
2549 441 2714 514 rapit,
2752 450 2809 499 et
2847 441 3058 499 occulte
3095 446 3379 515 prosequi.

56 536 373 604 speciem,
414 544 469 591 et
496 537 630 591 nihil
674 538 744 591 ab
780 536 903 592 aliis
940 536 1159 593 dill'erre
1200 546 1374 608 putat,
1410 538 1517 594 nisi
1552 537 1699 607 quod
1804 546 1895 591 tur
1926 536 2221 604 frumenta,
2254 551 2377 607 quae
2417 537 2634 591 sublato
2663 536 2824 591 oculo
2859 534 3142 591 faciLnon
3178 538 3382 607 germi-

56 625 310 681 habeat
333 644 521 683 aversa
551 628 829 699 genitalia,
855 629 1158 700 nititurque
1179 629 1231 684 id
1255 630 1488 699 probare
1516 630 1600 685 vel
1629 644 1697 684 ex

57 714 341 790 Vulgata
379 721 630 777 versione
658 721 719 777 in
748 736 869 790 cap.
903 737 954 775 tv
984 720 1105 788 Job,
1132 739 1185 777 v.
1222 724 1308 789 ll,
1348 725 1437 778 ubi
1485 725 1698 795 rugitus

55 810 285 866 leonis
341 827 441 880 pro
497 814 990 883 tnyrmeco-Ieone,
1039 830 1103 868 ac
1149 816 1303 884 tigris
1347 819 1510 869 etiam
1563 816 1695 886 legi-

59 911 189 956 tur
233 918 249 956 :
291 910 406 955 tum
432 917 464 957 e
491 902 779 967 Strabone,
813 904 907 957 lib.
948 920 1063 968 xvt,
1094 905 1277 961 leones
1311 906 1516 961 aversis
1546 906 1696 974 geni-

58 994 309 1049 talibus
353 1008 475 1050 esse
526 994 581 1048 in
632 994 1018 1067 Tr0glodytica
1068 997 1303 1058 Arabiae,
1337 998 1428 1067 qui
1465 998 1693 1069 μύρμη-

62 1102 199 1149 κες
240 1094 541 1151 vocantur;
584 1098 640 1141 at
678 1086 921 1143 formicae
954 1089 1278 1158 simpliciter
1316 1087 1561 1154 Eliano,
1595 1091 1689 1144 lib.

61 1191 244 1241 xvu,
278 1188 400 1246 cap.
440 1174 531 1238 42,
566 1177 774 1233 aversis
803 1177 1130 1247 genitalibus
1167 1179 1219 1232 in
1262 1177 1572 1249 Babylonia,
1612 1180 1691 1234 uti

60 1266 198 1322 lib.
276 1282 378 1333 vn,
437 1282 558 1337 cap.
624 1268 712 1335 Π,
776 1269 869 1323 ubi
936 1268 1267 1325 Casaubono
1328 1286 1441 1324 non
1500 1286 1690 1326 assen-

66 1362 256 1425 tiunr,
318 1360 409 1415 cui
449 1376 554 1414 vox
602 1358 957 1416 formicarum
1025 1372 1300 1431 suspecta.
1344 1364 1502 1433 Apud
1552 1365 1692 1419 Ara-

72 1455 203 1509 bas
232 1463 320 1510 est
343 1453 563 1510 leonum
589 1454 822 1524 species,
856 1456 949 1525 qui
980 1456 1241 1510 dicuntur
1267 1456 1427 1528 631
1472 1457 1688 1521 hirmis,

74 1548 250 1601 unde
275 1545 481 1601 factum
507 1545 755 1618 μύρμηξ.
782 1545 923 1601 Sunt
940 1546 1255 1603 etformicaa
1271 1547 1468 1604 Indica:
1494 1565 1690 1605 aurum

71 1639 427 1696 eﬂ'odientes
455 1656 653 1695 canum
686 1640 861 1697 instar
894 1656 992 1697 seu
1020 1641 1300 1711 luporum,
1334 1642 1478 1713 apud
1514 1643 1686 1698 Hero-
1794 1644 1999 1713 scripta
2040 1643 2271 1714 epistola
2321 1642 2449 1708 265,
2512 1643 2607 1698 lib.
2667 1658 2727 1697 ιιι
2762 1644 2966 1710 Allatii,
3003 1660 3126 1713 qua:
3175 1645 3384 1701 directa

77 1730 321 1797 dotum,
369 1731 463 1786 lib.
511 1747 593 1797 ιιι,
648 1746 680 1787 e
728 1730 999 1798 Nearcho,
1061 1731 1381 1801 Dalmacho,
1415 1744 1470 1790 et
1507 1734 1687 1806 Mega-
1730 1804 1751 1806 Μ
1793 1745 1876 1790 est
1898 1734 2050 1791 J0me
2081 1734 2372 1798 monacho,
2403 1743 2458 1788 et
2497 1743 2818 1789 numeratur
2852 1734 2949 1790 l8!)
2978 1750 3145 1804 penes
3192 1735 3383 1792 Possi-

78 1825 323 1889 sthene,
357 1840 466 1880 non
520 1824 750 1894 pedibus
799 1824 1035 1881 leoninis
1060 1868 1074 1892 ,
1117 1825 1196 1882 uti
1243 1828 1420 1882 visum
1478 1804 1691 1897 Solino,
1724 1804 1768 1860 Β
1805 1844 1957 1893 ιιιιιιι,
1992 1828 2310 1897 videturque
2338 1827 2654 1895 deprompta
2705 1842 2735 1881 e
2789 1842 2840 1883 c.
2868 1828 2938 1882 49
2985 1826 3275 1884 Tractatus
3313 1829 3383 1884 de

80 1932 229 1988 cap.
270 1916 363 1983 50,
393 1916 448 1971 in
491 1914 790 1987 Ethiopia.
817 1915 1045 1973 Videndi
1077 1917 1276 1973 Strabo
1305 1919 1400 1973 lib.
1436 1935 1472 1975 ιι
1500 1929 1555 1975 et
1590 1937 1694 1989 xv;
1799 1917 2102 1975 Monastica
2133 1919 2544 1982 exercitatione,
2580 1933 2703 1989 pag.
2752 1917 2843 1974 56.
2894 1918 3074 1973 Edidit
3113 1918 3382 1976 Patricius

79 2010 331 2065 Arrian.
354 2012 408 2065 in
446 2008 625 2064 Indic.
649 2009 789 2065 Plin.
817 2010 855 2064 l.
887 2026 961 2077 ιιι,
990 2025 1110 2081 cap.
1145 2010 1245 2076 30;
1278 2011 1480 2066 Elian.
1516 2013 1610 2067 lib.
1641 2029 1698 2069 ιιι
1800 2008 1999 2068 Junius
2047 2011 2308 2067 Catenam
2351 2011 2667 2066 Graecorum
2697 2009 2922 2066 Patrum
2952 2011 3007 2066 in
3036 2010 3232 2067 Jobum
3266 2013 3383 2067 col—

88 2104 326 2159 Histor.
354 2117 475 2173 cap.
502 2103 572 2169 4;
604 2111 659 2157 et
679 2102 956 2158 Heliodor.
984 2103 1078 2159 lib.
1103 2119 1133 2157 χ
1165 2102 1374 2158 Histor.
1399 2104 1696 2175 zEthiopic.
1801 2105 1999 2161 lectam
2029 2118 2059 2159 a
2092 2102 2303 2169 Niceta,
2331 2118 2563 2174 eamque
2614 2103 2849 2159 reddidit
2886 2102 3116 2171 Latine;
3148 2102 3384 2160 Londinl

92 2192 237 2249 Ista:
268 2191 493 2264 quidem
522 2191 722 2247 Indica:
748 2202 876 2247 sunt
906 2202 1112 2247 statura
1144 2194 1361 2260 canina,
1383 2193 1478 2249 sed
1509 2193 1700 2264 praefe—
1795 2199 1980 2253 lucem
2008 2198 2223 2268 aspexit
2246 2197 2369 2262 illa;
2404 2196 2474 2251 ibi
2507 2212 2560 2266 ῃ.
2592 2195 2716 2260 lu,
2754 2209 2784 2249 e
2806 2193 2930 2248 Nilo
2960 2196 3073 2251 haec
3096 2196 3385 2266 proferun-

1802 644 1968 695 nare;
2005 647 2024 680 ι
2063 628 2157 683 ubi
2193 637 2415 684 sanctus
2443 629 2635 682 doctor
2658 625 2878 683 oculum
2922 626 3121 696 accipit
3152 641 3252 696 pro
3289 644 3379 692 eo,

1800 720 1946 789 quod
1966 720 2121 776 estin
2153 719 2411 774 arborum
2440 718 2698 782 surculis,
2718 716 2862 772 unde
2891 716 3018 787 ipsa:
3036 719 3338 785 germinant
3364 735 3379 772 :

1802 814 1883 866 sic
1917 812 2156 867 sumitur
2195 813 2337 880 apud
2375 812 2659 876 Catonem,
2696 810 2773 863 De
2810 827 2863 863 re
2904 812 3124 864 rustica.
3153 811 3380 879 Oculus,

1800 906 1944 960 unde
1986 906 2286 967 inoculare,
2322 906 2375 957 in
2410 904 2730 970 Columella,
2772 903 2867 957 lib.
2918 919 2994 968 xt,
3042 918 3163 973 cap.
3198 902 3252 970 2,
3298 912 3386 959 est

1799 996 2017 1049 oculum
2044 997 2205 1050 unius
2236 996 2449 1050 arboris
2478 996 2632 1049 alteri
2666 995 2947 1059 adhibere,
2987 996 3103 1051 sive
3146 996 3380 1066 aperire,

1799 1097 1860 1142 ut
1911 1088 1965 1142 in
2020 1087 2219 1142 Plinio.
2264 1089 2404 1143 Beda
2453 1091 2505 1142 in
2542 1086 2740 1142 Jobum
2776 1107 2789 1143 :
2822 1087 2956 1153 Leo,
2988 1088 3211 1159 quando
3270 1090 3384 1161 agit

1797 1182 2036 1252 prtedam
2089 1184 2156 1237 de
2206 1183 2372 1237 rebus
2431 1182 2732 1251 majoribus
2783 1182 2838 1236 in
2893 1183 3121 1249 sanctis,
3152 1181 3382 1239 formica

1797 1278 2017 1346 quando
2046 1276 2114 1330 dc
2138 1274 2422 1340 minimis;
2467 1275 2571 1345 piis
2610 1273 2921 1337 formicam,
2954 1274 3135 1343 impiis
3170 1275 3382 1331 leonem

1796 1366 1995 1421 asserit
2059 1365 2522 1437 Olympiodorus;
2578 1374 2635 1421 at
2683 1364 2839 1422 Nilus
2892 1365 2948 1420 in
3027 1364 3250 1431 Catena,
3323 1377 3387 1423 ut

1796 1456 2258 1528 Theophylactus,
2296 1459 2350 1511 in
2376 1457 2593 1519 Lucam,
2627 1457 2756 1528 quia
2789 1457 3017 1527 impellit
3047 1458 3100 1512 in
3126 1459 3381 1530 graviora

1794 1566 1896 1605 nos
1953 1550 2118 1621 632
2174 1566 2203 1604 a
2263 1550 2447 1620 parvis
2483 1551 2672 1616 initiis,
2701 1553 2847 1621 quod
2892 1563 3039 1622 patet
3082 1552 3137 1607 in
3182 1568 3378 1623 supra-

85 2295 237 2341 runt
253 2286 492 2356 speciem
518 2284 907 2340 formicarum:
930 2283 1215 2353 Thuanus,
1236 2286 1329 2341 lib.
1353 2302 1479 2341 xxiv
1497 2287 1695 2341 Annal.

86 2379 171 2434 ad
206 2393 417 2433 annum
465 2377 625 2433 l559.
659 2376 805 2431 Inter
844 2393 1070 2432 munera
1111 2378 1255 2448 regis
1297 2376 1590 2435 Persarum
1630 2381 1700 2435 ad

91 2471 469 2540 Solymanum
499 2484 663 2525 unam
689 2469 862 2524 fuisse
890 2478 1075 2523 narrat
1102 2466 1449 2539 Busbequius
1481 2471 1643 2541 epist.
1665 2471 1700 2525 4

90 2564 185 2619 De
217 2564 478 2634 legatione
525 2560 735 2616 Turcic.
798 2560 1006 2616 Forsan
1068 2577 1099 2615 a
1151 2562 1364 2631 populis
1408 2561 1701 2633 Ethiopia:

90 2655 480 2710 Marmacibus
501 2654 693 2709 leones
722 2652 1249 2717 fueruntnominati,
1277 2668 1512 2724 quorum
1534 2671 1701 2725 popu-

92 2749 293 2803 lorum
344 2747 596 2802 meminit
650 2746 961 2817 Stephanus
1000 2745 1137 2816 napi.
1164 2746 1375 2799 πόλεων
1417 2761 1484 2801 ex
1521 2745 1698 2801 Hecam

95 2853 218 2896 taso
248 2856 262 2892 :
299 2841 443 2897 sicut
468 2839 833 2911 ὶππομύρμηξ
855 2837 996 2907 apud
1019 2837 1355 2905 Lucianum;
1384 2839 1481 2893 sed
1509 2854 1701 2894 cense—

94 2947 202 2991 tur
234 2934 441 2990 animal
474 2934 683 2999 fictum,
715 2941 775 2986 ut
800 2931 1175 2997 hircocervus,
1207 2930 1576 3002 tragelaphus,
1613 2932 1699 2986 vel

92 3030 394 3095 chimaera,
426 3027 649 3098 sphinx,
685 3025 869 3079 lamia.
910 3022 1261 3094 Septuaginta
1289 3024 1612 3093 interpretes
1642 3023 1698 3078 in

93 3138 234 3192 cap.
272 3136 325 3175 Iv
353 3120 456 3176 Job
483 3119 724 3184 laudato,
751 3124 990 3183 vertunt,
1022 3116 1193 3170 Periit
1220 3116 1300 3170 leo
1334 3116 1696 3186 formicarius,

94 3214 251 3284 quod
311 3228 415 3266 non
475 3210 685 3265 haberet
748 3225 946 3263 escam.
1003 3207 1239 3263 Sanctus
1279 3207 1574 3278 Gregorius
1625 3209 1700 3263 ibi

96 3307 211 3363 lib.
275 3322 328 3369 v,
386 3320 508 3375 cap.
548 3305 635 3368 15,
689 3318 916 3373 parvum
972 3316 1093 3357 esse
1138 3301 1341 3355 animal
1391 3316 1699 3374 myrmeco-

98 3403 330 3457 lennem
368 3407 578 3464 censet,
605 3396 854 3451 formicis
884 3394 1165 3458 infestum,
1188 3392 1333 3465 quod
1364 3408 1425 3450 se
1452 3394 1555 3450 sub
1581 3396 1703 3465 pul-

97 3510 238 3551 vere
257 3492 562 3557 abscondit,
583 3504 788 3559 easque
821 3487 1095 3543 frumenta
1122 3496 1398 3559 gestantes
1424 3488 1699 3555 interficit,

98 3598 163 3645 et
188 3587 506 3643 interfectas
535 3584 812 3641 consumit
843 3584 1000 3654 quasi
1032 3583 1117 3638 leo
1144 3582 1439 3648 devorans,
1463 3594 1519 3638 et
1547 3583 1701 3654 quasi

105 3682 344 3738 formica
367 3681 662 3735 devoratur
683 3677 753 3732 ab
775 3676 899 3732 aliis
925 3676 1153 3732 minutis
1181 3676 1574 3732 animantibus.
1603 3676 1703 3731 lsi-

106 3778 254 3831 doro
292 3774 390 3828 lib.
425 3788 498 3827 sn
533 3770 745 3841 Origin.
782 3784 905 3839 cap.
949 3768 1037 3834 15,
1074 3767 1436 3833 Formicalco,
1466 3775 1523 3823 et
1568 3769 1701 3823 Vin-

109 3867 302 3923 centio
330 3862 704 3919 Bellovacens.
737 3860 832 3915 lib.
870 3875 962 3916 xv:
988 3858 1309 3925 Doctrinal.,
1338 3874 1458 3928 cap.
1495 3857 1617 3920 117,
1649 3867 1705 3913 et

104 3961 169 4017 in
230 3958 520 4013 Petaviana
578 3953 908 4009 bibliotheca
964 3961 1137 4022 poeta:
1204 3950 1473 4015 Bai-baro,
1541 3966 1701 4005 num.

108 4051 260 4107 1544
286 4066 305 4115 ;
333 4048 426 4102 alii
484 4045 690 4101 dictum
736 4044 813 4099 ita
850 4043 1167 4113 opinantur,
1221 4041 1347 4112 quia
1386 4040 1632 4097 nascitur
1674 4057 1707 4095 e

107 4145 352 4202 formica
387 4150 443 4196 et
473 4142 649 4206 leone,
670 4136 1001 4192 animalculo
1027 4150 1241 4205 nempe,
1277 4133 1366 4189 cui
1387 4144 1471 4189 est
1496 4133 1705 4203 species

108 4234 358 4301 leonina.
405 4230 656 4286 Eustatb.
706 4228 760 4283 in
800 4224 1161 4282 Hexaemeron
1206 4225 1292 4279 bis
1341 4232 1702 4289 memoratur,

110 4336 310 4386 sancto
342 4323 694 4394 Hieronymo,
738 4320 853 4374 sive
885 4317 1095 4373 auctori
1138 4316 1221 4385 (si
1256 4316 1382 4387 quis
1413 4316 1555 4370 alius
1585 4316 1705 4384 est)

109 4418 363 4491 epistolae
400 4416 465 4470 ad
501 4412 825 4469 Praesidium
865 4410 933 4466 de
962 4424 1128 4465 cereo
1159 4407 1409 4463 Paschal.
1442 4405 1517 4462 De
1558 4423 1705 4477 myr-

1802 2302 1893 2347 tur
1926 2310 1939 2345 :
1970 2292 2126 2362 Τάχα
2148 2290 2204 2343 δὲ
2243 2290 2337 2344 καὶ
2366 2291 2395 2342 ὁ
2430 2289 2607 2359 μέγας
2648 2287 2770 2341 Ἰὼϐ
2794 2288 2917 2342 καθ’
2942 2288 3135 2342 ἑαυτὸν
3166 2290 3384 2359 φιλοσο-

1803 2381 1920 2451 φῶν
1950 2381 2193 2436 τοιοῦτόν
2229 2398 2351 2434 τινα
2387 2381 2717 2434 αἰνίττεται·
2748 2378 3004 2435 Forsitan
3034 2397 3152 2435 vero
3188 2391 3239 2435 et
3268 2399 3385 2436 ma-

1801 2492 1934 2545 gnus
1972 2474 2074 2529 Job
2118 2474 2187 2527 ad
2216 2474 2449 2543 seipsum
2478 2473 2851 2543 philosophum
2876 2474 3240 2543 hujuscemodi
3278 2475 3384 2529 ali-

1801 2582 1954 2636 quem
2009 2565 2227 2619 obscure
2271 2566 2540 2634 designat,
2589 2572 2696 2619 etc.
2745 2563 3136 2635 Adiunguntur
3164 2573 3219 2619 et
3256 2564 3381 2628 ista,

1801 2671 1924 2726 quae
1953 2655 2153 2711 desunt
2181 2655 2233 2709 in
2259 2656 2637 2725 manuscripto
2661 2654 2960 2709 Barberino
2984 2654 3388 2725 Codice,atque

1804 2750 1858 2803 in
1892 2749 2133 2804 editione
2179 2765 2323 2815 mea,
2354 2766 2405 2820 p.
2435 2749 2526 2813 57,
2555 2760 2682 2819 post
2725 2748 3046 2812 ὀπλίξουσαι
3098 2749 3241 2802 κατὰ
3284 2750 3388 2819 τῆς

1798 2843 1999 2913 ψυχῆς,
2033 2842 2127 2897 sed
2153 2842 2263 2896 illic
2289 2842 2573 2898 abundant
2596 2840 2769 2896 ταῦτα
2795 2841 2852 2895 δὲ
2880 2841 2981 2912 οὐχ
3004 2841 3080 2906 ὡς
3106 2841 3200 2896 τοῦ
3243 2842 3386 2895 Ἐλία-

1804 2936 1913 3003 φαζ
1939 2934 2083 2989 οὓτω
2116 2936 2412 3007 νοήσαντος
2448 2935 2557 3006 (ῖσ.
2589 2934 2906 3005 νοήσαντες)
2965 2935 3385 3007 ὲθεωρήσαμεν,

1804 3029 1919 3083 ἀλλ’
1943 3028 2020 3093 ὡς
2052 3027 2367 3097 δυναμένων
2400 3027 2508 3082 τῶν
2537 3027 2801 3099 ῥημάτων
2843 3029 2938 3081 καὶ
2971 3029 3109 3099 πρὸς
3154 3028 3386 3099 ἀλληγο-

1809 3120 1928 3190 ρὲαν
1972 3118 2296 3189 τρέπεσθαι,
2337 3117 2466 3171 ὅταν
2518 3119 2552 3189 ἡ
2593 3117 2755 3188 χρεία
2783 3117 3012 3188 καλέσῃ·
3050 3120 3142 3173 καὶ
3182 3119 3293 3192 γὰρ
3332 3120 3386 3175 oi

1804 3210 2156 3280 παλαιότεροι
2200 3212 2269 3280 τῇ
2310 3208 2514 3280 θεωρίᾳ
2566 3210 2906 3280 ἐχρήσαντο,
2950 3210 3045 3265 καὶ
3093 3228 3388 3283 μυρμηκο·

1788 3292 1994 3358 λέοντα
2043 3303 2136 3356 τὸν
2184 3301 2431 3356 διάϐολον
2482 3300 2731 3371 ἐνόησαν,
2789 3300 2979 3372 ἐπειδὴ
3033 3303 3206 3372 μικρά
3262 3321 3389 3357 τινα

1805 3394 2441 3468 προ[σ]παρασκευάζων
2475 3394 2831 3465 ἁμαρτάνειν,
2862 3395 2958 3447 καὶ
2986 3394 3260 3467 λαθραίως
3283 3398 3388 3452 ὑπ-

1807 3488 2012 3556 εισιὼν,
2036 3489 2116 3551 εὶς
2143 3486 2354 3557 μεγάλα
2380 3485 2607 3557 τελευτᾷ
2635 3485 2831 3551 ἐθίζων
2849 3491 3236 3559 καταφρονεῖν,
3264 3506 3390 3560 qua

1808 3580 1880 3633 ita
1908 3579 2101 3633 Latina
2133 3588 2283 3633 veste
2315 3577 2540 3632 amicire
2569 3576 2845 3631 contendi.
2878 3574 2997 3630 Istu
3032 3593 3148 3631 vero
3184 3595 3285 3633 non
3326 3591 3388 3635 ut

1808 3672 2031 3741 Eliphas
2087 3671 2349 3726 intellexit
2383 3671 2497 3737 (aut
2527 3670 2827 3726 secundum
2865 3670 3030 3725 aliam
3073 3672 3387 3738 lectionem,

1808 3764 2179 3837 intelligentes)
2201 3765 2546 3832 dispexituus,
2569 3779 2748 3817 verum
2769 3765 3056 3818 secundum
3086 3782 3243 3836 quam
3266 3782 3391 3836 pos-

1807 3867 1930 3912 sunt
1963 3855 2119 3911 verba
2145 3856 2198 3909 in
2238 3854 2579 3924 allegoricum
2608 3871 2821 3909 sensum
2856 3857 3108 3922 converti,
3147 3861 3391 3928 quando-

1808 3966 2008 4020 cunque
2041 3966 2166 4003 usus
2217 3951 2483 4019 exegerit;
2514 3949 2706 4002 etenim
2757 3950 3081 4019 antiquiores
3134 3952 3217 4006 usi
3268 3963 3392 4008 sunt

1806 4042 2181 4112 speculatione,
2220 4056 2284 4093 ac
2326 4039 2821 4110 myrmeco-leonem
2865 4042 3138 4097 diabolum
3177 4044 3391 4099 intelle-

1807 4144 2034 4201 xerunt;
2056 4134 2311 4204 siquidem
2333 4142 2608 4203 postquam
2636 4133 2955 4203 disposuerit
2986 4136 3055 4188 ad
3070 4139 3392 4205 peccandum

1809 4230 1866 4280 in
1894 4228 2098 4297 exiguis
2120 4226 2455 4297 quibusdam,
2480 4224 2620 4278 clam
2645 4241 2768 4279 mox
2788 4226 3097 4282 subintrans
3119 4229 3175 4283 in
3196 4245 3394 4301 magna

1810 4319 2034 4375 devolvit
2064 4317 2419 4387 assuefaciens
2448 4316 2517 4370 ad
2544 4317 2998 4372 contemnendum.
3041 4317 3205 4376 Juxta
3254 4322 3394 4378 Pro-

1810 4411 1960 4467 verb.
1989 4424 2109 4479 cap.
2142 4424 2299 4474 xvm,
2349 4425 2403 4461 v.
2459 4408 2514 4472 5,
2556 4406 2781 4477 Impius,
2816 4424 2933 4461 cum
2972 4410 3027 4463 in
3069 4411 3393 4481 profundunt

111 4512 437 4569 mecoleone
484 4505 670 4560 Damir
712 4502 887 4557 Arabs
922 4503 991 4556 de
1044 4500 1325 4555 formicar.
1367 4498 1650 4569 speciebus
1688 4515 1701 4550 :
1739 4506 1781 4559 Ι)
1811 4505 2004 4559 venerit
2059 4511 2416 4571 peccatorum,
2476 4502 2784 4555 contemnit.
2843 4500 3030 4571 Itaque
3095 4504 3198 4557 ista
3259 4503 3393 4558 sub.

110 4611 251 4661 Ante
276 4602 396 4674 (ait)
440 4600 541 4661 leo,
578 4598 803 4666 formica
844 4603 1007 4648 retro.
1045 4590 1171 4649 Ursi
1211 4590 1513 4646 formicarii
1556 4590 1703 4659 quod

110 4701 283 4756 edant
302 4694 562 4749 formicas
587 4690 727 4760 apud
755 4687 919 4743 Indos
939 4684 1408 4750 0ccidentales,et
1432 4683 1575 4753 apud
1608 4698 1708 4737 nos

110 4796 527 4857 nuncupantur,
562 4782 804 4852 Scaliger
835 4780 889 4833 in
914 4778 1224 4834 Cardanum
1252 4776 1537 4831 exercitat.
1566 4774 1705 4839 2l6;

112 4880 325 4937 Elian.
361 4877 452 4932 lib.
488 4892 564 4940 vr,
617 4889 739 4943 cap.
787 4872 839 4926 5.
881 4869 964 4924 Ad
1011 4868 1259 4924 notitiam
1309 4866 1708 4938 myrmccoleo-

114 4988 251 5029 num
279 4972 561 5039 hucusque
584 4976 693 5021 tam
715 4980 782 5019 ex
804 4959 1178 5023 Aldrovando,
1197 4973 1361 5028 quam
1385 4974 1415 5013 e
1437 4957 1709 5013 Bocharto

113 5070 374 5131 excerpta
434 5061 536 5115 ista
597 5057 733 5112 satis
787 5055 918 5110 sint.
968 5051 1049 5106 Ex
1112 5051 1216 5105 hoc
1264 5059 1445 5103 tamen
1486 5049 1706 5111 addam,

116 5153 573 5230 Olympiodorum
607 5152 658 5204 in
684 5147 787 5203 Job
820 5144 1079 5201 arbitrari
1118 5159 1224 5199 non
1256 5158 1378 5197 esse
1406 5140 1459 5195 id
1503 5140 1707 5195 animal

116 5254 544 5324 (proptereaque
594 5242 898 5297 Bochartus
946 5239 1087 5291 inter
1141 5235 1388 5289 fabulosa
1434 5233 1709 5289 recensuit

118 5340 402 5410 animalia)
432 5339 589 5409 juxta
625 5333 935 5396 historiam,
966 5330 1059 5387 sed
1095 5343 1126 5382 e
1163 5326 1567 5397 compositione
1604 5340 1705 5379 vo-

118 5453 246 5493 cum
279 5433 486 5504 ellingi;
511 5441 564 5486 et
583 5428 842 5499 Eulogius
862 5421 1289 5483 Alexandrinus,
1320 5419 1416 5475 lib.
1440 5434 1492 5472 tv
1515 5419 1570 5471 in
1596 5416 1707 5470 Νο-

120 5534 321 5586 oatian.
362 5527 503 5597 apud
535 5524 788 5579 Photium
820 5522 872 5575 in
914 5518 1268 5577 Bibliotheca,
1302 5513 1578 5568 diabolum
1611 5527 1708 5566 ex-

121 5627 275 5695 ponit
300 5619 607 5690 allegorice,
637 5616 728 5686 qui
761 5616 906 5685 rugit
928 5610 1225 5667 adveniens
1252 5607 1328 5662 uti
1360 5607 1470 5667 leo,
1500 5605 1708 5674 pudore

124 5715 369 5772 suffusus
398 5712 628 5769 discedit
659 5710 816 5779 quasi
853 5706 1112 5769 formica,
1139 5702 1406 5771 peritque,
1440 5701 1491 5754 in
1530 5699 1707 5751 homi-

125 5810 291 5864 nibus
314 5822 420 5862 non
458 5803 741 5860 inveniens
780 5813 988 5855 escam.
1025 5795 1262 5850 Sanctus
1282 5790 1623 5861 Augustinus
1651 5805 1704 5843 tn

1811 4603 2030 4649 nectere
2077 4592 2255 4646 visum
2306 4600 2434 4645 est:
2491 4599 2546 4643 tu
2578 4598 2825 4645 catenam
2864 4591 3009 4645 illam
3050 4591 3296 4654 consule,
3343 4593 3392 4648 si

1813 4683 2185 4755 Polychronii,
2240 4681 2334 4751 qui
2386 4681 2609 4735 nomine
2660 4682 3139 4752 myrmeco-leonis
3192 4681 3389 4739 Jobutn

1814 4777 1991 4846 ipsum
2017 4784 2172 4845 putat
2206 4774 2462 4834 indicari,
2487 4773 2883 4842 expositionem
2920 4774 3101 4830 adhuc
3132 4777 3390 4847 requiris.

1812 4870 1882 4921 At
1911 4883 1980 4921 ne
2009 4867 2139 4936 quid
2174 4864 2357 4921 nimis.
2394 4866 2471 4919 Ad
2500 4880 2624 4935 cap.
2662 4865 2751 4932 54,
2800 4865 2958 4936 cuius
3014 4866 3231 4922 initium
3285 4878 3389 4936 est,

1813 4955 2142 5018 Πλειστάκις
2186 4954 2417 5025 δεηθείς,
2464 4956 2516 5009 id
2558 4964 2641 5010 est
2692 4958 2884 5025 strpius
2939 4973 3130 5022 orans;
3158 4958 3395 5015 refertur

1811 5048 2042 5118 epistola
2068 5048 2197 5113 266,
2230 5047 2327 5102 lib.
2356 5063 2412 5100 ιιι
2446 5047 2655 5110 Allatii,
2686 5062 2809 5117 qua:
2846 5048 3100 5119 dirigitur
3127 5049 3392 5106 Adriano.

1812 5137 1895 5192 Ad
1924 5152 2046 5206 cap.
2088 5135 2177 5201 55,
2212 5136 2548 5197 inchoatum,
2579 5134 2896 5200 Καθεύδεις,
2930 5130 3119 5201 idest,
3166 5138 3394 5208 dormis,

1812 5230 2041 5300 epistola
2072 5228 2197 5295 517,
2221 5228 2313 5282 lib.
2356 5244 2414 5281 ιιι
2459 5228 2619 5282 Allat.
2662 5228 2870 5298 absque
2905 5228 3283 5300 inscriptione.
3311 5233 3396 5288 Ad

1813 5338 1935 5393 cap.
1962 5322 2054 5387 56,
2081 5322 2229 5392 quod
2260 5322 2470 5392 incipit,
2502 5323 2577 5374 Οὐ
2630 5323 2791 5392 μόνον
2848 5328 3308 5395 γαπριμαργείν,
3340 5326 3393 5380 id

1813 5425 1916 5482 est,
1944 5431 2045 5469 non
2095 5414 2267 5468 solum
2301 5415 2424 5485 gula
2460 5412 2745 5481 indulgere,
2775 5402 2934 5484 epist.
2965 5414 3055 5479 46,
3082 5415 3174 5470 lib.
3205 5430 3263 5473 ιιι
3300 5418 3395 5471 Al-

1817 5508 1911 5561 lat.
1944 5505 2152 5561 directa
2196 5504 2417 5561 Gelasio
2460 5504 2751 5559 monacho.
2792 5502 3009 5559 Possin.
3034 5503 3124 5558 26.
3151 5506 3231 5559 Ad
3268 5519 3391 5575 cap.

1814 5599 1981 5661 37,'U
2007 5598 2221 5668 ἡνίοχος
2245 5597 2391 5661 νοῦς,
2422 5598 2474 5650 id
2510 5606 2609 5656 est,
2640 5612 2784 5650 mens
2808 5597 3014 5665 auriga,
3033 5596 3194 5666 epist.
3231 5596 3395 5649 Allat.

1815 5692 1941 5750 9.68.
1973 5693 2009 5745 Ι.
2042 5705 2123 5744 ιιι.
2163 5691 2240 5743 Ad
2270 5705 2391 5759 cap.
2439 5689 2526 5749 58,
2562 5689 2674 5741 Οὐκ
2714 5688 2861 5741 ἔστιν
2904 5688 3171 5758 ἁμαρτία,
3204 5688 3253 5741 id
3289 5699 3393 5748 est.

1819 5802 1920 5838 non
1967 5795 2040 5840 est
2087 5796 2381 5852 peccatum,
2422 5784 2579 5853 epist.
2612 5783 2703 5848 99,
2752 5781 2788 5835 ι.
2827 5797 2862 5836 ιι
2911 5782 3075 5836 Allat.
3114 5779 3397 5835 Cltaritoni
