3808 6226
449 291 585 359 1359

1383 288 1533 350 JOS.
1570 285 1837 347 MARIIE
1876 284 2238 347 SUARESII
2277 280 2781 343 DlSSERTATIO

3571 278 3698 345 1360

444 408 720 467 monacho
750 407 1032 477 inscripta.
1062 404 1276 485 Passio.
1298 404 1426 461 266.
1467 403 1545 458 Ad
1587 419 1710 473 cap.
1743 403 1835 466 59,
1867 404 2013 466 Ἴσως

2132 410 2247 455 tum
2279 409 2364 455 est
2398 417 2412 454 :
2446 398 2660 461 Ἄλλως
2681 398 2791 467 γὰρ
2813 398 2841 448 ὁ
2870 396 3154 468 τεχνίτης,
3203 398 3301 451 καὶ
3329 396 3509 459 ἄλλως
3546 399 3574 449 ὁ
3616 399 3697 450 ἁν-

442 503 695 572 ἀγνοεῖς;
736 499 883 552 Anne
932 500 1188 569 ignoras?
1233 498 1392 568 epist.
1423 497 1586 551 Allat.
1630 495 1756 559 518,
1790 494 1886 549 lib.
1929 510 2013 562 ιιι,

444 594 651 663 absque
677 592 851 647 titulo.
887 591 967 646 Ad
992 592 1061 645 40
1083 606 1202 661 cap.
1255 590 1381 643 Ἐὰν
1410 588 1592 661 γλίχῃ,
1619 587 1674 643 id
1708 596 1811 653 est,
1847 587 1894 643 si
1932 587 2017 640 lu-

447 686 588 750 beat,
631 685 790 755 epist.
839 683 1005 737 Allat.
1037 681 1165 746 286,
1209 681 1303 735 lib.
1346 696 1427 745 ιιι,
1468 694 1663 735 carens
1698 677 2016 749 epigraphe.

445 780 528 834 Ad
566 795 686 848 cap.
735 778 823 840 41,
849 776 1107 847 Μεγάλην
1144 776 1178 846 ἠ
1220 775 1519 846 προσευχὴ,
1548 774 1601 829 id
1632 781 1735 838 est,
1766 788 2019 843 magnam

446 873 640 932 oratio,
692 871 851 937 epist.
903 868 1027 932 519,
1058 867 1155 922 lib.
1189 883 1249 921 ιιι
1275 866 1441 920 Allat.
1492 864 1572 919 Ad
1619 880 1738 935 cap.
1780 864 1873 927 42,
1901 864 2017 935 Οὐχ

445 963 654 1027 ἁπλῶς,
688 963 742 1016 id
777 972 878 1026 est,
908 976 1012 1013 non
1063 958 1392 1028 simpliciter,
1440 957 1599 1027 epist.
1640 955 1766 1019 520,
1817 955 1911 1011 lib.
1958 970 2019 1008 ιιι

446 1055 688 1124 ejusdem
710 1053 871 1107 Allat.
901 1052 981 1105 Ad
1005 1066 1125 1120 cap.
1150 1051 1242 1115 45,
1266 1050 1473 1120 Μέχρις
1508 1048 1574 1103 ἂν
1602 1047 1689 1114 σύ,
1717 1048 1769 1102 id
1795 1057 1897 1111 εει,
1925 1048 2022 1099 do-

448 1163 540 1201 nec
568 1155 646 1207 tu,
671 1145 830 1213 epist.
862 1142 989 1206 272,
1022 1142 1117 1196 lib.
1148 1142 1383 1211 ejusmet
1418 1139 1579 1195 Allat.
1603 1139 1806 1194 directa
1843 1137 2022 1192 Pauli-

449 1253 521 1294 no
543 1239 862 1299 domestico,
896 1234 1111 1291 Possin.
1142 1234 1268 1288 204.
1295 1234 1373 1287 Ad
1408 1248 1525 1302 cap.
1557 1233 1647 1294 44,
1676 1231 1769 1302 Μὴ
1795 1231 2023 1286 ἀποναί-

450 1345 566 1391 νου,
603 1327 654 1381 id
686 1335 791 1387 est,
823 1342 885 1379 ne
917 1324 1236 1393 subterfuge,
1262 1322 1421 1391 epist.
1454 1323 1573 1377 sine
1590 1320 1747 1375 titulo
1769 1319 1895 1382 521,
1923 1319 2018 1373 lib.

450 1431 508 1471 ιιι
537 1415 698 1471 Allat.
730 1414 811 1469 Ad
846 1430 964 1483 cap.
995 1414 1086 1475 49,
1121 1413 1330 1482 Ὥσπερ
1374 1413 1423 1464 οἱ
1472 1410 1934 1480 εἰσπορευόμενοι,
1967 1408 2023 1464 id

452 1517 555 1567 est,
582 1504 718 1558 sicut
767 1501 1134 1573 ingredientes,
1171 1501 1333 1571 epist.
1373 1499 1498 1564 522,
1529 1499 1624 1554 lib.
1658 1514 1720 1553 tu
1750 1498 1914 1552 Allat.
1939 1498 2021 1553 Ad

445 1612 565 1666 cap.
591 1595 681 1661 46,
712 1595 825 1648 Οὐκ
853 1594 997 1646 ἔστιν
1018 1592 1257 1660 εὔλογον,
1278 1591 1329 1646 id
1347 1600 1451 1657 est,
1468 1607 1573 1645 non
1590 1600 1667 1645 est
1691 1591 1885 1644 rationi
1905 1606 2025 1643 con-

447 1697 773 1746 sentaneum,
795 1684 953 1754 epist.
978 1684 1138 1737 Allat.
1163 1683 1288 1749 520,
1316 1684 1411 1737 lib.
1438 1699 1521 1738 ιιι.
1544 1682 1625 1735 Ad
1648 1698 1767 1752 cap.
1794 1683 1884 1744 47,
1909 1683 2023 1736 Κα-

2121 495 2463 564 επιστήμων,
2492 510 2587 549 seu
2606 492 2831 563 ἄτεχνος
2851 530 2867 555 ,
2896 493 3069 563 κρίνει
3094 492 3164 545 τὰ
3182 496 3280 564 τῆς
3307 493 3528 562 τέχνης
3549 492 3697 544 Aliter

2126 589 2318 658 quippe
2354 586 2578 654 artifex,
2613 599 2664 638 et
2698 586 2861 638 aliter
2896 585 2997 638 tiro
3040 586 3171 639 artis
3210 586 3417 638 nescius
3445 584 3700 652 dijudirat

2128 695 2211 742 ea,
2252 694 2371 749 qut:
2410 678 2479 731 ad
2522 687 2691 731 artem
2715 687 2977 746 spectant.
3019 674 3265 746 Denique
3294 678 3543 731 occurrit
3580 675 3701 728 mihi

2123 768 2391 823 Allatiana
2415 768 2520 823 246
2546 768 2797 837 epistola,
2830 768 2923 821 lib.
2958 782 3019 831 ιι,
3048 766 3207 836 cujus
3240 767 3493 831 initium,
3522 765 3704 817 [lauat

2125 862 2234 914 τῶν
2279 862 2335 915 ὲν
2376 860 2619 931 θαλάσσῃ
2648 858 3086 930 χειμαζομένων,
3122 870 3254 926 etc.,
3302 859 3356 912 id
3397 868 3519 921 est,
3556 857 3703 910 Multi

2125 968 2328 1017 eorum,
2368 952 2458 1022 qui
2494 959 2799 1019 tempestate
2826 951 3101 1018 agitantur
3129 950 3182 1002 in
3215 947 3438 1019 pelago;
3479 966 3705 1019 quaeque

2126 1045 2195 1098 ad
2240 1042 2540 1097 Zenobium
2586 1041 2820 1110 legatum
2872 1041 3167 1111 dirigitur:
3200 1056 3263 1094 ea
3307 1057 3442 1095 vero
3497 1043 3706 1095 videtur

2126 1134 2399 1203 erscripta
2430 1148 2459 1187 e
2482 1134 2661 1203 capite
2687 1133 2757 1186 64
2779 1131 3068 1187 Tractatus
3092 1132 3319 1198 laudati,
3346 1133 3438 1186 ubi
3472 1149 3599 1203 pag.
3643 1135 3707 1186 7'3

2130 1228 2244 1281 base
2274 1225 2425 1281 fuere
2457 1227 2683 1296 scripta,
2711 1226 2775 1279 Et
2809 1226 2919 1296 γὰρ
2947 1228 3002 1279 ἐν
3029 1224 3273 1296 Θαλάσσῃ
3304 1225 3571 1288 πλέοντες
3601 1243 3707 1295 χει-

2131 1317 2449 1388 μαζόμενοι,
2488 1318 2539 1371 id
2572 1326 2686 1382 est,
2730 1318 2789 1371 Si
2843 1334 3065 1387 namque
3104 1318 3159 1370 in
3200 1318 3342 1370 mari
3398 1318 3707 1387 navigantes

2127 1410 2362 1480 procella
2391 1410 2610 1477 iactati,
2643 1420 2748 1465 etc.
2782 1410 2941 1465 Certe
2971 1419 3065 1463 aut
3092 1410 3291 1479 aliquis
3307 1425 3375 1464 ex
3400 1411 3526 1464 istis
3554 1411 3707 1463 sche-

2128 1503 2215 1559 dis
2235 1543 2250 1568 ,
2282 1502 2366 1557 vel
2398 1502 2676 1572 Epistolis,
2708 1519 2831 1572 quas
2855 1501 2975 1555 Nilo
3002 1511 3191 1556 nostro
3222 1516 3321 1571 pro
3351 1502 3528 1556 variis
3553 1516 3705 1555 occa-

2129 1594 2377 1650 sionibus
2427 1594 2613 1648 subito
2642 1593 2850 1655 eli'usaz,
2886 1593 3089 1662 impetu
3121 1602 3287 1662 atque
3311 1592 3500 1647 calore
3537 1591 3703 1645 ﬂuxe-

2130 1695 2279 1750 runt,
2315 1696 2369 1739 et
2396 1685 2719 1739 exciderunt
2746 1685 2812 1738 ad
2838 1685 3040 1747 varios,
3063 1684 3207 1738 nulla
3233 1694 3569 1754 temporum,
3595 1685 3705 1738 sire

450 1780 623 1849 μάτου
651 1776 894 1849 χρῄζεις,
912 1777 1179 1846 prwvertit
1202 1785 1248 1829 te
1270 1774 1508 1838 morbus,
1526 1775 1687 1845 epist.
1713 1775 1874 1829 Allat.
1898 1775 2013 1841 524,

2129 1778 2456 1847 dignitatum
2494 1777 2677 1831 habita
2726 1777 2971 1841 ratione,
3006 1777 3135 1831 dum
3184 1779 3272 1831 vir
3316 1787 3549 1831 sanctus
3593 1777 3705 1830 zelo

444 1874 606 1947 633
646 1873 868 1927 ibidem.
901 1868 983 1925 Ad
1012 1884 1133 1937 cap.
1169 1868 1261 1931 48,
1296 1869 1359 1921 Εἰ
1388 1868 1438 1921 ol
1468 1866 1685 1938 ἐχθροί,
1734 1867 1787 1921 id
1829 1876 1943 1933 est,
1974 1869 2019 1921 si

445 1969 652 2030 hostes,
686 1965 848 2034 epist.
881 1978 1003 2033 quae
1032 1961 1289 2032 Aquilino
1323 1959 1640 2016 inscribitur
1672 1959 1812 2025 275,
1847 1960 1920 2013 lib
1959 1976 2017 2014 ιιι

444 2059 606 2111 Allat.
654 2064 711 2110 at
751 2055 969 2109 Possin.
998 2052 1126 2108 209.
1157 2052 1239 2106 Ad
1278 2067 1398 2117 cap.
1433 2052 1524 2115 49,
1577 2052 1712 2121 Πρὶν
1754 2052 1930 2103 ἐκεῖνο
1958 2050 2021 2103 τὸ

447 2148 738 2218 φρικῶδες,
772 2146 823 2200 id
861 2155 973 2209 est,
1006 2153 1288 2212 antequam
1325 2139 1651 2195 tremendum
1684 2140 1839 2210 epist.
1888 2140 2013 2195 325.

445 2239 716 2296 Allatiana
749 2238 905 2292 inibi.
936 2236 1018 2289 Ad
1051 2251 1168 2305 cap.
1201 2234 1291 2300 50,
1333 2232 1515 2304 Μηδὲν
1537 2232 1646 2286 τῶν
1678 2233 2018 2302 φαινομένων

446 2334 506 2385 ὲν
546 2331 626 2403 τῷ
659 2331 911 2403 παρόντι,
962 2331 1015 2385 id
1066 2338 1168 2393 est,
1218 2329 1349 2382 nihil
1392 2328 1759 2397 apparentium
1791 2327 1845 2380 in
1876 2342 2015 2393 pra:-

445 2424 605 2486 senti,
640 2423 799 2492 epist.
830 2420 955 2485 526,
986 2420 1193 2489 absque
1218 2418 1591 2488 inscriptione,
1626 2416 1720 2471 lib.
1758 2432 1819 2471 ιιι
1848 2418 2015 2471 Allat.

445 2515 538 2583 qui
572 2515 700 2583 legit
729 2514 787 2566 ὲν
828 2512 905 2583 τῷ
935 2510 1265 2580 φαινομένῳ.
1314 2509 1396 2564 Ad
1432 2524 1555 2578 cap.
1609 2509 1700 2573 51,
1746 2508 2017 2562 Οὐδέποτε

442 2605 523 2657 δεῖ
541 2604 753 2673 ἀργεῖν,
778 2602 831 2657 id
852 2611 955 2666 est,
980 2616 1248 2670 nunquam
1270 2609 1471 2668 oportet
1495 2600 1675 2652 otiari.
1703 2599 1865 2669 epist.
1890 2598 2013 2664 164,

443 2700 540 2754 lib.
573 2714 634 2753 ιιι
667 2698 832 2752 Allat.
868 2697 1074 2751 directa
1111 2694 1271 2750 Petro
1304 2695 1591 2758 monacho,
1634 2693 1853 2750 Possin.
1887 2695 2013 2751 118.

443 2790 523 2843 Ad
557 2804 679 2857 cap.
708 2788 796 2850 52,
827 2788 1132 2858 Τόλμησον,
1165 2787 1216 2841 id
1248 2796 1354 2851 est,
1383 2786 1539 2851 aude,
1572 2786 1736 2841 Allat.
1777 2788 1895 2841 sine
1944 2787 2018 2841 tio

444 2882 557 2936 tulo
591 2880 751 2949 epist.
783 2880 907 2945 527,
944 2879 1040 2935 lib.
1077 2893 1162 2934 ιιι.
1193 2879 1275 2934 Ad
1310 2888 1638 2941 extremum,
1669 2895 1791 2949 qua:
1826 2880 1879 2934 in
1917 2895 2016 2935 co-

444 2973 566 3027 dice
598 2971 897 3026 Barberino
927 2972 1139 3026 locatur
1176 2979 1373 3041 quarto
1406 2971 1550 3033 loco,
1582 2971 1766 3043 Εὐχή,
1814 2972 1867 3027 id
1900 2980 2015 3040 est,

444 3065 637 3126 oratio,
672 3072 726 3117 et
769 3064 1050 3118 constituit
1087 3072 1255 3133 caput
1301 3063 1389 3118 55.
1424 3061 1556 3131 Ejus
1586 3063 1873 3123 exordium
1907 3073 2016 3133 est,

443 3156 674 3228 Βοηθός,
706 3152 761 3209 id
783 3164 893 3219 est,
930 3153 1167 3225 adjutor,
1192 3154 1424 3213 Allatius
1453 3170 1572 3213 eam
1604 3157 2018 3226 comprehendit

444 3250 500 3303 in
559 3247 789 3315 epistola
829 3246 970 3314 256,
1023 3263 1146 3319 qua:
1192 3247 1315 3303 Nilo
1364 3247 1683 3319 presbytero
1732 3248 2015 3318 dirigitur,

444 3342 540 3399 lib.
569 3356 650 3395 ιιι.
683 3340 968 3411 Simulque
997 3341 1349 3398 consarcinat
1383 3342 1492 3398 duo
1513 3342 1698 3412 capita
1730 3342 1843 3406 illa,
1874 3342 2019 3397 sicut

442 3441 498 3487 et
548 3429 819 3486 Possinus
869 3432 1029 3501 epist.
1079 3432 1148 3486 ad
1198 3432 1451 3488 eumdem
1501 3432 1681 3487 Nilum
1732 3434 2017 3504 presbyte-

442 3539 565 3577 rum
609 3520 730 3588 168,
764 3538 886 3593 qua:
920 3523 1130 3593 incipit,
1168 3523 1360 3588 Οὐδεὶς
1390 3525 1798 3596 ταπεινότερος,
1823 3541 2016 3595 quem-

441 3614 736 3672 admodum
768 3626 825 3674 et
856 3616 1132 3672 Allatiana
1153 3656 1168 3681 ,
1202 3617 1283 3671 uti
1314 3618 1705 3688 praenotaham.
1755 3617 1873 3672 Non
1922 3618 2016 3672 de-

441 3718 603 3763 erunt
630 3717 904 3764 emunctae
937 3709 1087 3763 naris
1115 3709 1388 3775 homines,
1424 3721 1477 3765 et
1509 3711 1711 3780 quibus
1742 3725 1907 3765 nasus
1930 3719 2015 3767 est

439 3799 847 3864 rhinocerotis,
893 3800 986 3867 qui
1034 3800 1297 3854 damnent
1338 3815 1515 3854 meam
1563 3800 1920 3872 περιεργίαν,
1959 3810 2013 3856 ει

440 3892 752 3959 improbum
787 3891 1029 3944 laborem
1072 3898 1133 3943 ut
1168 3889 1418 3944 inutilem
1446 3901 1769 3946 aversentur
1798 3892 1849 3945 in
1880 3906 2014 3945 con-

442 3982 679 4035 ferendis
714 3982 831 4036 istis
861 3980 1150 4049 Epistolis;
1188 3989 1243 4035 et
1273 3980 1435 4049 hujus
1459 3979 1710 4050 Epistolas
1737 3983 2011 4037 continua:

439 4071 836 4140 quinquaginta
902 4070 1077 4124 tribus
1133 4070 1441 4139 capitibus,
1523 4070 1765 4125 codicem
1819 4080 2010 4126 nactus

438 4160 618 4213 fuerat
654 4159 915 4215 Possinus
958 4161 1011 4213 in
1044 4160 1376 4216 bibliotheca
1413 4159 1686 4226 Medicam,
1735 4162 2008 4232 Epistola-

438 4268 582 4317 rum,
636 4268 775 4322 quas
825 4253 1010 4308 emisit
1066 4252 1122 4307 in
1182 4254 1358 4309 lucem
1409 4268 1554 4308 anno
1616 4253 1775 4319 1657,
1831 4253 2005 4310 Paris.

436 4343 615 4396 Alium
661 4343 979 4413 ampliorem
1027 4342 1137 4397 Leo
1179 4343 1453 4408 Allatius,
1515 4359 1640 4399 cum
1696 4360 1861 4415 vagas
1923 4344 2007 4399 di-

2126 1869 2493 1938 abriperetur,
2529 1878 2588 1922 ut
2616 1869 2668 1921 in
2700 1866 2961 1937 Epistolis
2990 1868 3057 1921 ad
3082 1868 3383 1922 Arcadium
3410 1869 3706 1938 imperato-

2126 1977 2241 2016 rem
2267 1963 2406 2017 datis
2433 1970 2544 2016 tam
2574 1975 2741 2031 penes
2769 1961 3024 2014 Allatium
3056 1960 3181 2025 265,
3211 1962 3307 2014 lib.
3326 1975 3393 2025 ιι,
3419 1970 3476 2015 ει
3503 1961 3601 2013 lib.
3628 1976 3703 2024 ιιι,

2124 2052 2287 2120 epist.
2320 2053 2445 2117 279,
2477 2067 2641 2121 quam
2672 2052 2815 2120 apud
2845 2051 3134 2105 Possinum
3164 2050 3324 2119 epist.
3351 2050 3461 2105 252
3491 2061 3548 2105 ει
3571 2050 3703 2116 255;

2124 2144 2257 2211 quin
2313 2143 2564 2198 Romano
2612 2142 2777 2213 634
2824 2143 3106 2211 episcopo,
3150 2143 3313 2197 Allat.
3363 2143 3530 2213 epist.
3576 2142 3707 2207 155,

2127 2234 2163 2287 l.
2200 2251 2260 2301 ιι,
2298 2235 2352 2289 in
2388 2251 2495 2305 qua
2524 2233 2791 2289 Novatum
2824 2250 2855 2288 a
2888 2249 2947 2288 se
2988 2250 3096 2288 non
3126 2235 3294 2307 recipi
3325 2237 3553 2293 nuntiat
3583 2238 3704 2308 (nisi

2127 2326 2289 2381 fuerit
2321 2327 2371 2380 id
2400 2342 2601 2380 nomen
2623 2326 2744 2396 ejus
2776 2326 3101 2399 proprium),
3133 2330 3333 2399 aliquis
3367 2331 3649 2400 (inquam)
3679 2345 3709 2385 e

2122 2415 2227 2469 Nili
2260 2416 2527 2470 studiosis
2554 2431 2619 2470 ex
2655 2415 2779 2471 istis
2811 2418 3070 2488 Epistolis
3111 2419 3435 2473 continuam
3468 2421 3625 2474 illam
3656 2421 3706 2473 in

2123 2507 2304 2577 capita
2336 2507 2439 2561 155
2465 2507 2780 2565 distinctam
2811 2510 3103 2581 compegit,
3135 2512 3364 2566 nomina
3395 2527 3619 2577 eorum,
3645 2512 3706 2566 ad

2124 2617 2266 2673 quos
2297 2601 2512 2658 fuerant
2538 2616 2793 2671 exarata,
2822 2608 3243 2675 praetermittens
3268 2626 3283 2661 :
3308 2618 3410 2673 aut
3433 2611 3708 2680 quispiam

2124 2697 2539 2766 exercitamenti
2571 2699 2746 2769 gratia
2794 2700 3089 2755 dissectam
3119 2702 3412 2770 epistolam
3454 2703 3613 2758 illam
3656 2706 3708 2758 in

2123 2789 2372 2846 diversas
2393 2791 2460 2845 ad
2487 2791 2737 2846 diversos
2764 2791 3061 2848 distribuit.
3088 2790 3247 2846 Volui
3271 2809 3405 2863 ergo
3432 2795 3707 2864 specimen

2123 2879 2345 2951 aliquod
2372 2881 2536 2951 hujus
2563 2882 2833 2949 misturse,
2874 2898 2973 2937 seu
3006 2883 3360 2939 dissectionis
3392 2885 3555 2950 dare,
3612 2903 3709 2957 gu-

2125 2983 2381 3042 stumque
2419 2972 2661 3041 praebere
2688 2988 2825 3028 meae
2862 2973 3210 3044 cogitationis
3244 2976 3462 3043 lectori,
3491 2978 3590 3047 qui
3616 2994 3705 3048 pro

2125 3062 2421 3117 acrimonia
2474 3063 2677 3133 ingenii
2733 3064 2817 3117 sui
2872 3062 3214 3119 discerneret
3264 3054 3534 3121 solertius
3586 3071 3703 3123 ista.

2046 3133 2090 3192 ο
2123 3152 2363 3209 Isidorus
2418 3155 2692 3211 Pelusiota
2750 3155 3059 3212 Theodosio
3115 3158 3443 3228 imperatori
3518 3164 3706 3215 scribit

2119 3246 2282 3314 epist.
2316 3245 2407 3310 55,
2442 3245 2533 3300 lib.
2570 3261 2609 3307 ι,
2649 3246 2713 3301 de
2750 3247 3105 3317 dispergendi;
3148 3248 3355 3317 opibus,
3389 3252 3561 3321 deque
3589 3253 3706 3305 abs-

2121 3339 2382 3406 tinentia,
2441 3349 2490 3391 et
2540 3340 2984 3411 mansuetudine;
3031 3340 3195 3409 epist.
3247 3350 3515 3409 praeterea
3580 3342 3701 3406 511,

2119 3434 2185 3483 de
2234 3430 2460 3484 concilio
2492 3430 2791 3500 Ephesino,
2846 3433 3073 3502 insuper
3124 3430 3332 3503 Cyrillo
3380 3434 3704 3503 patriarcha:

2114 3520 2505 3584 Alexandrino,
2554 3536 2649 3576 seu
2682 3522 2957 3592 episcopo,
2990 3522 3083 3576 lib.
3114 3536 3167 3584 ι,
3203 3523 3365 3590 epist.
3397 3522 3527 3588 525,
3578 3524 3698 3590 324,

2116 3612 2243 3669 570.
2273 3611 2412 3666 497;
2438 3622 2490 3666 ει
2511 3612 2609 3666 lib.
2635 3628 2695 3676 ιι,
2717 3613 2879 3682 epist.
2906 3612 3040 3677 127;
3064 3620 3119 3666 ει
3144 3614 3237 3666 lib.
3267 3627 3351 3679 ιιι,
3382 3614 3555 3682 epist.
3579 3616 3698 3670 506.

2112 3703 2226 3759 Νεε
2271 3703 2512 3759 Isidorus
2556 3703 2782 3765 titulos.
2826 3714 2921 3758 aut
2965 3703 3317 3773 praefationes
3366 3706 3700 3762 honoriticas

2114 3797 2223 3852 illis
2254 3796 2493 3852 exhibet.
2539 3795 2611 3849 Ea
2641 3805 2760 3852 erat
2791 3797 2883 3850 illo
2913 3798 3115 3851 sarculo
3146 3798 3359 3866 piorum
3398 3802 3700 3854 monarho-

2114 3902 2237 3940 rum
2270 3885 2627 3955 simplicitas,
2674 3902 2737 3940 ea
2794 3887 3151 3955 pontiﬁcum,
3201 3897 3255 3941 et
3301 3888 3697 3957 imperatorum

2116 3978 2440 4042 moderatio,
2467 3985 2522 4030 et
2550 3978 2771 4030 nomina
2802 3978 2941 4031 nuda
2965 3978 3214 4047 epistolis
3237 3984 3699 4049 praeponebantur

2112 4085 2266 4125 more
2298 4070 2565 4140 majorum
2594 4085 2661 4125 cx
2702 4068 3029 4140 Symmacho
3058 4071 3150 4125 lib.
3191 4087 3250 4135 ιι,
3286 4074 3453 4142 epist.
3486 4075 3575 4137 55,
3613 4076 3697 4129 ubi

2109 4159 2354 4215 Juretus.
2384 4161 2675 4231 Equidem,
2717 4162 2843 4216 dum
2883 4160 3132 4215 Romana
3166 4164 3483 4232 respublica
3542 4167 3695 4234 plena

2110 4254 2430 4324 integraque
2481 4255 2732 4309 libertate
2789 4255 2976 4310 fruens
3032 4254 3416 4311 elllorescebat
3446 4300 3463 4322 ,
3514 4260 3691 4327 ignoti

2113 4348 2332 4416 penitus
2362 4356 2520 4402 erant
2550 4348 2730 4412 tituli,
2784 4349 2879 4418 qui
2928 4364 3075 4403 nunc
3105 4349 3313 4419 passim
3358 4366 3695 4420 usurpamur

438 4449 788 4504 sparsasque,
836 4435 1083 4501 collatis,
1127 4442 1248 4489 utut
1284 4435 1490 4505 potuit,
1539 4434 1808 4491 Romanis
1848 4437 2005 4491 volu-
2036 4475 2080 4530 Β
2110 4439 2165 4493 in
2196 4440 2566 4504 sermonibus,
2593 4450 2757 4509 atque
2785 4442 3002 4506 litteris,
3031 4442 3168 4495 adeo
3202 4450 3263 4495 ut
3288 4458 3440 4510 sazpe
3478 4446 3691 4498 illorum

435 4528 700 4591 minibus,
742 4526 947 4582 fascem
980 4528 1035 4582 in
1072 4543 1243 4582 unum
1269 4529 1554 4598 coegisset,
1592 4526 1781 4583 Romae
1806 4527 2007 4584 Barbe-

435 4619 571 4673 rinis
624 4619 769 4690 typis
829 4618 1131 4688 publicavit
1185 4635 1332 4675 anno
1400 4618 1559 4673 1668.
1623 4618 1728 4674 Sed
1774 4637 1897 4674 cum
1951 4622 2006 4674 in

318 4764 333 4780 ,
435 4712 598 4782 epist.
646 4709 728 4779 60,
778 4710 875 4765 lib.
917 4726 983 4776 ιι,
1030 4710 1339 4777 Allatiana,
1377 4725 1499 4780 qua:
1540 4710 1857 4764 inscribitur
1896 4707 2006 4765 Ha-

435 4803 629 4858 driano
678 4801 987 4867 monacho,
1047 4801 1372 4871 reperissem
1421 4800 1590 4855 multa
1646 4799 1935 4871 desumpta
1975 4814 2008 4856 e

434 4896 613 4963 capite
664 4894 728 4947 17
780 4892 1071 4950 Tractatus
1124 4894 1191 4948 de
1240 4894 1544 4947 mouastica
1584 4893 2003 4958 exercitatione,

434 4983 737 5053 praesertim
781 4997 813 5037 e
863 4982 1092 5053 periodo
1145 4981 1459 5052 incipiente,
1486 4982 1550 5035 El
1591 4982 1700 5053 γὰρ
1732 4982 2008 5053 ἄνθρωποι

438 5074 725 5146 βάρϐαροι,
779 5084 907 5140 ειε.,
962 5074 1016 5129 id
1049 5082 1168 5139 est,
1226 5070 1285 5127 Si
1329 5074 1469 5127 enim
1506 5073 1739 5126 homines
1782 5072 2007 5125 Barbari

438 5172 604 5235 (sunt
642 5168 789 5221 enim
840 5168 956 5223 haec
986 5167 1163 5237 prima
1201 5165 1366 5219 verba
1405 5164 1598 5234 capitis
1628 5164 1873 5233 ejusdem
1910 5164 2006 5234 17)

437 5272 612 5326 ιιειιιιε
655 5258 722 5312 ad
772 5258 904 5322 haec,
952 5257 1033 5321 τίς
1071 5256 1282 5319 ἔπεισε,
1311 5258 1428 5326 quis
1474 5256 1782 5323 persuasit?
1816 5265 2004 5324 postea

435 5365 561 5402 cum
595 5347 917 5404 incidissem
947 5348 1003 5402 in
1035 5349 1198 5417 epist.
1234 5347 1303 5403 65
1327 5348 1402 5401 lib
1445 5363 1480 5401 ιι
1509 5346 1834 5400 Allatiauam
1864 5361 2004 5412 quo-

433 5456 538 5510 que
577 5441 837 5496 directam
883 5439 1172 5495 Theodoro
1209 5441 1479 5495 monacho
1532 5449 1588 5495 et
1632 5440 1773 5508 apud
1817 5438 2004 5494 Possi-

433 5548 563 5585 nnm
600 5532 727 5596 285,
766 5533 1082 5601 inscriptam
1116 5531 1424 5587 Theodosio
1455 5531 1764 5597 monacho,
1808 5531 2001 5599 agnovi

432 5638 553 5677 eam
582 5635 835 5680 constare
875 5634 1045 5679 totam
1074 5642 1138 5679 ex
1180 5634 1333 5694 parte
1370 5625 1562 5694 capitis
1604 5622 1674 5677 42
1711 5623 2001 5680 Tractatus

434 5711 696 5771 illiusmet
730 5715 797 5769 de
821 5717 1125 5773 monastica
1160 5718 1572 5784 exercitatione,
1604 5717 1692 5771 ubi
1727 5717 1827 5771 hoc
1863 5716 1996 5773 eila-

2106 4532 2480 4587 controversia
2520 4533 2745 4587 maximi
2778 4533 3039 4587 momenti
3073 4535 3427 4603 negotiorum
3474 4550 3687 4589 cursum

2109 4623 2437 4693 praepediat;
2494 4624 2712 4696 ignotus
2759 4640 2879 4679 mos
2924 4625 3229 4694 appellandi
3282 4641 3459 4679 unum
3503 4626 3687 4695 plurali

2109 4730 2343 4770 numero
2379 4732 2392 4767 :
2424 4715 2555 4784 quin
2580 4716 2713 4770 illud
2733 4716 2964 4771 eruditis
2979 4717 3150 4785 quaeri
3184 4730 3587 4783 consueverat,
3627 4734 3688 4770 an

2107 4807 2163 4861 iu
2195 4806 2427 4877 singulis
2457 4821 2677 4877 quoque
2706 4808 2887 4861 verbis
2922 4817 3108 4877 posset
3151 4808 3267 4863 lieri
3307 4810 3687 4875 SOICBCiSlIIUS,

2108 4908 2167 4952 ut
2198 4898 2244 4953 si
2275 4914 2445 4953 unum
2480 4900 2605 4968 quis
2654 4899 2722 4954 ad
2769 4915 2827 4954 se
2854 4915 3058 4955 vocans
3091 4898 3298 4955 diceret
3322 4941 3337 4960 ,
3377 4900 3593 4967 Venite,
3638 4912 3690 4954 ιιι

2108 4990 2368 5044 observat
2397 4988 2786 5056 Quintilianus,
2840 4990 2935 5045 lib.
2984 5008 3024 5045 ιι
3072 4991 3320 5047 lnstitut.
3366 5007 3576 5048 orator.
3625 4996 3689 5045 At

2107 5096 2254 5134 nunc
2293 5081 2549 5136 adulandi
2589 5082 2919 5136 lenocinium
2959 5098 3025 5136 eo
3073 5098 3248 5153 usque
3277 5087 3588 5153 processit,
3637 5097 3690 5137 ut

2104 5188 2289 5235 voces,
2319 5174 2519 5243 quibus
2547 5175 2842 5228 mentimur
2868 5174 3130 5240 dominis,
3172 5176 3303 5230 dum
3337 5177 3689 5247 singularita-

2107 5272 2215 5318 tem
2249 5264 2456 5319 honorc
2499 5265 2861 5320 multitudinis
2908 5267 3255 5329 decoramus,
3290 5268 3549 5323 omittere
3577 5270 3689 5336 pia-

2104 5356 2288 5411 culum
2318 5355 2569 5422 ducatur,
2611 5366 2664 5411 et
2691 5357 2905 5411 crimini
2936 5367 3202 5422 vertatur,
3248 5358 3530 5429 daturque
3553 5361 3688 5412 actin

2102 5463 2164 5502 ea
2208 5446 2277 5502 de
2309 5462 2399 5511 re;
2444 5447 2522 5501 uti
2562 5446 2798 5505 Joannes
2857 5448 3281 5506 Sarisberiensis
3336 5453 3689 5521 conqueritur

2103 5538 2156 5592 in
2178 5539 2539 5610 Polycratico,
2562 5541 2656 5595 lib.
2687 5558 2769 5605 ιιι,
2801 5557 2920 5611 cap.
2946 5543 3034 5609 10,
3056 5560 3154 5598 εειι
3185 5544 3260 5596 De
3284 5545 3443 5613 nugis
3471 5545 3685 5602 curinl.,

2102 5640 2153 5683 et
2188 5646 2347 5698 ptena
2379 5630 2644 5700 inﬂigitur
2682 5633 2787 5697 his,
2821 5636 2914 5703 qui
2945 5636 3296 5704 magistratus
3337 5653 3448 5691 non
3495 5654 3682 5707 prosc-

2100 5732 2344 5793 quuutur
2366 5723 2563 5779 debitis
2593 5725 2793 5792 titulis;
2820 5728 2963 5797 quod
2989 5738 3043 5785 et
3064 5727 3461 5787 observavitR.
3493 5728 3554 5783 P.
3577 5729 3683 5784 Ca:-
