3808 6226
116 359 292 422 1361

1376 361 1475 422 DE
1503 361 1884 426 OPERIBUS
1916 365 1977 425 S.
2026 364 2212 426 NILI.

3271 366 3409 435 1362

112 493 239 531 sar
282 474 539 537 Becillus,
564 472 800 530 Oratorii
831 475 1056 538 sodalis,
1084 475 1295 531 amicus
1324 492 1502 542 meus,
1523 486 1579 531 et
1600 492 1730 530 eru-
1759 484 1802 539 Α
1833 477 2019 546 lupum
2044 493 2139 546 pro
2174 483 2393 546 pastore
2425 474 2753 545 suscipiens,
2775 484 2831 531 et
2859 476 3133 535 daemonas
3156 478 3409 539 inimicos

110 567 324 631 ditus,
366 567 419 620 in
455 566 612 620 Notis
642 565 711 619 ad
753 565 926 620 Vitam
958 567 1131 621 sancti
1155 567 1274 621 Caii
1304 584 1479 637 papae.

203 658 410 713 Mirari
453 659 638 723 subit,
691 675 791 712 cur
829 675 894 713 ex
949 660 1176 728 epistola
1218 660 1286 713 ad
1321 658 1728 725 Telemachum,

111 766 274 819 qua!
309 766 418 805 una
453 760 569 812 est,
622 760 1049 820 numeraturque
1082 750 1188 805 159
1216 752 1358 818 apud
1407 750 1725 818 Possinum,

111 842 387 897 Allatius
415 851 526 896 tres
556 849 780 908 statuat,
825 857 1018 911 nempe
1044 842 1180 907 255,
1211 841 1339 907 256,
1371 843 1497 908 257,
1522 843 1616 897 lib.
1648 860 1726 910 ιιι,

111 949 199 988 ex
243 950 358 987 una
407 933 728 989 Possiniana
776 934 844 987 ad
891 932 1169 988 lulianum
1214 935 1542 989 monachum
1584 935 1724 1001 261,

110 1026 287 1080 duas
341 1026 644 1081 Allatianas
694 1027 1063 1095 comperimus
1109 1028 1204 1081 lib.
1263 1043 1348 1092 Ill,
1395 1026 1522 1093 229,
1579 1009 1755 1094 250,’

114 1128 298 1173 certe
337 1116 434 1173 251
467 1118 651 1173 Allatii
681 1126 765 1172 est
794 1118 1003 1189 integra
1035 1119 1142 1174 262
1170 1119 1422 1183 Possini;
1456 1119 1598 1175 sicut
1618 1120 1728 1175 252

114 1211 315 1264 Attat.
363 1218 450 1266 est
491 1224 651 1279 pura,
691 1218 821 1279 puta
866 1209 1189 1265 Possiniana
1229 1210 1355 1265 265.
1384 1209 1585 1267 Verum
1621 1212 1728 1266 264

118 1301 369 1358 Possini
422 1302 477 1359 in
512 1304 650 1358 duas
685 1302 869 1358 Allatii
904 1303 1010 1358 255
1030 1312 1085 1357 et
1111 1303 1218 1358 254
1240 1303 1413 1358 divisa
1438 1311 1522 1359 est
1544 1312 1598 1359 et
1620 1303 1727 1359 255

115 1395 337 1450 Allatii
370 1396 551 1464 explet
589 1395 692 1450 165
736 1395 989 1451 Possini?
1044 1395 1153 1449 Cur
1190 1411 1275 1458 ea,
1311 1411 1433 1466 quae
1465 1396 1542 1449 De
1573 1395 1724 1452 Naas

119 1482 169 1534 Α
184 1482 458 1535 mmonita
489 1480 754 1536 Israelitis
781 1483 1131 1536 comminante
1156 1500 1210 1537 se
1226 1484 1458 1553 ipsorum
1479 1485 1725 1539 dextrum

122 1575 364 1629 oculum
390 1575 726 1642 effossarum,
755 1591 876 1645 cap.
912 1575 982 1629 15
1008 1574 1296 1630 Tractatus
1322 1576 1391 1632 de
1423 1579 1724 1634 monastica

121 1663 545 1719 exercitatione
586 1664 793 1727 retulit,
827 1664 879 1718 in
924 1664 1083 1733 epist.
1124 1664 1249 1729 198,
1287 1666 1379 1719 lib.
1411 1683 1473 1732 ιι,
1514 1669 1578 1721 ad
1613 1667 1724 1721 Nn-

121 1756 393 1811 menium
424 1754 578 1810 Nilus
601 1756 796 1825 repetit
819 1756 959 1825 apud
982 1754 1261 1822 Allatittm,
1285 1766 1340 1811 et
1367 1758 1510 1827 apud
1537 1758 1722 1815 Possi-

123 1865 279 1904 num
314 1849 467 1905 504?
498 1847 639 1913 Quin
670 1848 774 1902 alia
805 1849 959 1917 plura
998 1865 1061 1903 ex
1091 1850 1372 1918 opusculis
1401 1849 1505 1904 Nili
1544 1862 1724 1908 trans-

124 1939 268 1993 fusa
316 1939 371 1993 in
422 1939 696 2009 Epistolas
736 1940 1105 2007 invenientur;
1152 1951 1247 1996 aut
1296 1944 1414 1997 vice
1452 1959 1608 1999 versa
1657 1959 1724 1999 ex

124 2032 413 2099 Epistolis
445 2032 664 2086 redacta
696 2032 749 2085 in
784 2032 1044 2100 capitula,
1065 2042 1118 2086 et
1140 2034 1457 2090 tractatibus
1482 2037 1726 2091 inserta?

125 2123 354 2178 Harum
385 2123 738 2189 divisionum,
768 2133 822 2178 et
845 2125 1249 2193 repetitionum,
1286 2137 1448 2195 atque
1474 2129 1726 2183 ταυτολο-

123 2216 274 2287 γίας
307 2231 506 2272 causas
542 2216 731 2270 rimari
763 2217 957 2286 poterit
986 2233 1174 2288 aequus
1205 2218 1395 2274 lector.

207 2306 383 2378 635
408 2305 626 2361 Interim
656 2307 950 2363 Anastasio
978 2308 1236 2378 episcopo
1264 2309 1470 2364 directa
1497 2313 1726 2382 cpistola

125 2396 203 2451 de
250 2406 448 2451 sancto
496 2394 706 2451 Joanne
754 2396 1182 2467 Chrysostomo,
1230 2399 1375 2454 edita
1424 2400 1615 2457 Latine
1671 2404 1725 2457 in

126 2487 483 2542 Bibliotheca
515 2487 741 2541 Patrum
774 2486 1032 2555 Coloniae,
1069 2497 1124 2544 et
1155 2492 1299 2560 apud
1328 2491 1547 2559 Zinum,
1580 2511 1609 2548 a
1639 2511 1725 2551 me

125 2578 247 2633 fuit
270 2577 662 2649 praetermissa,
693 2577 821 2647 quia
851 2587 1031 2633 exstat
1058 2578 1244 2635 Graaec
1271 2591 1325 2636 et
1346 2581 1538 2638 Latine
1561 2599 1725 2651 penes

129 2670 559 2735 Allatium,-lib.
609 2687 707 2735 ιιι,
740 2671 901 2741 epist.
946 2671 1073 2738 294,
1120 2682 1175 2727 et
1215 2674 1355 2742 apud
1398 2674 1723 2743 Possinum,

128 2762 309 2831 epist.
340 2760 467 2827 254,
507 2762 602 2832 qui
643 2765 1019 2834 presbyterum
1059 2773 1269 2819 tantum
1298 2766 1547 2820 nominat
1576 2772 1726 2823 Ana-

132 2853 379 2908 stasium
414 2853 601 2919 illum;
643 2853 929 2923 epistolam
961 2855 1127 2909 etiam
1161 2871 1269 2910 non
1317 2858 1725 2927 exprimendam

128 2946 291 3017 typis
320 2946 526 3013 curavi,
553 2945 698 3018 Πρὸς
725 2946 1024 3017 νεωτέρους
1047 2948 1335 3019 μοναχούς,
1375 2951 1442 3006 ad
1479 2951 1727 3021 juniorcs

130 3037 474 3101 monachos,
516 3036 632 3093 sive
668 3036 737 3091 ad
773 3036 1050 3107 juniorem
1099 3040 1427 3096 monachum
1453 3081 1470 3106 ,
1504 3043 1572 3097 de
1616 3059 1725 3113 qua

132 3127 403 3197 superius
449 3126 571 3197 egi;
620 3142 715 3182 seu
763 3128 1190 3198 institutionem,
1236 3146 1301 3186 ac
1352 3132 1723 3200 διδασκαλίαν,
1754 3160 1797 3218 C

132 3219 277 3288 quia
310 3217 516 3283 Graece,
542 3219 684 3275 sicut
708 3228 761 3274 et
790 3219 981 3275 Latine
1007 3220 1110 3275 fuit
1150 3236 1353 3277 excusa
1386 3238 1552 3293 penes
1580 3225 1729 3280 Alla-

136 3310 312 3373 tium,
341 3310 437 3365 lib.
465 3326 547 3373 ιιι,
585 3311 816 3379 epistola
860 3313 1000 3379 505;
1044 3321 1103 3367 at
1151 3312 1345 3370 Latine
1381 3316 1625 3373 Coloniae
1670 3318 1726 3372 in

137 3402 521 3473 suprascripta
570 3402 899 3456 Bibliotheca
927 3402 1158 3476 Patrum
1191 3413 1341 3460 tomo
1386 3406 1450 3474 V,
1476 3418 1619 3478 part.
1664 3426 1726 3473 ιι,

139 3509 273 3564 pag.
323 3491 466 3558 972;
511 3492 643 3562 quin
680 3501 736 3547 et
778 3493 921 3561 apud
957 3492 1151 3548 Zinum
1183 3494 1421 3552 Venetiis
1466 3498 1627 3563 1574,
1670 3501 1728 3555 in

138 3581 484 3639 Collectione
514 3580 751 3652 Operum
781 3581 911 3645 Nili,
961 3583 1056 3638 lib.
1107 3599 1182 3647 IV,
1211 3583 1394 3639 Allatii
1440 3587 1503 3640 61
1544 3587 1730 3660 Olym-

140 3677 382 3747 piodoro
425 3675 687 3745 cparcho,
732 3685 787 3730 et
834 3676 904 3729 62
952 3674 1243 3733 Heliodoro
1270 3678 1588 3735 Silentiario
1639 3682 1725 3737 di-

140 3777 314 3823 rectae
341 3769 396 3822 in
428 3768 666 3823 secunda
709 3766 926 3823 Nicaena
956 3769 1185 3839 synodo,
1222 3770 1433 3825 actione
1470 3773 1537 3837 4,
1588 3790 1727 3841 quas

142 3858 519 3915 indicaveram
552 3859 778 3929 praefato
801 3860 1018 3924 Allatio,
1051 3876 1173 3915 cum
1225 3862 1358 3916 mihi
1391 3862 1559 3920 libros
1604 3866 1729 3935 Epi-

142 3952 437 4014 stolarum,
460 3966 599 4019 quos
632 3952 782 4021 prelo
808 3952 1175 4016 commiserat,
1208 3960 1558 4020 ostentasset,
1584 3955 1728 4025 jam-

144 4057 257 4112 que
316 4044 383 4095 ad
421 4041 627 4095 calcem
669 4040 997 4109 perduxerat
1041 4057 1057 4093 :
1103 4042 1248 4096 unde
1290 4052 1567 4111 postremo
1608 4044 1728 4100 loco

142 4135 273 4191 illas
311 4136 513 4206 posuit,
547 4148 645 4188 nec
669 4141 849 4187 tamen
884 4133 1058 4188 ullum
1087 4133 1219 4186 mihi
1256 4135 1517 4203 persolvit
1551 4137 1727 4207 μήνυ-

144 4246 305 4298 τροι.
356 4227 413 4281 ln
464 4226 797 4280 Bibliotheca
838 4226 1053 4279 tandem
1093 4223 1316 4279 Patrum
1364 4225 1606 4283 Colonim
1656 4229 1730 4284 le-

146 4298 298 4389 gitur
337 4318 699 4387 fragmentum
742 4314 874 4379 Nili,
913 4315 982 4369 de
1030 4315 1195 4369 nimis
1243 4317 1498 4372 diuturna
1540 4319 1728 4388 praefe-

147 4421 325 4465 ctura.
359 4408 437 4463 En
473 4409 604 4463 illud
637 4426 651 4463 :
687 4426 706 4459 ‹
736 4407 981 4462 Tradunt
1016 4423 1200 4461 rerum
1252 4410 1585 4463 naturalium
1632 4412 1728 4466 ob-

1834 569 2119 624 adorans?
2147 568 2300 622 Vana
2347 570 2519 639 gloria
2564 578 2650 624 est
2695 571 2895 626 mentis
2928 571 3131 628 erroris
3170 573 3406 639 initium,

1833 674 1940 727 qua
1971 674 2127 714 mens
2156 659 2399 723 incitata,
2438 660 2492 715 id
2520 661 2664 730 quod
2693 660 2938 715 divinum
2971 672 3074 729 est,
3109 662 3302 720 formis
3352 675 3422 721 et:

1833 750 2023 819 ﬁguris
2049 749 2502 804 circumscribere
2529 758 2780 805 conatur.
2811 750 2892 804 Tu
2926 759 3106 806 autem
3156 769 3225 808 ne
3266 754 3409 811 hanc

1830 840 2050 910 quidem
2080 839 2325 896 fraudem
2358 843 2612 912 ignorare
2641 850 2891 912 oportet,
2947 846 3094 914 quod
3132 846 3407 903 daemones

1832 934 2044 1003 seipsos
2090 936 2147 989 in
2173 946 2416 1004 tempore
2447 935 2798 1005 impertiunt,
2840 943 2896 989 et
2944 936 2992 990 si
3037 937 3187 993 visus
3234 936 3406 994 fueris
3434 962 3499 988 το

1828 1024 2093 1078 auxilium
2122 1034 2327 1095 petere,
2360 1034 2489 1082 sunt
2531 1026 2788 1095 deinceps
2824 1026 2877 1078 in
2919 1027 3108 1096 tlguris
3141 1027 3406 1099 angelicis
3482 1028 3531 1091 ,’

1826 1114 2035 1169 innoxii
2078 1118 2284 1186 primos
2321 1117 2673 1187 cxpellentes,
2703 1127 2762 1172 ut
2804 1118 2874 1171 ab
2902 1117 3036 1187 ipsis
3073 1121 3362 1191 decipiaris
3384 1162 3404 1189 ,

1827 1216 2091 1276 tanquam
2142 1208 2246 1279 ipsi
2304 1210 2417 1265 sint
2462 1210 2639 1265 sancti
2689 1211 2903 1280 angeli,
2945 1213 3221 1269 daemones
3267 1229 3407 1269 non-

1826 1314 2107 1369 nunquam
2143 1301 2499 1370 cogitationes
2535 1313 2875 1373 suggerunt,
2925 1314 2983 1358 et
3009 1312 3064 1358 te
3094 1320 3287 1362 rursus
3315 1305 3407 1360 in-

1825 1391 1995 1445 citant
2025 1391 2092 1445 ad
2137 1390 2216 1447 eis
2252 1393 2392 1448 male
2428 1396 2761 1463 precandum
2785 1394 2868 1450 vel
2905 1395 2988 1450 eis
3024 1395 3407 1451 contradicen-

1825 1480 1979 1543 dum,
2011 1490 2066 1536 et
2086 1496 2185 1537 sua
2217 1491 2409 1552 sponte
2438 1484 2655 1550 cedunt,
2706 1493 2767 1539 ut
2787 1484 2995 1541 fallaris
3015 1487 3333 1542 existimans
3352 1494 3407 1542 te

1824 1574 2059 1643 cmpisse
2095 1575 2455 1645 cogitationes
2496 1577 2739 1643 vincere,
2768 1593 2831 1633 ac
2876 1588 3079 1633 terrere
3103 1580 3401 1646 daemonas.

1822 1660 1941 1716 Non
1963 1673 2174 1733 oportet
2194 1665 2502 1721 sacerdotes
2515 1666 2687 1735 juste,
2707 1667 2790 1721 vel
2821 1667 3020 1737 injuste
3033 1668 3300 1737 judicare,
3317 1668 3406 1723 vel

1823 1770 1919 1811 cos
1934 1756 2274 1822 examinare,
2293 1758 2453 1813 sedet
2474 1759 2519 1814 si
2538 1761 2661 1828 quis
2682 1759 2737 1814 in
2764 1759 2844 1816 eis
2867 1760 3089 1827 labitur,
3121 1774 3152 1813 a
3174 1759 3286 1813 Deo
3313 1759 3406 1830 juo

1824 1849 2119 1916 dieabitur,
2141 1859 2195 1905 et
2218 1862 2475 1921 arguetur
2490 1851 2545 1905 in
2564 1853 2689 1919 hoc,
2731 1862 2786 1907 et
2804 1853 2856 1907 in
2876 1851 3062 1907 futuro
3082 1853 3302 1917 saeculo,
3318 1853 3405 1906 Vel

1824 1955 1857 1995 a
1888 1943 2084 2011 majori
2114 1944 2412 1998 sacerdote.
2437 1942 2703 1999 Sacerdos
2730 1960 2840 1998 non
2861 1954 2962 2011 est,
2993 1945 3086 2013 qui
3105 1958 3203 2014 pro
3224 1958 3406 2000 sacer-

1824 2034 1957 2088 dotii
1985 2034 2246 2098 dignitate
2269 2050 2375 2089 non
2408 2036 2573 2091 vivit:
2596 2053 2701 2092 non
2726 2045 2939 2107 oportet
2962 2036 3158 2091 oﬂ'endi
3184 2045 3406 2105 propter

1825 2141 2005 2187 sacra,
2032 2142 2156 2196 quas
2192 2128 2536 2182 celebrantur
2565 2128 2635 2182 ab
2668 2128 2918 2198 improbo
2957 2128 3277 2191 sacerdote;
3307 2140 3404 2180 ea-

1825 2218 1948 2273 dem
1987 2227 2168 2272 autem
2203 2226 2287 2273 est
2309 2219 2536 2284 oblatio,
2570 2219 2673 2274 etsi
2714 2219 2913 2274 habeat
2936 2220 3107 2273 vitam
3132 2218 3405 2287 impuram

1825 2309 1874 2365 is
1906 2311 2001 2379 Qui
2042 2309 2221 2366 oli‘ert.
2254 2310 2420 2381 636
2453 2310 2724 2365 Audiendi
2767 2318 2896 2365 sunt
2947 2307 3297 2370 sacerdotes,
3351 2316 3407 2362 et

1826 2401 2097 2482 doctores,
2127 2400 2256 2455 dum
2296 2402 2514 2467 docent,
2532 2417 2600 2456 ex
2623 2401 2821 2456 divinis
2850 2400 3059 2456 scilicet
3081 2398 3403 2469 Scripturis,

1829 2497 1889 2543 ut
1922 2489 2033 2545 Deo
2061 2490 2262 2560 placet,
2313 2497 2369 2545 et
2408 2506 2518 2545 non
2565 2490 2867 2545 secundum
2899 2490 3152 2560 pr0prias
3188 2488 3405 2558 cupidi-

1829 2590 1983 2648 tates,
2019 2583 2098 2636 uti
2122 2582 2389 2652 scriptum
2422 2591 2539 2647 est;
2574 2592 2629 2636 et
2649 2597 2760 2637 non
2784 2581 3037 2652 judicare
3082 2582 3256 2650 ipsos,
3298 2579 3406 2636 etsi

1826 2674 2026 2728 malam
2058 2675 2225 2728 vitam
2261 2674 2497 2729 habeant
2525 2692 2539 2729 :
2569 2674 2709 2729 etin
2745 2674 2852 2729 ﬁde
2883 2674 2930 2729 si
2952 2675 3173 2744 quidem
3207 2673 3405 2727 laban-

1828 2771 1940 2826 tur,
1969 2771 2100 2818 tune
2122 2779 2232 2818 non
2260 2770 2479 2833 oportet
2500 2763 2742 2831 credere,
2761 2761 2857 2818 sed
2878 2778 2974 2817 eos
2996 2762 3161 2817 etiam
3191 2760 3402 2832 fugere,

1829 2869 1895 2907 ac
1921 2853 2196 2923 judicare.
2231 2855 2375 2909 Deus
2400 2855 2621 2926 quidem
2649 2870 2759 2909 non
2798 2868 2989 2908 omnes
3015 2854 3268 2915 ordinat.
3308 2852 3406 2909 sed

1827 2961 1926 3016 per
1958 2961 2153 3003 omnes
2204 2958 2500 3018 operatur,
2561 2956 2624 3004 ut
2675 2948 2916 3003 salvetur
2962 2946 3218 3017 p0pulus.
3263 2944 3405 2999 Dutn

1828 3049 2157 3095 assuescunt
2179 3036 2502 3096 sacerdotes
2531 3049 2908 3104 contemnere,
2958 3039 3132 3094 Deum
3183 3050 3407 3108 quoque

1828 3132 2234 3200 contemniunt,
2269 3142 2325 3187 et
2371 3133 2836 3203 quemadmodum
2884 3132 2943 3187 in
2983 3131 3231 3202 periculo
3275 3144 3405 3185 vcr-

1829 3235 2003 3289 satur,
2034 3224 2124 3279 cui
2168 3225 2469 3279 secundum
2500 3225 2767 3280 mundum
2817 3239 2919 3279 nec
2962 3223 3271 3288 exercitus,
3305 3235 3408 3277 nec

1827 3316 2064 3387 dignitas
2096 3317 2244 3386 regia
2274 3318 2574 3372 commissa
2608 3327 2712 3380 est,
2745 3317 2792 3372 si
2825 3332 2890 3373 ea
2925 3326 3052 3389 agat
3077 3332 3201 3387 quae
3223 3314 3290 3370 ad
3314 3329 3406 3370 re-

1826 3407 1973 3477 giam
2020 3408 2341 3477 dignitatem
2391 3409 2701 3479 pertinent;
2753 3409 2827 3464 ita
2866 3418 2920 3464 et
2964 3409 3080 3479 qui,
3108 3423 3232 3479 quae
3276 3415 3408 3462 sunt

1827 3513 2055 3552 munera
2085 3498 2383 3553 sacerdotii
2427 3500 2761 3570 aggreditur,
2813 3499 3028 3554 etiamsi
3059 3500 3309 3554 videatur
3336 3497 3407 3554 iis

1827 3589 1988 3659 longe
2022 3592 2381 3659 sapientiorn
2408 3592 2485 3645 Ita
2514 3589 2768 3662 Pelagius
2795 3591 2862 3646 ad
2888 3607 3089 3647 annum
3124 3607 3156 3646 a
3185 3589 3406 3645 Cltristo

1827 3691 1957 3732 nato
1996 3679 2102 3734 555
2153 3680 2557 3749 interpretatus
2583 3690 2669 3735 est
2700 3679 2946 3735 Graecum
2992 3688 3275 3735 auctorem
3317 3678 3407 3732 in-

1826 3778 2062 3834 certum,
2098 3784 2262 3838 quem
2283 3769 2514 3824 inseruit
2545 3768 2881 3839 Rosweydus
2904 3770 3042 3823 libro
3071 3769 3263 3839 quinto
3295 3766 3402 3822 Vit.

1828 3858 2075 3913 Patrum.
2110 3859 2157 3913 Is
2197 3859 2376 3913 libello
2408 3859 2465 3921 2,
2501 3858 2528 3930 §
2569 3859 2655 3923 11,
2688 3860 2804 3913 haec
2830 3859 2925 3913 ait.
2964 3879 2984 3910 ι
3032 3858 3178 3911 Dixit
3233 3857 3404 3913 abbas

1824 3946 1980 4002 Nilus
2011 3966 2025 4002 :
2064 3946 2492 4018 Imperfurabilis
2522 3956 2700 4002 manet
2742 3965 2774 4001 a
2809 3948 3023 4018 sagittis
3052 3946 3282 4013 inimici,
3312 3948 3405 4016 qui

1827 4050 1974 4094 amat
2004 4043 2231 4111 quietem
2258 4058 2273 4107 ;
2307 4042 2397 4111 qui
2427 4052 2602 4094 autem
2627 4042 2875 4094 miscetur
2905 4040 3259 4107 multitudini,
3290 4055 3405 4093 cre-

1830 4134 1927 4188 bra
1962 4137 2183 4204 suscipit
2215 4137 2455 4191 vulnera.
2495 4156 2515 4189 »
2554 4135 2687 4202 Quae
2720 4134 2895 4190 sancti
2941 4134 3047 4189 Nili
3100 4135 3405 4205 fragmenta

1829 4228 1951 4282 istis
1983 4242 2174 4297 sparsa
2204 4228 2259 4282 in
2294 4228 2598 4297 opusculis,
2630 4243 2891 4297 expressa
2919 4236 3100 4281 tamen
3129 4227 3253 4282 aliis
3285 4242 3407 4282 ver-

1828 4323 1932 4386 bis,
1952 4331 2007 4377 ct
2031 4322 2113 4376 vel
2135 4320 2366 4377 forsitan
2388 4337 2454 4377 ex
2484 4321 2628 4385 aliis,
2655 4335 2777 4389 quae
2804 4328 2897 4373 aut
2930 4328 3235 4388 temporum
3264 4318 3409 4388 inju-

1830 4413 1912 4467 ria
1944 4413 2361 4475 interciderunt,
2391 4411 2506 4466 sive
2536 4410 2759 4463 latitant
2786 4409 2999 4473 adhuc,
3026 4409 3408 4478 luctanturque

147 4512 460 4558 serVatores
482 4517 671 4573 gruem
698 4501 919 4571 triginta
938 4500 1054 4554 dies
1075 4501 1255 4553 avium
1283 4516 1477 4571 agmen
1502 4503 1720 4568 ducere,
1752 4503 1802 4562 D
1827 4521 1952 4561 cum
1986 4505 2178 4568 tineis,
2214 4512 2269 4559 et
2295 4502 2511 4563 blattis:
2543 4510 2598 4557 et
2619 4507 2905 4571 emcrgent
2941 4499 3236 4569 aliquando
3281 4507 3406 4554 tan-

148 4593 347 4648 deinde
390 4593 546 4646 alteri
580 4590 700 4661 grui
745 4606 946 4645 munus
988 4590 1129 4644 idem
1162 4591 1375 4644 tradere
1406 4609 1420 4644 :
1455 4594 1548 4663 qui
1584 4610 1731 4650 nunc

150 4684 297 4754 gregi
328 4695 421 4737 tuo
452 4690 647 4752 prreest
677 4682 1021 4744 ambitiosus,
1045 4684 1452 4751 itnperandique
1474 4685 1726 4753 cupidus,

148 4783 209 4827 ut
244 4775 425 4838 audio,
451 4774 665 4842 expleto
688 4773 755 4825 de
791 4787 945 4826 more
973 4771 1085 4840 jam
1125 4788 1270 4826 anno
1302 4774 1586 4827 ministerii
1615 4775 1725 4835 sui,

151 4882 260 4919 non
292 4866 576 4936 permittit,
619 4875 677 4918 ut
705 4865 847 4918 alius
886 4864 1107 4933 regendi
1154 4881 1375 4928 munus,
1428 4881 1728 4934 curamque

152 4957 436 5026 suscipiat.
486 4958 553 5010 Et
592 4956 724 5027 quid
761 4955 1008 5009 dicemus
1046 4955 1114 5008 ad
1161 4955 1306 5009 hoc?
1358 4974 1377 5006 ι
1438 4954 1630 5011 Exstat
1676 4967 1731 5011 et

155 5051 296 5118 apud
354 5038 586 5113 linum",
639 5064 763 5118 pag.
806 5046 942 5112 MO;
992 5047 1085 5102 sed
1134 5047 1238 5101 hoc
1272 5046 1631 5117 fragmentum
1663 5049 1730 5103 de

153 5141 490 5212 praefectura:
506 5142 742 5205 vicibus,
767 5156 864 5197 seu
885 5140 1245 5195 canonarchae
1266 5156 1493 5196 munere
1523 5157 1726 5205 annuo,

156 5235 382 5303 cpistola
416 5245 501 5290 est
539 5233 753 5289 Possini
789 5233 856 5287 ad
894 5232 1268 5303 Aphthonium
1305 5232 1596 5288 diaconum
1626 5234 1731 5289 555

157 5337 210 5379 ct
238 5328 337 5382 241
372 5328 469 5384 lib.
502 5344 562 5383 ιιι
592 5327 796 5393 Allatii,
838 5327 933 5398 qui
982 5342 1106 5382 cum
1158 5325 1532 5396 inscripsisset
1577 5327 1728 5382 illam

159 5418 469 5487 Aphthonio
496 5420 909 5491 καθηγουμένῳ,
971 5436 1067 5475 seu
1122 5420 1326 5487 abbati,
1380 5422 1521 5476 male
1559 5422 1723 5477 vertit

160 5515 606 5569 catcchumenum
657 5513 894 5568 Latine:
929 5513 1073 5568 sicut
1119 5514 1408 5584 utrobique
1462 5514 1733 5584 fragmen-

163 5609 272 5655 tum
303 5620 333 5658 e
375 5607 615 5675 quodam
666 5612 900 5660 tractatu
945 5606 1268 5674 paratnetico
1313 5604 1424 5675 (uti
1468 5614 1553 5660 est
1586 5607 1730 5661 veri-

164 5692 372 5763 simile)
433 5695 582 5750 hisce
642 5695 826 5750 verbis
872 5712 943 5750 :t
995 5693 1253 5764 Nunquid
1312 5696 1588 5767 Angelos,
1645 5697 1729 5752 vel

166 5780 481 5849 Potestates.
514 5787 597 5844 vel
626 5785 909 5843 Christum
960 5787 1291 5843 sensibiliter
1326 5788 1510 5845 videre
1550 5798 1724 5859 potes,

1830 4612 1995 4665 quam
2025 4611 2055 4650 e
2087 4594 2372 4665 naufragio
2420 4592 2642 4661 reliqua:
2673 4592 2872 4644 tabula
2920 4589 3063 4644 bono
3100 4604 3224 4643 cum
3270 4587 3405 4650 Deo,

1831 4687 1876 4741 si
1910 4687 2035 4756 quis
2062 4686 2299 4740 scrutari
2335 4684 2480 4749 velit,
2536 4698 2601 4737 ac
2632 4681 2996 4751 investigare,
3044 4694 3149 4733 non
3189 4678 3407 4749 ambigo

1830 4779 1961 4848 quin
2033 4779 2368 4848 comperiat,
2420 4785 2517 4830 aut
2585 4776 2776 4829 saltem
2823 4788 3069 4828 sensum.
3132 4770 3189 4825 In
3230 4772 3409 4841 capite

1832 4870 2080 4939 profecto
2115 4870 2185 4923 55
2209 4910 2223 4935 ,
2275 4869 2343 4923 ad
2379 4866 2689 4936 Eulogium,
2724 4866 2793 4920 dc
2826 4864 3110 4919 fraudibus
3144 4863 3407 4917 insidian-

1832 4962 1965 5015 tium
2006 4961 2234 5017 subdole
2276 4960 2622 5029 maligneque
2678 4961 2985 5012 daamonum
3018 4957 3199 5024 aliqua
3232 4956 3408 5025 persi-

1830 5054 1977 5109 niilia
2004 5062 2314 5109 occurrent.
2334 5052 2623 5105 Baltbazar
2638 5048 2934 5105 Cordcrius
2958 5050 3234 5105 societatis
3252 5046 3403 5113 Jcsu,

1829 5156 2079 5202 catenam
2139 5145 2209 5199 65
2277 5144 2503 5197 Patrum
2557 5142 2869 5198 Graecorum
2918 5140 2976 5195 in
3052 5140 3405 5210 Evangelium

1830 5235 2005 5293 sancti
2032 5233 2193 5288 Lucae
2220 5241 2556 5298 contextam,
2595 5238 2651 5285 et
2688 5230 2954 5284 latinitate
2981 5228 3241 5284 donatam
3271 5229 3408 5285 emi-

1832 5330 1903 5384 sit
1940 5328 1995 5382 in
2029 5328 2203 5380 lucem
2235 5344 2249 5379 :
2283 5325 2385 5379 hos
2416 5322 2559 5377 inter
2579 5320 2684 5375 Nili
2717 5330 2847 5377 sunt
2871 5320 3175 5390 fragmenta
3197 5334 3318 5391 cap.
3346 5319 3404 5385 4,

1831 5438 1986 5479 num.
2032 5420 2137 5485 25,
2192 5419 2265 5473 De
2296 5417 2472 5472 Achab
2519 5425 2569 5472 et
2612 5415 2831 5481 Elisaao,
2868 5428 2993 5485 pag.
3024 5412 3155 5479 l52;
3186 5427 3308 5483 cap.
3347 5413 3405 5477 5,

1834 5530 1987 5569 num.
2024 5511 2092 5568 18
2122 5512 2199 5565 De
2222 5528 2358 5565 vana
2381 5509 2571 5581 gloria,
2603 5518 2652 5562 et
2678 5508 2849 5578 lepra,
2876 5522 2997 5577 pag.
3028 5504 3161 5572 160;
3194 5520 3316 5575 cap.
3349 5504 3404 5571 7,

1833 5621 1984 5660 num.
2038 5604 2126 5669 10,
2176 5603 2250 5656 De
2288 5618 2404 5657 voce
2454 5600 2508 5654 in
2556 5600 2760 5665 Rama,
2830 5600 2997 5668 deque
3034 5598 3147 5667 ﬁlio
3191 5598 3400 5659 vidum,

1833 5712 1955 5765 pag.
2008 5695 2144 5760 209;
2179 5710 2301 5765 cap.
2346 5695 2409 5757 9,
2457 5709 2609 5747 num.
2646 5692 2746 5756 56,
2792 5689 2869 5744 De
2900 5692 2951 5743 vi
2985 5690 3402 5753 consuetudinis,

1835 5790 1996 5843 deaue
2024 5789 2257 5858 ingressu
2292 5785 2487 5857 templi,
2514 5798 2561 5841 et
2586 5802 2847 5858 regressu,
2868 5799 2989 5857 pag.
3008 5782 3143 5849 256;
3172 5798 3288 5854 cap.
3316 5781 3404 5846 t8,
