3808 6226
402 351 539 418 1363

1316 347 1464 408 JOS.
1504 345 1771 406 MARL‘E
1794 339 2164 409 'SUARESII
2203 338 2709 401 DISSERTATIO

3549 336 3690 402 1361

397 472 491 535 18,
526 480 718 523 rursus
746 464 820 520 De
849 480 986 521 vana
1011 463 1203 536 gloria,
1241 477 1364 533 pag.
1398 462 1538 529 4‘59;
1574 460 1649 516 De
1680 460 1976 524 Bethania,
2010 464 2055 521 Α
2085 456 2268 511 vitatis
2327 470 2436 510 non
2492 454 2629 509 adeo
2680 460 2967 518 accurata,
3018 459 3073 506 et
3120 451 3286 506 anxia
3315 491 3332 514 ,
3385 452 3689 523 verbisque

397 578 522 633 cap.
573 561 674 625 19,
713 574 867 613 num.
907 557 1012 623 48,
1062 571 1183 626 pag.
1214 556 1354 620 492;
1404 555 1641 623 denique
1682 552 1765 607 De
1800 568 1982 606 resur-

400 657 654 719 rectione,
692 669 811 723 cap.
839 652 931 718 20,
967 666 1122 705 num.
1157 649 1264 711 22,
1299 664 1419 720 pag.
1451 648 1578 703 509.
1627 646 1846 701 Nicetes
1874 643 1981 700 He-

401 747 599 801 racleae
622 743 995 811 metropolites
1017 741 1069 794 in
1093 737 1291 794 Jobum
1320 746 1571 793 catenam
1596 735 1789 798 texuit,
1817 748 1982 803 quam

401 835 603 893 Junius
648 835 920 892 Patricius
956 848 988 889 e
1031 830 1363 888 bibliotheca
1408 827 1699 884 Bodleiana
1750 823 1984 880 Londini

402 931 635 1002 protulit
658 930 797 1001 typis
825 941 971 982 anno
1005 925 1165 980 1657.
1196 923 1278 978 An
1312 922 1403 977 ille
1436 919 1628 985 David,
1659 916 1752 988 qui
1790 917 1857 971 ad
1887 930 1987 969 an-

404 1038 539 1077 num
578 1020 682 1077 858
714 1018 941 1075 ﬂoruit?
981 1015 1414 1084 Manuscriptum
1468 1010 1716 1067 codicem
1772 1007 1988 1063 Thecla:

405 1114 639 1171 illustris
673 1113 891 1168 femina:
925 1108 1195 1181 IEgyptiaa
1237 1117 1292 1163 et
1320 1106 1542 1171 nobilis,
1570 1104 1718 1159 circa
1745 1112 1988 1171 tempora

405 1206 613 1263 Nicaeni
641 1204 882 1271 concilii,
910 1204 991 1258 uti
1028 1201 1273 1271 jactabat
1302 1194 1849 1270 pseudo-patriarcha
1880 1192 1989 1265 Cy-

406 1299 569 1354 rillns
596 1292 1224 1364 Constantinopolitanae
1250 1290 1519 1347 incubans
1552 1287 1692 1354 sedi,
1733 1284 1989 1348 viventis,

408 1405 596 1447 secum
636 1389 728 1444 ille
753 1386 1085 1443 Alexandria
1117 1386 1432 1449 devexerat,
1466 1391 1521 1439 et
1550 1382 1619 1437 ad
1657 1395 1841 1453 regem
1875 1378 1990 1434 Ma-

408 1498 532 1554 gnae
564 1480 859 1536 Britanniae
885 1479 1132 1534 miserat.
1160 1477 1271 1549 Ego
1306 1489 1586 1531 censerem
1619 1473 1766 1528 illam
1798 1470 1990 1536 fuisse,

409 1576 478 1630 ad
510 1588 677 1645 quam
719 1572 911 1628 scribit
950 1580 1175 1628 sanctus
1221 1569 1523 1640 Gregorius
1567 1565 1950 1621 Nazianzenus
1976 1601 1991 1629 ,

409 1666 671 1736 epistolas
702 1664 829 1731 200,
869 1662 971 1718 201
1009 1672 1064 1719 et
1094 1662 1224 1717 202.
1270 1661 1490 1717 Nicctas
1518 1661 1819 1732 (inquam)
1860 1658 1993 1713 inibi

410 1755 717 1827 desumpsit
738 1770 769 1811 e
786 1753 912 1809 Nilo
944 1768 1067 1825 pag.
1092 1752 1162 1809 55
1187 1762 1241 1808 et
1274 1751 1363 1819 54,
1387 1767 1475 1817 ea,
1502 1766 1625 1822 quae
1647 1752 1714 1805 de
1741 1749 1993 1818 Jorepho,

2085 550 2370 605 adlnerens
2401 546 2609 611 citatio,
2650 554 2713 600 ut
2736 544 2867 601 olim
2898 544 2964 598 ad
3010 544 3453 599 illustrissimum
3498 548 3689 617 Augu-

2086 642 2294 696 stinum
2332 639 2651 695 Favoritum
2692 638 3026 693 scribebam:
3064 638 3240 692 virum
3270 639 3686 692 ambidextrum

2088 749 2272 805 prosa,
2295 746 2565 803 versaque
2583 731 2856 786 oratione.
2891 729 3139 801 Suntque
3162 749 3269 802 μνη
3280 731 3487 802 μοντκὰ
3513 733 3690 803 ἀμαρ-

2087 830 2328 899 τήματα,
2360 826 2524 897 quasi
2570 825 2707 880 natavi
2728 866 2745 893 ,
2779 824 2873 894 qui
2905 824 3111 879 lumina
3144 825 3403 879 videntur
3436 824 3693 895 quando-

2089 935 2225 990 que,
2260 928 2424 989 atque
2471 918 2765 981 delectant,
2797 917 2877 973 uti
2907 916 3101 973 Cicero
3132 917 3227 973 lib.
3268 934 3309 981 ι,
3365 917 3445 972 De
3492 928 3692 971 natura

2090 1014 2306 1067 deorum
2344 1012 2623 1079 observat,
2674 1025 2796 1082 cap.
2827 1009 2935 1078 79,
2987 1019 3248 1082 tanquam
3288 1020 3633 1067 ornamenta
3664 1025 3695 1065 ο

2091 1105 2289 1171 Gellio,
2321 1120 2443 1175 cap.
2472 1106 2525 1172 1,
2554 1105 2652 1159 lib.
2683 1119 2783 1159 χιι.
3264 1148 3269 1153 ,
3298 1158 3311 1165 ,

2167 1196 2237 1251 Se
2266 1197 2494 1265 insuper
2542 1195 2834 1264 scripsisse
2882 1192 3083 1248 librum
3128 1193 3265 1262 Περὶ
3308 1191 3695 1259 κατανύξεως,

2094 1287 2148 1343 id
2182 1298 2287 1353 est,
2330 1288 2408 1342 De
2443 1288 2869 1357 compunctione,
2905 1301 3000 1341 seu
3030 1287 3350 1341 contritione
3377 1285 3548 1342 Nilus
3578 1288 3695 1356 ipse

2094 1390 2327 1437 testatur
2355 1377 2409 1435 iii
2436 1381 2664 1450 epistola
2692 1382 2778 1445 11,
2809 1380 2905 1434 lib.
2952 1395 3013 1435 ιιι
3056 1379 3245 1445 Allat.,
3291 1379 3363 1433 ad
3392 1378 3697 1450 Polychro-

2096 1476 2250 1530 nium
2280 1474 2598 1536 diaconum,
2645 1473 2715 1528 ad
2743 1488 3005 1544 eumque,
3046 1474 3179 1543 quin
3216 1472 3283 1527 ad
3326 1487 3422 1528 eos
3471 1487 3696 1543 quoque

2096 1568 2193 1638 qui
2244 1582 2369 1623 cum
2414 1567 2539 1637 ipso
2586 1565 2983 1633 morabantur,
3030 1564 3299 1630 aﬂirmat,
3354 1565 3697 1634 illorumque

2096 1660 2353 1732 precibus
2386 1675 2509 1716 sese
2534 1661 2927 1716 commendat:
2957 1658 3154 1714 nullibi
3177 1671 3330 1727 [vero
3367 1657 3544 1727 hujus
3572 1656 3697 1714 libri

2099 1753 2207 1809 alia
2241 1753 2446 1808 mentio
2474 1761 2674 1807 exstat.

411 1850 576 1920 deque
610 1848 897 1903 mutatione
928 1848 986 1901 in
1013 1861 1134 1915 cap.
1165 1844 1237 1900 42
1266 1847 1335 1898 ad
1371 1844 1624 1914 Magnam
1648 1842 1870 1897 brevius
1893 1857 2001 1897 ex-
2029 1834 2073 1891 Β
2174 1844 2363 1900 Sancti
2404 1845 2508 1899 Nili
2550 1842 2961 1900 Commentaria
3003 1842 3060 1898 in
3102 1841 3398 1899 Canticum
3445 1843 3699 1897 cantico-

413 1950 599 2008 atant',
633 1940 777 1996 idem
806 1953 839 1995 e
868 1953 991 2010 cap.
1021 1938 1113 2002 29,
1150 1937 1318 1994 etiam
1356 1936 1428 1991 De
1458 1936 1761 1989 monastica
1790 1935 1999 1989 exerci-

417 2032 615 2086 tatione
646 2040 933 2087 mutuatus
967 2038 1049 2085 est
1078 2042 1143 2084 ea
1177 2042 1299 2098 qua:
1345 2027 1600 2096 leguntur
1634 2040 1762 2098 pag.
1805 2025 1910 2081 588
1945 2032 2001 2081 et

414 2124 543 2187 590,
575 2124 643 2179 de
670 2122 920 2191 Lucifero
949 2122 1199 2188 dracone,
1235 2119 1399 2191 deque
1424 2119 1716 2188 aspidibus,
1753 2134 1844 2172 seu
1880 2133 2000 2172 scu-

416 2220 526 2283 tis;
572 2226 628 2274 et
684 2232 717 2272 e
767 2231 889 2285 cap.
950 2214 1041 2279 62,
1087 2228 1211 2284 quae
1258 2212 1321 2267 de
1360 2212 1511 2266 asino
1563 2211 1791 2266 silvestri
1834 2210 1999 2282 637

413 2326 539 2382 pag.
573 2309 708 2375 557;
742 2319 798 2363 at
829 2322 861 2363 e
898 2321 1020 2376 cap.
1057 2305 1148 2371 49,
1174 2321 1299 2376 quae
1346 2308 1410 2358 de
1442 2304 1614 2373 scirpo
1641 2344 1656 2371 ,
1690 2313 1743 2357 et
1788 2304 1959 2357 carice
1982 2340 1997 2367 ,

413 2418 540 2475 pag.
579 2402 682 2457 144
707 2409 761 2455 et
787 2400 926 2468 200;
963 2399 1110 2455 sicut
1138 2406 1192 2453 et
1224 2397 1287 2451 de
1323 2397 1520 2451 semine
1548 2395 2003 2466 Babylonico,e.r-

418 2494 781 2558 terminando,
811 2493 968 2564 juxta
1015 2507 1068 2548 c.
1099 2507 1130 2547 ι.
1154 2532 1169 2559 ,
1211 2506 1263 2545 v.
1297 2488 1365 2545 16
1394 2487 1667 2554 Jeremiae,
1698 2503 1823 2558 pag.
1847 2486 1952 2542 476
1984 2505 1998 2542 :

416 2589 563 2644 sicut
589 2598 637 2642 et
674 2587 737 2641 de
775 2585 1014 2651 brachio,
1048 2582 1214 2654 deque
1240 2598 1430 2635 manus
1461 2580 1645 2635 osculo
1673 2595 1704 2636 e
1737 2578 1999 2643 Levitico,

416 2683 511 2739 ubi
544 2682 701 2737 locus
728 2679 892 2743 paulo
925 2678 1082 2733 aliter
1125 2675 1348 2747 legitur,
1391 2673 1575 2729 videre
1617 2673 1742 2728 licet
1782 2687 1904 2743 cap.
1934 2672 2003 2726 14

417 2774 498 2828 De
530 2771 823 2826 monastica
869 2767 1284 2833 exercitatione,
1339 2776 1393 2822 et
1441 2765 1513 2820 65
1538 2775 1594 2821 et
1621 2765 1711 2831 66,
1756 2781 1877 2837 quae
1928 2764 2004 2818 De

417 2866 550 2921 duce
589 2874 637 2919 et
685 2864 1028 2932 imperatore,
1082 2874 1205 2930 pag.
1238 2856 1362 2913 585.
1413 2858 1745 2915 Anastasius
1792 2856 2003 2911 Sinaita

419 2960 713 3028 cpiscopus
766 2953 1143 3009 Antiochenus
1198 2950 1397 3005 ﬂorens
1453 2965 1600 3004 anno
1656 2949 1792 3015 544,
1844 2949 2003 3019 cujus

420 3063 589 3119 opera
635 3046 823 3101 Graece
860 3044 1161 3113 Latineque
1217 3041 1512 3097 Gretserus
1536 3041 1726 3096 edidit.
1766 3041 1819 3095 in
1847 3041 2006 3106 Quaa-

420 3140 702 3205 stionibus,
737 3136 906 3193 refert
934 3151 964 3192 e
983 3135 1109 3190 Nilo
1138 3134 1411 3190 monacho
1437 3134 1503 3187 ad
1542 3132 1838 3204 Agathium
1887 3147 2005 3186 mo-

2098 1952 2247 2003 rum,
2304 1938 2434 1993 item
2481 1935 2731 2007 Gregorii
2771 1935 3006 2004 stseni
3034 1975 3050 1998 ,
3095 1943 3150 1990 et
3196 1936 3377 1991 sancti
3424 1935 3653 1989 Maximi
3680 1974 3697 1996 ,

2099 2044 2198 2086 seu
2241 2028 2557 2102 Ἒρμηνεία,
2604 2029 2658 2085 id
2684 2039 2789 2095 est,
2835 2028 3201 2097 interpretatio
3240 2027 3700 2098 paraphrastica,

2101 2138 2226 2179 cum
2263 2122 2425 2178 Pselli
2456 2122 2697 2194 Στίχοιςχ
2715 2121 3015 2186 πολιτικοῖς
3062 2122 3437 2193 ἐξηγητικοῖς.
3461 2121 3703 2176 Exstant

2101 2218 2246 2272 edita
2289 2218 2518 2274 Parisiis
2560 2216 2749 2273 Graece
2803 2232 2870 2272 ac
2894 2216 3107 2283 Latine,
3135 2226 3268 2270 tom.
3299 2215 3343 2270 ll
3388 2214 3565 2288 638
3601 2213 3701 2269 Bi-

2103 2310 2376 2364 bliotheca:
2437 2308 2667 2363 Patrum
2709 2307 3271 2374 Graeco-Latinorum,
3325 2323 3478 2363 anno
3522 2307 3701 2372 1624,

2102 2412 2259 2459 eruta
2295 2418 2327 2458 e
2364 2402 2656 2469 Vaticana,
2710 2402 3009 2459 Francisco
3042 2400 3181 2457 Zino
3219 2401 3564 2472 interprete;
3604 2402 3702 2457 sed

2105 2495 2403 2552 internosci
2466 2510 2576 2550 non
2633 2504 2815 2567 potest
2868 2494 3002 2567 quid
3053 2494 3321 2565 cujusque
3372 2494 3446 2550 sit
3499 2494 3700 2549 horum

2104 2588 2271 2642 trium
2311 2587 2558 2643 Patrum.
2591 2586 2736 2643 Sunt
2771 2596 2955 2643 autem
2986 2588 3192 2659 politici
3228 2586 3557 2642 Graecorum
3583 2602 3705 2641 ver-

2105 2695 2222 2745 sus,
2264 2679 2356 2749 qui
2405 2679 2738 2751 syllabarum
2776 2694 3041 2743 numero,
3090 2695 3199 2734 non
3248 2688 3567 2749 temporum
3616 2693 3705 2732 ra-

2106 2773 2254 2827 tione
2276 2782 2550 2838 constant,
2565 2773 2699 2826 nihil
2715 2771 2884 2837 aliud,
2901 2786 3063 2842 qnam
3082 2771 3396 2842 rhythmus,
3413 2788 3445 2827 e
3463 2771 3704 2843 Josepbo

2108 2864 2385 2934 Scaligero
2411 2866 2463 2918 in
2490 2863 2694 2919 Euseb.
2725 2864 2972 2920 Chronic.
3000 2879 3126 2934 pag.
3163 2864 3217 2918 7.
3246 2862 3494 2920 Joannes
3524 2865 3703 2921 Henr-

2107 2956 2223 3012 sius
2275 2955 2517 3025 Lugduni
2560 2954 2890 3009 Batavorum
2932 2954 3136 3024 publici
3175 2955 3319 3025 juris
3363 2954 3498 3010 fecit
3541 2972 3701 3027 super

2109 3048 2242 3102 illud
2266 3048 2555 3102 Canticum
2587 3046 3030 3101 Commentarios
3059 3044 3301 3111 Eusebii,
3323 3045 3699 3119 Polychronii,

2109 3152 2165 3195 et
2204 3140 2386 3207 Pselli,
2418 3156 2563 3195 anno
2610 3140 2770 3195 1617.
2820 3140 3123 3211 Precopius
3169 3138 3401 3195 Gazazus
3454 3142 3699 3211 sophista

420 3234 683 3298 nachum,
718 3230 979 3286 editionis
1008 3226 1462 3298 lng’olstadiensis
1494 3241 1616 3296 pag.
1651 3224 1741 3289 '25,
1779 3224 1856 3279 De
1885 3240 2008 3279 οτα-
2035 3202 2081 3263 c
2110 3231 2483 3297 Christianus,
2538 3245 2702 3300 quem
2753 3231 2935 3300 arguit
2994 3230 3469 3286 eminentissimus
3525 3202 3703 3302 atque

424 3327 565 3381 tione
600 3325 659 3380 in
709 3326 853 3379 omni
904 3323 1019 3378 loco
1069 3322 1372 3393 fundentia,
1426 3324 1602 3390 deque
1630 3319 1916 3385 Cornelio,
1957 3329 2013 3375 et

420 3433 553 3489 pag.
585 3417 654 3472 55
683 3431 751 3472 ex
786 3416 1032 3487 ejusdem
1070 3415 1289 3487 scriptis
1328 3414 1395 3469 ad
1434 3413 1765 3483 Eucarpium
1812 3428 2011 3467 mona-

423 3514 641 3568 chum:
679 3510 818 3566 nihil
869 3519 1050 3564 tamen
1103 3524 1134 3563 a
1175 3507 1299 3562 Nilo
1339 3510 1605 3578 scriptum
1663 3506 1806 3571 fuit,
1864 3506 2011 3575 quod

425 3605 620 3670 sciam,
660 3603 726 3659 ad
758 3603 1117 3673 Eucarpium,
1162 3601 1272 3656 imo
1302 3616 1404 3656 nec
1435 3600 1667 3670 epistola
1697 3600 1914 3669 quidem
1943 3599 2011 3655 ad

424 3713 550 3754 eum
577 3696 687 3751 ulla
711 3695 837 3755 data
863 3694 1163 3761 invenitur,
1187 3693 1282 3749 sed
1308 3693 1376 3747 ad
1406 3692 1658 3748 Pionium
1692 3692 2009 3758 illustrium,

424 3791 500 3846 ita
531 3789 702 3851 Graeci
744 3786 1179 3861 pronuntiabant
1220 3786 1515 3849 illustrem,
1546 3784 1793 3855 germani
1824 3784 2010 3853 amici,

424 3897 479 3941 ct
504 3883 806 3945 beatissimi
844 3881 1100 3955 Eucarpii
1131 3881 1302 3935 [ilium
1335 3879 1425 3946 51,
1456 3879 1552 3934 lib.
1583 3896 1641 3933 ιιι
1674 3878 1840 3933 Allat.

496 3978 679 4034 Facile
724 3977 892 4047 igitur
945 3976 1232 4033 consentio
1288 3974 1560 4030 Gentiano
1609 3972 1874 4039 Herveto,
1917 3973 2013 4045 qui

427 4069 666 4128 Maximo
700 4069 753 4123 in
781 4068 1034 4124 asceticis
1074 4082 1137 4123 ea
1170 4066 1447 4131 vindicat,
1499 4066 1553 4119 in
1594 4065 1795 4136 quibus
1834 4065 2015 4136 agitur

428 4166 497 4219 de
525 4164 822 4223 Salomone
847 4205 860 4227 ,
914 4161 1092 4231 deque
1133 4159 1283 4215 Giezi
1329 4168 1383 4213 et
1424 4156 1563 4212 Jnda
1597 4175 1611 4211 :
1644 4156 2014 4227 subjiciuntur

428 4266 613 4310 autem
647 4256 760 4308 huic
787 4252 1010 4306 Maximi
1038 4252 1401 4306 asceticorum
1433 4247 1726 4317 excerptis,
1759 4263 1884 4302 cum
1925 4256 2012 4301 ta-

427 4362 554 4400 men
585 4354 744 4401 antea
789 4343 945 4401 Nilus
987 4344 1131 4398 inter
1161 4353 1412 4397 sanctum
1458 4339 1729 4396 Joannem
1774 4338 2013 4410 Chryso-

430 4451 694 4504 stomum,
725 4447 778 4493 et
798 4435 1164 4511 Nicephorum
1201 4433 1565 4504 patriarcham
1615 4431 2011 4487 Constantino-

2110 3324 2466 3379 doctissimus
2496 3324 2792 3379 cardinalis
2817 3323 3190 3391 ,Bellarminns
3224 3338 3370 3379 anno
3395 3321 3460 3378 Ο.
3508 3322 3578 3378 N.
3602 3324 3700 3381 560

2110 3417 2351 3483 vixisse;
2407 3426 2459 3471 at
2521 3417 2811 3486 imperium
2871 3416 3168 3472 Theodosii
3228 3417 3394 3487 primi
3455 3418 3701 3488 attigisse

2115 3510 2374 3580 Opinalur
2414 3506 2661 3563 Joannes
2682 3507 2988 3569 Curterius,
3017 3510 3113 3578 qui
3143 3508 3372 3563 Parisiis
3398 3523 3549 3564 anno
3569 3509 3700 3564 1580

2112 3602 2233 3672 ejus
2276 3604 2332 3656 in
2374 3601 2572 3657 Isaiam
2606 3600 3047 3657 Commentarios
3088 3600 3283 3655 Latine
3329 3616 3525 3657 versos
3552 3601 3700 3657 et‘ul-

2114 3694 2264 3767 gavit
2298 3711 2312 3748 :
2347 3691 2677 3763 Procopius,
2719 3692 2963 3763 inquam,
2995 3692 3157 3762 cujus
3196 3690 3253 3746 in
3302 3689 3697 3748 Octateuchum

2112 3787 2509 3844 Commentarii
2564 3785 2758 3841 Latine
2821 3786 2997 3842 lucem
3064 3794 3405 3857 aspexerunt
3469 3785 3696 3857 Tiguri,

2112 3881 2364 3937 Conrado
2381 3882 2647 3936 Clausero
2667 3882 2982 3950 interprete,
3007 3895 3154 3935 anno
3180 3879 3355 3946 1555;
3388 3890 3447 3935 et
3466 3879 3699 3938 Joannes

2114 3972 2387 4028 Meursius
2430 3971 2682 4043 Lugduni
2735 3972 3062 4025 Batavorum
3125 3970 3348 4026 Scholia
3384 3971 3701 4027 Graeco-Las

2113 4064 2250 4131 tina,
2293 4077 2439 4117 anno
2477 4062 2636 4128 1620,
2668 4056 3035 4131 promulgavit
3076 4061 3129 4115 in
3163 4061 3335 4116 libros
3366 4060 3605 4133 Regum,
3648 4071 3701 4117 et

2113 4155 2598 4228 Paralipomenon.
2652 4153 2885 4225 Scripsit
2935 4154 3102 4208 etiam
3145 4154 3236 4207 ille
3291 4152 3598 4224 Procopius
3646 4158 3696 4209 in

2113 4248 2433 4313 Proverbia,
2474 4258 2529 4304 et
2564 4248 2816 4313 Cantica,
2856 4261 3032 4316 eaque
3079 4246 3282 4316 scripta
3330 4246 3438 4302 sibi
3487 4259 3694 4304 ostensa

2116 4340 2363 4396 Venetiis
2416 4340 2618 4394 asserit
2644 4338 2953 4394 Curterius.
2986 4336 3131 4404 Quin
3160 4336 3406 4394 Joannes
3432 4337 3693 4395 Bessonus

2116 4447 2233 4489 soc.
2273 4429 2400 4487 Jesu
2456 4431 2510 4483 in
2554 4428 2843 4485 Canticum
2890 4430 3234 4483 canticorum
3266 4431 3585 4499 composuit
3608 4446 3694 4485 no-

429 4533 730 4603 politanum
766 4530 1066 4585 collocetur
1090 4566 1106 4593 ,
1162 4544 1285 4598 pag.
1334 4527 1424 4583 95.
1483 4524 1697 4581 Rursus
1751 4540 1817 4579 ex
1869 4524 2009 4580 libro
2044 4549 2091 4607 ο
2116 4538 2213 4576 vas
2244 4521 2693 4586 Lucubrationes,
2723 4535 2843 4590 quae
2893 4520 3045 4589 prelo
3075 4518 3353 4576 Tolosano
3379 4537 3533 4579 anno
3569 4524 3693 4579 1616

428 4623 539 4676 Nili
572 4623 637 4677 ad
667 4622 985 4692 Agathium,
1028 4621 1143 4675 sive
1185 4619 1548 4689 Agathonem,
1604 4617 1697 4671 ubi
1744 4615 2014 4673 Hervetus

428 4714 560 4783 legit
591 4712 930 4777 Antiochum,
967 4712 1042 4765 De
1072 4711 1245 4776 bonis,
1271 4727 1388 4781 quo:
1410 4710 1608 4763 dantur
1633 4710 2009 4783 indigentibus.

430 4807 635 4861 Verum
663 4822 725 4860 ea
759 4806 1110 4866 inveniuntur
1140 4805 1194 4859 in
1246 4819 1365 4875 cap.
1392 4804 1448 4870 2,
1479 4815 1614 4859 sect.
1662 4804 1722 4870 6,
1773 4806 1839 4859 ad
1870 4806 2015 4876 Aga-

427 4899 631 4961 thium,
669 4900 783 4953 sive
815 4896 1143 4961 Peristeriae,
1181 4911 1305 4966 pag.
1345 4896 1485 4960 129,
1543 4895 1597 4949 in
1632 4896 1869 4951 editione
1910 4899 2015 4952 ista

414 4992 575 5063 ,ty'pis
612 4988 927 5049 Barberinis
957 4972 1161 5042 excusa
1197 5006 1211 5041 :
1240 5002 1461 5043 rursum
1507 4997 1629 5056 post
1674 4985 2013 5043 Diadochum

429 5084 493 5136 de
537 5082 853 5151 perfectione
884 5080 1120 5150 spiritali
1150 5096 1316 5149 penes
1359 5080 1712 5144 Anastasium
1761 5083 2014 5136 eumdem

427 5175 695 5230 nontiulla
736 5172 1093 5244 proferuntur
1122 5189 1153 5229 e
1193 5184 1388 5229 sancto
1437 5173 1557 5229 Nilo
1604 5175 1670 5229 ad
1721 5175 2015 5246 Agathinm

431 5273 494 5324 de
530 5271 713 5332 mortis
745 5267 971 5321 terribili
1010 5269 1282 5338 mysterio,
1317 5267 1409 5322 ubi
1451 5278 1801 5338 comparatur
1832 5271 2015 5324 anima

430 5361 704 5415 excedens
734 5375 764 5413 e
792 5374 1026 5437 corpore
1054 5358 1154 5424 illi,
1184 5358 1280 5427 qui
1307 5373 1525 5413 amaras
1548 5358 1717 5413 ebibit
1742 5360 2012 5428 potiones.

432 5451 637 5506 Verum
670 5451 873 5521 passim
901 5452 1117 5515 variant
1151 5450 1434 5514 lectiones,
1488 5460 1543 5504 et
1586 5450 1849 5521 phrases,
1901 5453 2015 5507 sive

434 5546 532 5608 illi,
560 5545 653 5614 qui
678 5544 1086 5606 exscribebant,
1114 5542 1297 5596 minus
1328 5550 1579 5610 poterant
1606 5542 1870 5597 memoria
1889 5558 2014 5596 con-

434 5637 613 5703 sequi,
645 5635 947 5703 eademque
974 5635 1208 5689 retinere
1240 5649 1304 5688 ac
1340 5647 1560 5688 servare
1591 5634 1777 5698 verba,
1820 5633 2014 5689 intenti

437 5727 622 5778 sensui
652 5726 776 5788 plus
796 5741 961 5793 quam
993 5726 1157 5796 stylo,
1193 5725 1306 5779 sive
1338 5724 1621 5780 codicibus
1647 5725 1893 5780 diversas
1920 5742 2015 5781 vo-

438 5830 530 5871 ces
571 5816 976 5874 continentibus
1008 5818 1342 5885 utebantur;
1374 5824 1428 5875 et
1456 5817 1619 5876 habet
1660 5818 1865 5891 aliquid
1892 5836 1989 5892 gra

2119 4613 2474 4681 prodierunt;
2513 4620 2567 4665 et
2593 4613 2644 4664 in
2681 4611 2768 4665 his
2801 4611 2989 4665 laudat
3016 4610 3222 4679 Nilum,
3256 4611 3553 4670 Philonem
3578 4617 3695 4672 Car-

2110 4704 2389 4775 pathium,
2415 4704 2847 4777 Theodoretum,
2875 4712 2932 4757 et
2953 4702 3183 4774 Eclogas
3212 4702 3472 4775 Procopii
3496 4709 3552 4762 in
3571 4706 3696 4763 Cano

2118 4798 2247 4860 lica,
2286 4806 2341 4850 et
2381 4796 2671 4849 Proverbia
2711 4813 2725 4849 :
2763 4795 2935 4849 fertur
2972 4804 3027 4850 et
3058 4795 3114 4849 in
3146 4810 3211 4849 ea
3247 4798 3547 4867 scripsisse
3589 4799 3695 4856 Οτὶε

2117 4903 2304 4957 genes.
2344 4888 2580 4941 Sanctus
2619 4888 2861 4942 Thomas
2888 4887 3183 4958 Angelicus
3224 4888 3319 4943 ille
3351 4890 3551 4946 doctor
3582 4893 3695 4947 dum

2117 4977 2396 5031 aﬂ‘ectaret
2431 4978 2666 5043 coelum,
2700 4978 2768 5031 ad
2805 4978 2951 5049 quod
2994 4977 3280 5048 migravit,
3319 4978 3558 5037 Cantica
3587 4998 3697 5037 cau-

2121 5072 2353 5126 ticoruni
2411 5086 2689 5140 exponens
2733 5086 2983 5142 cygnaeas
3022 5070 3215 5125 eﬂ‘ndit
3263 5086 3457 5137 voces,
3509 5086 3562 5129 et
3602 5091 3698 5130 em-

2117 5179 2297 5236 pyrete
2327 5163 2577 5238 melodia:
2611 5164 2925 5218 tirocinium
2968 5165 3177 5237 posuit,
3230 5180 3696 5237 supernarumque

2116 5254 2439 5310 deliciarum
2472 5253 2862 5323 promulsidem
2892 5253 3072 5307 libans
3102 5252 3302 5309 defecit
3328 5254 3387 5309 iu
3422 5257 3600 5313 terris.
3626 5257 3695 5313 Ita

2115 5346 2272 5403 Niius
2298 5356 2487 5407 noster
2514 5346 2813 5403 meditatus
2849 5347 2906 5403 in
2938 5346 3265 5405 Psalterium
3300 5349 3524 5408 Davidis
3550 5368 3695 5408 enar-

2116 5440 2381 5503 rationes,
2422 5455 2546 5495 cum
2571 5439 2639 5494 ad
2671 5439 2907 5509 patriam
2940 5438 3226 5495 caelestem
3266 5441 3573 5506 anhelat-et,
3598 5443 3694 5498 ibi-

2117 5549 2223 5609 que
2246 5534 2361 5603 jam
2396 5533 2584 5588 animo
2614 5543 3051 5598 conversaretur,
3088 5534 3183 5588 lilii
3226 5533 3544 5593 Salomonis
3563 5537 3693 5592 Can-

2106 5629 2287 5713 ticum
2314 5628 2706 5695 interpretatus
2742 5628 2877 5681 mihi
2911 5628 3152 5682 videtur.
3196 5626 3436 5684 Sanctus
3465 5628 3690 5686 Thomas

2119 5726 2172 5779 in
2202 5727 2538 5780 monasterio
2564 5723 2948 5780 Fossa-Novae
2991 5726 3380 5782 Cisterciensis
3406 5728 3613 5783 ordinis
3631 5728 3687 5783 ad

2117 5820 2455 5879 Amasenum
2481 5819 2800 5892 Campania:
2834 5818 3062 5877 ﬂuvium
3092 5821 3291 5879 morbo
3334 5822 3593 5879 detentus
3614 5836 3686 5879 se-
