3808 6226
77 352 227 417 1365

1358 348 1456 409 DE
1493 346 1871 408 OPERIBUS
1906 349 1965 407 S.
2005 347 2186 409 NILI.

3202 347 3393 413 1368'

74 461 339 521 cuudaui
395 464 806 534 expositionem
857 463 913 517 in
971 461 1231 527 Cantica,
1288 476 1413 532 qua:
1477 459 1704 529 incipit,
1734 457 2037 527 Aprolata,
2066 457 2267 512 Nicetae
2295 456 2509 518 scilicet,
2528 456 2920 514 Heracleensis.
2948 458 3178 516 Michael
3204 460 3366 519 Gisle-

81 557 372 609 Salomon
420 574 458 610 a
498 558 603 611 Deo
636 558 951 625 inspiratus,
992 571 1117 611 cum
1153 554 1347 609 fuisset
1390 565 1701 622 aggressus,

81 648 411 704 absolvere
461 666 570 704 non
610 650 812 719 potuit,
858 656 1035 703 morte
1086 647 1232 716 pium
1274 645 1708 713 interrumpente

85 750 377 794 conatum
431 750 760 812 praeventus,
808 740 1220 810 exspiravitque
1258 737 1316 792 in
1356 736 1467 793 illis
1503 736 1705 800 verbis,

86 850 215 903 qua:
250 835 536 905 leguntur
568 835 621 888 in
645 835 822 905 capite
854 835 1108 905 septimo,
1138 849 1189 886 v.
1224 832 1281 885 Η
1318 848 1331 883 :
1373 830 1519 893 Veni,
1550 828 1709 882 electe

87 930 190 994 mi,
231 928 602 998 egrediantur
644 929 698 981 in
738 942 959 996 agrum,
1001 926 1109 979 sive
1144 924 1389 988 hortum;
1425 933 1483 977 nt
1521 932 1711 976 auctor

88 1029 179 1074 est
243 1018 466 1076 Sixtus
529 1019 832 1081 Senensis,
890 1019 986 1073 lib.
1043 1033 1095 1072 iv
1158 1015 1416 1070 Biblioth.
1487 1023 1707 1069 sancta.

93 1111 618 1173 Eminentissimus
657 1110 952 1167 cardinalis
996 1107 1327 1164 Franciscus
1380 1106 1712 1161 Barberinus

94 1204 334 1267 abbas,
385 1202 642 1273 tantique
695 1200 875 1256 Patris
923 1201 1124 1263 cultor,
1178 1215 1303 1254 cum
1353 1198 1559 1267 ubique
1600 1212 1714 1252 sua:

96 1293 338 1363 pietatis
392 1292 633 1363 insignia
669 1302 886 1347 exsecat
919 1292 1271 1355 monimenta,
1312 1289 1437 1344 licet
1484 1305 1546 1343 ea
1598 1304 1717 1359 pre-

100 1394 256 1450 mat,
313 1391 378 1441 et
433 1385 651 1440 occulat
685 1385 881 1449 anxie,
934 1383 1281 1454 magnilicam
1339 1382 1512 1438 erexit
1561 1397 1715 1437 aram

104 1493 239 1531 cum
282 1486 487 1533 statua
531 1491 841 1532 marmorea
883 1476 1100 1546 egregie
1129 1474 1361 1545 sculpta,
1392 1483 1443 1529 et
1469 1473 1719 1530 cubiculo

110 1572 413 1625 adornato
439 1569 650 1624 addidit
680 1568 1119 1638 inscriptionem,
1150 1582 1315 1637 quam
1346 1582 1377 1621 e
1407 1566 1474 1621 Β.
1503 1566 1563 1620 Ρ.
1594 1565 1717 1620 Fri-

109 1663 273 1732 gerio
306 1662 647 1733 presbytero
673 1660 1115 1733 congregationis
1141 1659 1377 1716 Oratorii
1410 1666 1717 1729 promptam

113 1758 314 1810 insero
378 1755 439 1809 in
491 1752 615 1808 Vita
655 1753 833 1809 sancti
873 1752 1125 1818 Thomaz,
1180 1751 1275 1807 lib.
1328 1767 1418 1817 tv,
1469 1766 1590 1819 cap.
1639 1751 1718 1804 9.:

120 1846 372 1902 Sanctus
441 1845 670 1901 Thomas
727 1855 785 1897 ut
836 1844 1103 1898 cantando
1143 1852 1467 1907 moreretur,
1514 1850 1564 1896 et
1608 1857 1719 1895 mo-

120 1941 322 1994 riendo
356 1947 629 2003 cantaret,
674 1947 863 2007 rogatu
910 1937 1291 1990 monachorum
1344 1932 1722 1989 Fossa-Nova:

120 2032 373 2088 Cantica
427 2031 760 2085 canticorum
804 2045 1102 2099 exponens,
1148 2027 1342 2098 majori
1390 2028 1589 2081 amoris
1649 2026 1724 2092 vi,

118 2138 290 2191 quam
322 2121 525 2187 morbi,
559 2121 617 2175 in
649 2120 837 2175 coelum
877 2121 1111 2190 rapitur.
1132 2117 1326 2173 Plures
1371 2126 1550 2172 autem
1590 2132 1724 2172 con-

123 2214 365 2283 scriptae
400 2212 629 2269 fuerunt
660 2212 829 2269 variis
856 2212 924 2268 ab
958 2211 1216 2267 Ecclesia:
1240 2210 1560 2267 doctoribus
1584 2208 1727 2264 Can-

125 2304 385 2359 ticorum
441 2303 859 2374 explanationes
906 2301 1075 2374 639
1114 2300 1341 2356 Latinae.
1395 2300 1577 2356 Prima
1631 2299 1730 2355 tri-

126 2395 337 2450 buitur
377 2395 728 2461 Cassiodoro,
771 2410 803 2450 a
830 2410 964 2465 quo,
992 2403 1048 2449 et
1076 2410 1107 2449 a
1136 2394 1280 2449 Beda
1304 2402 1729 2462 transsumptam

133 2485 229 2540 alii
252 2494 482 2556 putant,
512 2494 569 2542 et
602 2485 886 2541 vindicant
914 2484 1184 2556 Haymoni
1210 2484 1472 2555 episcopo
1506 2483 1733 2538 Halber—

134 2579 404 2645 statensi,
462 2579 556 2650 qui
606 2578 824 2634 Alcuini
873 2577 1177 2648 discipulus
1226 2592 1372 2631 anno
1421 2576 1526 2631 850
1576 2575 1731 2630 vixit.

138 2669 260 2737 Ea,
304 2672 472 2743 cujus
523 2670 810 2726 exordium
848 2680 951 2737 est,
1012 2669 1174 2725 Sonet
1231 2684 1329 2723 vos:
1370 2678 1486 2733 tua,
1536 2667 1737 2722 dicitur

141 2760 358 2831 IEgidii
376 2760 610 2815 Romani
633 2758 702 2815 de
721 2760 1011 2825 Columna,
1035 2757 1274 2814 doctoris
1291 2755 1736 2811 Fundamentalis

145 2852 438 2922 appellati,
467 2866 606 2921 opus
643 2866 787 2917 esse,
820 2850 1071 2921 quamvis
1099 2864 1132 2904 a
1169 2847 1492 2918 quibusdam
1518 2887 1534 2912 ,
1572 2856 1629 2901 et
1668 2847 1737 2902 ab

148 2944 272 3012 ipso
306 2943 468 2999 Sixto
492 2942 724 2999 Senensi
746 2942 1056 2997 ascribatur
1086 2949 1277 2995 sancto
1308 2937 1561 3003 Thomas,
1588 2937 1740 2993 ideo-

146 3053 259 3107 que
300 3036 734 3106 suprascriptum
791 3034 952 3088 aliam
1001 3031 1409 3103 Expositionem
1463 3037 1742 3101 nuncupet

1808 551 1926 606 rius
1957 551 2189 606 clericus
2214 550 2480 620 regularis
2503 557 2678 605 tomos
2707 562 2815 605 tres
2844 552 2896 605 in
2926 550 3214 607 Jeremiam
3244 569 3365 609 con~

1810 642 1997 713 gessit,
2027 657 2261 699 excusos
2283 657 2501 713 quoque
2526 642 2776 713 Lugduni
2806 643 2962 698 1625.
2988 646 3047 698 In
3068 646 3154 699 his
3176 644 3377 701 Catena

1810 734 2125 790 Graecorum
2156 734 2378 789 Patrum
2419 751 2483 790 ex
2515 735 2777 789 Vaticana
2824 734 3159 791 Bibliotheca
3201 744 3379 801 eruta,

1810 828 1969 881 etab
2026 828 2227 882 Allatio
2303 836 2465 903 atque
2517 825 2847 898 CaryOphilo
2898 825 3091 881 Latine
3136 826 3382 891 reddita,

1811 935 1977 990 quam
2010 929 2169 975 antea
2199 920 2461 975 emiserat
2508 919 2564 974 in
2612 920 2787 975 lucem
2820 919 2887 974 Α.
2926 920 3168 991 Agellius
3198 918 3385 976 Roma
3419 943 3451 975 Γ

1811 1013 2245 1080 Graeco-Latine,
2294 1014 2401 1070 fuit
2444 1014 2650 1070 intexta
2699 1014 2789 1068 illa
2837 1029 2962 1069 cum
3012 1014 3135 1071 aliis
3173 1014 3386 1071 duabus

1812 1108 2055 1163 Catenis.
2088 1107 2376 1163 Balthazar
2403 1108 2699 1164 Corderius
2742 1107 3136 1178 expositionem
3170 1106 3389 1175 viginti-

1814 1210 2053 1271 quatuor
2089 1200 2315 1256 Patrum
2348 1200 2664 1257 Graecorum
2696 1200 2752 1254 in
2791 1199 3036 1260 Psalmos
3088 1197 3389 1269 publicavit

1815 1291 2126 1361 Antuerpia:
2157 1308 2303 1348 anno
2347 1292 2516 1357 1665,
2574 1291 2740 1346 tomis
2782 1290 2958 1345 tribus
2987 1290 3240 1359 digerens
3267 1302 3387 1345 eam

1818 1387 1875 1442 in
1922 1387 2185 1442 Catenam
2221 1384 2637 1456 paraphrasim,
2682 1394 2737 1439 et
2778 1383 3276 1449 Commentarium;
3320 1381 3390 1437 ab

1817 1479 2011 1535 eodem
2044 1478 2316 1550 Symbola:
2344 1478 2577 1542 collatae,
2626 1477 2789 1533 tomis
2856 1477 3070 1533 duobus
3117 1476 3387 1541 visuntur,

1820 1584 1853 1626 e
1903 1569 2102 1640 quibus
2152 1570 2365 1639 primus
2413 1568 2469 1623 in
2513 1568 2826 1624 Matthaeum
2866 1568 3128 1623 Catenam
3168 1582 3392 1621 auream

1821 1665 2044 1721 exhibet
2075 1664 2389 1719 Graecorum
2427 1664 2651 1718 Patrum
2688 1662 2852 1718 unius
2890 1669 2946 1716 et
2986 1659 3209 1731 viginti,
3254 1673 3396 1729 quos

1826 1754 1893 1810 Β.
1922 1755 1982 1810 Ρ.
2028 1754 2294 1810 Possinus
2318 1752 2476 1807 Latio
2496 1752 2741 1818 donavit,
2776 1750 3093 1820 Tolosaeque
3117 1747 3396 1807 commisit

1824 1846 1976 1918 prelo
2004 1845 2059 1900 in
2087 1844 2354 1899 ambabus
2385 1842 2588 1913 linguis
2625 1857 2771 1896 anno
2816 1839 2977 1896 1M6.
3016 1839 3164 1895 Alter
3191 1848 3397 1903 tomus,

1823 1941 1879 1996 in
1909 1954 2019 2011 quo
2058 1938 2265 1993 Catena
2291 1936 2514 2009 triginta
2556 1934 2803 2001 Patrum,
2838 1948 2978 2004 quos
3023 1934 3163 1987 inter
3198 1941 3281 1987 est
3305 1930 3399 1985 Ni-

1823 2032 1931 2099 lus,
1969 2031 2127 2101 cujus
2154 2030 2348 2102 χρῆσις
2372 2070 2387 2095 ,
2420 2029 2536 2084 sive
2571 2026 2869 2083 auctoritas
2904 2024 3138 2081 refertur
3179 2039 3301 2095 cap.
3324 2024 3399 2102 ‘9,

1824 2138 1949 2195 pag.
1978 2098 2114 2189 34'9;
2154 2098 2257 2176 ibe.
2300 2129 2559 2192 potestate
2606 2118 2966 2190 apostolorum
3016 2098 3403 2171 ambulantium

1826 2230 1983 2284 super
1997 2224 2254 2284 serpentes
2280 2221 2331 2267 et
2363 2212 2663 2282 scorpiones
2695 2226 2715 2265 :
2749 2211 3095 2280 interpretem
3118 2218 3274 2264 nacta
3312 2208 3404 2263 illa

1830 2316 1917 2363 est
1936 2307 2114 2376 ipsum
2145 2302 2311 2376 65,0
2331 2301 2674 2367 Corderium,
2697 2301 2790 2371 qui
2831 2298 3032 2355 fatetur
3058 2298 3404 2355 collectorem

1831 2397 2005 2454 fuisse
2056 2394 2305 2451 Nicetam
2346 2394 2669 2464 episcopum
2719 2392 3053 2447 Serrarum:
3093 2390 3406 2448 testimonia

1832 2490 2058 2545 Patrum
2082 2502 2192 2543 non
2217 2486 2455 2542 citantur
2471 2485 2538 2539 ad
2563 2483 2811 2550 verbum,
2835 2482 2930 2539 sed
2957 2482 3217 2538 collector
3237 2481 3409 2538 utitur

1832 2580 2190 2652 paraphrase,
2221 2588 2283 2633 ut
2315 2576 2573 2633 observat
2612 2591 2711 2646 pro
2741 2590 2840 2630 sua
2882 2574 3103 2630 solertia
3132 2572 3193 2629 P.
3223 2572 3409 2630 Possi-

1834 2686 1963 2726 nus.
2015 2669 2275 2726 Catenam
2336 2676 2603 2731 attamen,
2658 2666 2738 2720 uti
2796 2675 3045 2735 torquem
3108 2665 3408 2735 pretiosum

1835 2762 2049 2820 aestimo
2101 2775 2297 2816 aurum
2339 2767 2551 2825 contra,
2583 2772 2615 2812 e
2662 2756 2856 2828 viginti
2901 2770 3100 2811 novem
3154 2754 3413 2813 Patribus

1837 2853 2153 2919 conﬂatam,
2191 2868 2256 2908 ac
2291 2850 2641 2922 potissimum
2672 2864 2706 2905 e
2751 2856 2941 2904 sancto
2987 2845 3200 2903 Joanne
3245 2846 3417 2917 Chr}.-

1839 2955 2108 3011 sostomo,
2150 2947 2205 3000 in
2255 2944 2445 3000 codice
2506 2942 2601 3013 qui
2653 2942 2866 2997 calamo
2921 2950 3179 3001 exaratus
3222 2949 3307 2997 est
3360 2940 3418 2995 in

1841 3039 2183 3104 membrana,
2215 3044 2609 3107 promptusque
2640 3032 2742 3088 fuit
2778 3049 2808 3090 e
2839 3032 3175 3089 Bibliotheca
3216 3032 3418 3089 Barba-

149 3130 483 3186 secundam.
512 3128 727 3200 Mystici
772 3135 829 3183 et
859 3127 1140 3199 anagOgici
1169 3125 1360 3179 Patres
1388 3123 1740 3212 quamplut‘es
1765 3152 1811 3212 α
1842 3131 1985 3196 rina,
2009 3129 2195 3184 Graece
2210 3128 2399 3183 nitidis
2426 3126 2561 3181 satis
2578 3124 3008 3189 characteribus,
3028 3139 3060 3179 a
3080 3124 3422 3180 reverendis-

153 3220 211 3273 in
255 3221 406 3275 hanc
444 3234 666 3274 arenam
706 3216 1122 3282 descendentes,
1156 3215 1212 3268 in
1244 3215 1348 3269 ista
1387 3211 1613 3267 Cantica
1645 3210 1740 3265 de-

155 3310 455 3373 sudarunt,
491 3308 766 3380 praecipue
794 3312 1023 3362 sanctus
1056 3302 1368 3359 Bernardus
1410 3298 1703 3357 melliﬂuus
1725 3338 1742 3365 ,

154 3401 256 3469 qui
304 3399 604 3455 Sermones
653 3399 708 3452 in
754 3413 820 3453 ea
873 3397 1117 3461 dictavit,
1163 3404 1218 3450 et
1256 3395 1468 3451 habuit.
1512 3392 1746 3449 Sanctus

160 3491 464 3563 Gregorius
492 3490 561 3546 Μ.
589 3490 645 3544 in
676 3488 899 3545 Cantica
928 3487 1183 3557 scripsit:
1217 3486 1482 3555 Aponius,
1514 3484 1747 3553 Angelo—

164 3582 666 3649 mus,Anibrosius,
704 3579 1030 3645 Ansbertus,
1081 3576 1357 3633 Honorius
1394 3575 1747 3646 Augustodu-

168 3678 386 3738 nensis,
427 3676 719 3731 Anselmus
750 3672 1152 3737 Laudunensis,
1188 3671 1464 3737 Rupertus
1497 3669 1750 3724 Tuitien-

166 3766 268 3833 sis,
302 3777 360 3823 et
389 3766 662 3822 Robertus
692 3763 909 3826 Holkot,
936 3771 1100 3833 atque
1134 3762 1227 3821 alii
1259 3776 1399 3831 quos
1427 3774 1752 3815 enumerare

169 3857 396 3930 longum
428 3867 595 3923 esset,
624 3857 958 3913 recentiores
999 3856 1322 3923 interpretes
1351 3864 1634 3907 sacrorum
1662 3848 1752 3903 Bi-

170 3947 434 4014 bliorum,
471 3948 764 4019 plerasque
814 3945 871 4000 in
900 3959 961 4000 ea
1011 3952 1410 4025 contexuerunt
1450 3939 1651 4005 Notas,
1699 3947 1755 3994 et

173 4040 658 4104 Commentarios,
725 4036 805 4093 uti
867 4034 1087 4107 profani
1124 4040 1377 4089 auctores
1430 4033 1485 4088 in
1528 4042 1750 4103 poetas,

176 4132 559 4202 philosophos,
589 4137 861 4194 oratores,
896 4126 1156 4192 medicos,
1185 4123 1548 4197 legisperitos,
1576 4122 1751 4177 Scho-

178 4226 289 4293 lia,
344 4224 847 4283 Commentationes
894 4221 1163 4295 ingentes,
1216 4216 1460 4283 Glossas,
1503 4216 1756 4286 Explica-

181 4321 361 4376 tiones
391 4318 602 4388 amplas
652 4328 707 4372 et
743 4315 914 4371 fusas.
950 4314 1056 4381 Qui
1088 4318 1506 4377 successerunt,
1546 4326 1609 4365 ex
1651 4309 1758 4365 illis

1845 3226 1986 3281 simo
2017 3222 2214 3278 abbate
2259 3220 2457 3276 Carolo
2499 3218 2756 3284 Morono,
2796 3215 2892 3287 qui
2934 3216 3230 3272 litterarias
3274 3229 3423 3270 meas

1847 3316 2062 3385 vigilias
2093 3329 2197 3384 ope
2243 3328 2341 3367 sua
2375 3320 2598 3367 strenua
2629 3309 2894 3365 benevole
2933 3306 3191 3372 suﬂulsit,
3226 3306 3426 3377 cuique

1845 3408 2045 3464 debere
2085 3403 2315 3459 multum
2366 3416 2455 3456 me
2507 3400 2741 3471 ingenue
2787 3397 3087 3469 proﬁteor,
3146 3397 3424 3452 exhibitus

1849 3497 2263 3574 perhumaniter
2299 3495 2391 3551 ille
2422 3492 2556 3548 mihi
2584 3492 2711 3559 fuit,
2740 3489 3202 3562 quemadmodum
3234 3498 3289 3545 et
3317 3490 3426 3544 alia

1848 3592 2085 3665 plurima
2109 3590 2245 3645 mihi
2271 3588 2340 3644 ab
2361 3588 2479 3659 ipso
2498 3585 2795 3641 liberaliter
2814 3598 3052 3656 agnosco
3083 3581 3254 3638 fuisse
3277 3596 3426 3637 com-

1850 3686 2148 3741 municata.
2198 3681 2439 3737 Titulum
2469 3679 2641 3735 codex
2684 3678 2831 3733 hunc
2876 3674 3097 3746 praefert
3148 3674 3205 3730 in
3248 3673 3430 3729 fronte

1852 3780 2110 3835 inferiore
2159 3794 2174 3831 :
2232 3775 2554 3846 Ἐρμηνεῖαι
2607 3770 2717 3825 τῶν
2779 3770 3034 3842 πράξεων
3092 3769 3201 3823 τῶν
3255 3767 3431 3834 ἁγίων

1864 3869 2225 3933 Ἀποστόλων,
2257 3869 2354 3923 καὶ
2378 3867 2488 3921 τῶν
2520 3863 2841 3919 Καθολικῶν
2878 3860 3207 3917 Ἐπιστολῶν
3238 3860 3428 3914 Ἰακώ-

1853 3965 1951 4018 ϐου
1977 3963 2047 4031 α’,
2070 3964 2277 4033 Πέτρου
2288 3960 2336 4015 α’
2352 3960 2447 4015 καὶ
2460 3958 2525 4030 β’,
2542 3957 2789 4013 Ἰωάννου
2810 3962 2881 4023 α’,
2908 3954 2951 4025 β’
2962 3954 3056 4009 καὶ
3077 3960 3147 4023 γ’,
3164 3951 3354 4019 Ἰούδα,
3376 3951 3431 4007 id

1855 4068 1962 4121 est,
1976 4054 2454 4123 ,Interpretationes
2478 4050 2706 4104 Actuum
2726 4056 3031 4103 sanctorum
3051 4044 3431 4115 apostolorum,

1855 4164 1905 4209 et
1928 4151 2319 4209 Catholicarum
2359 4146 2718 4218 Epistolarum
2751 4142 2942 4198 Jacobi
2968 4141 3011 4210 l,
3035 4140 3183 4196 Petri
3215 4142 3237 4195 ι
3269 4150 3325 4197 et
3353 4138 3395 4193 ll
3416 4180 3432 4205 ,

1856 4247 2081 4302 Joannis
2120 4245 2170 4311 Ι,
2209 4243 2253 4298 ll
2285 4252 2341 4297 et
2377 4240 2465 4308 ιιι,
2497 4238 2677 4294 ludas.
2708 4235 2848 4293 Inibi
2891 4235 3206 4291 referuntur
3242 4241 3435 4289 aucto-

1860 4342 2049 4397 ritates
2088 4338 2263 4394 sancti
2300 4333 2541 4399 Maximi,
2572 4332 2667 4403 qui
2708 4344 2853 4386 anno
2892 4329 2999 4384 650
3040 4326 3261 4394 ﬂoruit,
3313 4326 3435 4381 lau-

181 4419 577 4482 excerpserunt
607 4407 857 4473 Notulas,
910 4420 1050 4477 quas
1093 4403 1330 4465 Catenas
1369 4402 1762 4472 nuncupabant

1863 4433 2171 4500 danturque
2196 4429 2344 4483 illius
2377 4422 2843 4498 Ἐρωτήσειςλκαὶ
2859 4420 3439 4492 ἀποκρίσεις,ζιιεοηοιι

183 4502 381 4569 Gmoi’
414 4512 469 4557 ³⁸
493 4500 677 4556 Latini
715 4498 991 4564 POSlmas’
1033 4506 1089 4552 et
1136 4495 1361 4588 61055533
1380 4495 1454 4588 _i"
1491 4493 1660 4588 Bima
1680 4534 1696 4560 ’
1723 4508 1763 4588 9
1790 4496 1837 4552 D
1865 4493 2097 4580 Joannis
2127 4493 2470 4581 Damasceni',
2488 4493 2584 4588 qui
2611 4528 2758 4571 anno
2783 4514 2883 4569 751
2915 4511 3117 4576 ﬂoruit,
3138 4511 3275 4566 liber
3298 4508 3438 4581 Περὶ

185 4598 388 4665 quibus
417 4594 647 4650 Strahus
669 4590 978 4657 Fuldensis,
1009 4588 1105 4659 qui
1134 4603 1280 4642 anno
1300 4586 1405 4641 8&0
1425 4585 1767 4641 continuavit

188 4687 572 4754 Ordinariam;
629 4684 922 4739 Anselmus
967 4679 1347 4735 Laudunensis
1396 4692 1541 4733 anno
1602 4676 1761 4741 1077,

190 4778 632 4841 iuterlinearem;
668 4783 784 4830 tum
814 4771 1075 4828 Nicolaus
1106 4768 1375 4841 Lyranus,
1404 4775 1460 4822 et
1490 4765 1601 4821 alii.
1621 4764 1764 4819 San-

192 4881 313 4927 ctus
340 4870 503 4925 etiam
531 4868 773 4923 Thomas
806 4866 1045 4920 Auream
1075 4861 1336 4919 Catenam
1374 4858 1669 4917 connexuit
1709 4857 1767 4915 in

196 4963 485 5032 Evangelia
526 4970 793 5033 quatuor;
842 4958 1076 5012 Auream
1124 4969 1249 5010 vere
1272 4993 1288 5021 ,
1319 4968 1444 5024 quae
1482 4951 1583 5006 fuit
1622 4963 1768 5013 anno

199 5055 334 5114 1657
362 5070 565 5111 excusa
598 5072 613 5109 :
652 5049 1046 5112 (Ecumenius,
1084 5056 1140 5103 et
1168 5045 1592 5117 Olympiodorus
1617 5082 1632 5111 ,
1673 5042 1769 5112 qui

198 5156 323 5217 post
353 5145 705 5203 millesimum
744 5153 950 5198 annum
984 5137 1191 5193 vixisse
1227 5152 1259 5191 a
1297 5133 1625 5205 quibusdam
1652 5132 1770 5187 exi-

201 5238 512 5302 stimantur,
553 5235 623 5290 ab
654 5233 778 5289 aliis
804 5231 871 5286 ad
907 5229 1012 5286 900
1038 5237 1094 5285 et
1124 5228 1229 5283 800
1261 5227 1635 5289 retrahuntur,
1662 5222 1770 5282 Ca-

202 5340 451 5387 tenarum
496 5339 748 5385 auctores
782 5324 1158 5396 perhibentur.
1208 5320 1471 5375 Catenam
1515 5319 1570 5373 in
1611 5315 1714 5372 Job
1742 5330 1774 5372 e

203 5424 390 5494 viginti
412 5430 647 5497 quatuor
667 5419 871 5475 Graecis
896 5414 1219 5473 doctoribus
1244 5410 1448 5467 Paulus
1471 5408 1775 5467 Comitolus

206 5532 320 5573 soc.
354 5515 484 5572 Jesu
528 5530 561 5569 e
598 5511 790 5569 Graeco
826 5523 1149 5565 conversam
1183 5506 1238 5561 in
1271 5503 1525 5560 Latinum
1568 5515 1777 5557 sermo-

208 5621 327 5659 nem
359 5602 609 5675 Lugduni
642 5598 1007 5672 promulgavit
1036 5612 1183 5652 anno
1221 5594 1391 5661 1586;
1431 5601 1488 5648 at
1517 5608 1613 5647 eos
1638 5592 1778 5646 inter

210 5698 459 5753 doctores
482 5694 663 5751 Nilum
687 5692 954 5755 nominat,
974 5698 1031 5746 et
1054 5690 1169 5744 li'cc
1194 5697 1295 5753 est,
1315 5700 1480 5759 quam
1509 5682 1779 5739 Patricius

212 5788 401 5844 Junius
424 5786 655 5843 Londiui
682 5793 915 5854 utraque
937 5782 1117 5851 lingua
1142 5778 1330 5841 edidit,
1362 5792 1390 5831 a
1415 5790 1499 5832 me
1529 5772 1779 5843 superius

1863 4618 1964 4688 τῆς
2007 4614 2266 4676 ἐνδόσεως
2312 4612 2413 4683 τῆς
2449 4607 2695 4671 Παλαιᾶς
2739 4604 2836 4660 xui.
2868 4602 3082 4672 Καινῆς
3123 4600 3438 4672 Διαθήκης;

1866 4712 1920 4767 id
1951 4718 2053 4774 est,
2094 4706 2168 4761 De
2215 4704 2499 4759 traditione
2551 4698 2765 4769 Veteris!
2795 4706 2848 4753 et
2892 4694 3033 4751 Novi
3081 4694 3440 4759 Testamenti;

1867 4802 2101 4871 ideoque
2127 4814 2238 4853 non
2270 4796 2461 4862 miror,
2495 4794 2542 4850 si
2573 4792 2774 4863 saepius
2799 4806 2831 4842 υ
2863 4802 2965 4858 pro
3000 4786 3033 4858 β
3062 4792 3356 4856 usurpetqr
3384 4785 3443 4839 in

1869 4893 2167 4962 scriptura,
2214 4887 2616 4944 neotericorum
2651 4883 2966 4940 Graecorum
2997 4892 3098 4947 pro
3131 4890 3305 4932 more.
3332 4874 3441 4930 Sed

1868 4986 1963 5056 qui
2009 4984 2214 5039 factum
2262 4990 2382 5045 est,
2439 4986 2500 5033 ut
2548 4976 2679 5033 dum
2727 4973 2964 5029 lndicem
3008 4984 3235 5041 operum
3266 4966 3443 5024 sancti

1870 5079 1978 5134 Nili
2013 5074 2281 5133 conﬁcere
2310 5081 2482 5136 tento,
2514 5069 2746 5123 aliorum
2781 5078 2959 5133 opera,
2990 5057 3444 5117 commentarios-

1870 5186 1979 5244 que
2023 5179 2134 5224 tam
2183 5164 2393 5237 prolixe
2446 5155 2840 5232 percenseam?
2880 5163 2937 5209 et
2978 5146 3396 5244 pene-Cesneri
3426 5183 3444 5210 ,

1875 5240 2122 5324 Simleri,
2158 5253 2407 5319 Draudii,
2440 5266 2538 5307 seu
2568 5248 2754 5319 potius
2775 5241 3082 5308 Possevlni,
3101 5240 3449 5308 aliorumque

1877 5347 2381 5421 bibliographorum
2430 5339 2658 5397 evadam
2691 5333 2944 5390 aemulus.
2996 5324 3448 5383 Excusabitver-

1876 5420 2075 5504 bosum
2108 5455 2293 5499 senum
2349 5434 2619 5493 candidus
2664 5429 2870 5492 lector,
2910 5438 3075 5495 quem
3113 5420 3446 5476 Catenarum

1880 5568 2051 5610 nexus
2106 5546 2420 5618 illigaban‘,
2482 5551 2756 5611 quemque
2813 5532 3051 5589 detinuit
3086 5523 3283 5600 τᾼσμα
3340 5522 3452 5578 τῶν

1880 5662 2161 5737 ᾀσμάτων,
2184 5655 2471 5713 Canticum
2508 5662 2703 5718 nempe
2739 5644 3120 5706 canticorum;
3150 5634 3340 5706 ﬂagrat
3368 5640 3450 5687 et-

1882 5771 2027 5829 enim
2104 5781 2169 5821 ac
2214 5757 2517 5830 languescit
2555 5754 2657 5811 iste
2704 5746 2975 5809 desiderio
3024 5741 3156 5801 illud
3200 5752 3333 5796 cum
3371 5742 3452 5790 tot
