3808 6226
392 272 530 337 1367

1123 277 1271 341 JOS.
1311 279 1577 342 MARI/E
1617 282 1978 347 SUARESII
2018 287 2251 351 LIBER
2288 293 2929 360 CHRONOLOGICUS

3513 298 3653 364 1868

388 387 898 482 sanctisl’atribus,
940 390 1161 449 tandem
1199 393 1514 464 aliquando,
1548 407 1846 453 miserante
1900 408 1955 455 et
1983 420 2027 478 Α
2124 404 2346 467 Primus
2389 408 2836 481 chronologicus,
2888 413 2944 466 in
2995 426 3109 482 quo
3161 412 3337 482 patria
3366 453 3384 479 ,
3436 424 3502 469 et
3564 430 3651 469 res

385 480 549 536 dante
586 480 807 537 Christo
844 480 1112 550 Domino,
1164 484 1253 540 cui
1298 485 1394 541 uni
1454 485 1566 543 Deo
1615 502 1742 545 cum
1784 487 1947 546 Patre
2055 504 2252 566 gestae,
2302 512 2367 553 ac
2403 498 2589 554 obitus
2626 480 2801 555 sancti
2842 499 2972 556 Nili.

385 588 452 629 ac
484 570 686 643 Spiritu
727 583 920 631 sancto
958 576 1030 633 sit
1058 576 1231 632 honor
1252 587 1308 634 et
1331 579 1503 650 gloria
1546 594 1787 651 semper,
1816 596 1951 639 con-

384 663 625 718 cinendi.

2127 586 2436 656 Secundus,
2467 591 2891 663 lexicograpbus
2925 609 3122 649 vocum
3153 595 3459 647 variarum.

2126 676 2347 735 Tertius
2386 682 2721 751 exegeticus,
2766 693 2823 739 et
2852 683 3077 739 criticus
3114 685 3169 739 in
3219 685 3487 755 pleraque
3522 682 3651 736 loco

452 754 874 820 Subsequuntur
902 754 1030 811 libri
1066 766 1177 814 tres
1217 758 1643 816 Adnotationum
1691 762 1746 817 in
1776 762 1953 836 Opera
2054 768 2377 838 insigniora,
2408 780 2464 826 et
2489 772 2767 826 variarum
2800 772 3095 828 lectionum
3124 772 3226 844 (l).

383 848 557 921 sancti
587 846 695 904 Nili
733 847 967 905 abbatis.

455 1022 533 1091 (t)
568 1019 649 1103 Ex
656 1020 1049 1103 “tribusnlibris
1089 1022 1177 1079 hic
1210 1024 1527 1080 memoratis
1567 1041 1709 1083 unus
1772 1035 1980 1082 tantum
2043 1038 2365 1098 comparet,
2414 1028 2572 1085 Liber
2617 1031 3014 1103 chronologicus
3064 1050 3079 1088 :
3132 1033 3475 1102 posteriores
3528 1032 3654 1088 duo

384 1093 604 1148 desunt.
656 1091 810 1147 Enn.
846 1092 1015 1148 Pun.

389 1322 3632 1369 ’ΜΞ-π

1290 1528 1649 1619 LIBER
1718 1526 2731 1622 CHRONOLOGICUS

849 1769 1031 1881 DE
1108 1768 1459 1886 VITA
1564 1766 2086 1883 SANCTI
2168 1768 2465 1880 NlLI
2541 1768 3146 1884 ABBATIS

1944 2029 2042 2070 SEU

1395 2196 1708 2269 PATRIA,
1740 2194 1891 2256 RES
1946 2192 2238 2271 GESTIE,
2289 2194 2589 2257 OBITUS.

437 2472 598 2548 641
626 2472 671 2530 E
698 2474 875 2531 ruinis
892 2473 1624 2547 Byzantii,quodaByzante
1643 2486 1769 2542 rege
1785 2471 1948 2541 Spar-
1982 2479 2021 2535 Β
2050 2471 2177 2526 Maii
2220 2486 2316 2527 seu
2350 2489 2382 2526 v
2443 2472 2571 2528 ldus
2624 2470 2793 2528 Maias
2837 2472 3085 2528 dedicata
3146 2471 3253 2529 fuit
3293 2488 3444 2529 anno
3496 2473 3638 2540 350;

371 2560 626 2622 tanorum
660 2566 1005 2620 nominatum
1046 2575 1102 2619 et
1130 2564 1432 2629 conditum,
1492 2564 1573 2618 vel
1612 2578 1643 2618 a
1677 2561 1948 2617 Pausania

371 2664 766 2723 constructum,
793 2672 822 2711 a
844 2657 1045 2712 Severo
1064 2656 1330 2725 Augusto,
1356 2656 1484 2725 quia
1510 2654 1675 2725 Nigro
1703 2654 1948 2710 adhaese-

371 2761 476 2816 rat,
498 2748 760 2815 dirutum,
778 2764 807 2803 a
829 2747 1188 2804 Constantino
1207 2748 1456 2819 Augusto
1479 2747 1840 2803 instauratum
1860 2746 1950 2802 de-

371 2849 727 2910 coratumque
777 2841 1000 2896 nomine
1052 2826 1577 2911 Censtantinopolis,
1628 2840 1947 2895 melioribus

370 2932 486 2989 Deo
508 2934 743 3003 propitio
765 2933 1045 3003 auspiciis,
1068 2948 1233 3003 quam
1262 2932 1438 2988 Roma
1464 2943 1640 2997 vetus,
1671 2941 1732 2987 ut
1755 2940 1948 2987 auctor

369 3034 451 3079 est
494 3012 836 3080 Iustinianus
881 3025 919 3079 l.
962 3040 980 3080 ι
1028 3022 1091 3080 C.
1143 3024 1210 3078 de
1270 3033 1371 3080 vet.
1443 3025 1561 3093 jur.
1604 3022 1945 3090 enucleand.,

369 3116 401 3189 ᾗ
440 3116 984 3186 Νσυὶπιιιε,ςιιιιιιιθιιι.
1019 3116 1084 3172 de
1115 3114 1311 3187 Nupt.,
1344 3115 1563 3172 Christo
1589 3115 1819 3180 scilicet,
1862 3124 1946 3170 at-

369 3226 478 3279 que
520 3210 849 3267 beatissima:
898 3211 1108 3284 Virgini
1154 3212 1275 3284 ejus
1320 3213 1480 3269 Matri
1528 3214 1894 3284 consecrata(
1918 3230 1948 3269 e

368 3302 571 3358 Zonar.
604 3311 736 3358 tom.
796 3319 853 3359 ιιι
893 3305 1166 3376 Χρονικ.),
1209 3308 1448 3363 surrexit
1494 3307 1550 3363 in
1597 3305 1831 3363 Thracia
1855 3307 1947 3363 illa

368 3392 519 3461 regia
550 3392 703 3461 urbs,
731 3401 786 3448 et
813 3393 965 3450 orbis
992 3395 1348 3461 dominatrix,
1372 3403 1534 3466 atque
1563 3411 1699 3451 nova
1736 3396 1943 3462 Roma;

366 3498 421 3538 c.
455 3481 1055 3554 Constantinopolitano:
1090 3485 1162 3539 29.
1182 3525 1197 3549 ,
1229 3486 1357 3542 dist.
1391 3487 1525 3542 urbs
1552 3488 1943 3554 sacratissima,

368 3581 425 3627 et
467 3574 893 3645 augustissima;
928 3574 965 3629 l.
992 3591 1112 3628 cum
1142 3572 1504 3640 Navarchum,
1529 3574 1663 3630 Cod.
1686 3575 1752 3629 de
1778 3573 1945 3629 Navi-

369 3665 567 3731 cular.,
596 3664 672 3720 lib
702 3681 761 3733 ιι,
787 3674 1048 3721 exornata
1076 3665 1317 3721 aediliciis
1345 3665 1717 3734 amplissimis,
1746 3673 1801 3719 et
1829 3681 1945 3719 mo-

370 3755 673 3822 numentis;
724 3756 1145 3825 amphitheatro,
1175 3763 1374 3824 portu,
1425 3756 1622 3821 muris,
1681 3755 1942 3820 basilicis,

370 3848 747 3909 bibliothecis.
804 3849 1038 3915 horreis,
1083 3856 1139 3904 et
1198 3848 1464 3915 ecclesiis,
1514 3849 1943 3920 aquaeductibus,

370 3940 690 4009 porticibus,
722 3940 986 4007 thermis,
1034 3941 1264 4007 balneis,
1297 3941 1527 4012 aliisque
1564 3942 1824 4011 Operibus
1845 3957 1946 4012 pu-

370 4032 529 4087 blicis
575 4043 739 4103 atque
762 4033 987 4103 privatis
1024 4032 1131 4087 fuit
1172 4045 1282 4088 tam
1311 4049 1341 4086 a
1372 4033 1653 4089 conditore
1678 4032 1946 4089 Constan-

372 4122 511 4186 tino,
543 4136 707 4192 quam
761 4122 830 4178 ab
874 4121 997 4177 aliis
1046 4122 1167 4191 ejus
1219 4123 1652 4187 successoribus,
1694 4123 1946 4193 plurimis

374 4214 602 4282 insuper
649 4213 850 4267 donata
884 4221 940 4267 et
976 4212 1145 4267 ditata
1195 4212 1513 4284 privilegiis.
1546 4212 1681 4267 Nam
1731 4213 1947 4283 imperii

374 4305 557 4359 sedem
590 4304 869 4360 transtulit
897 4305 953 4359 in
1009 4320 1129 4361 eam
1170 4304 1586 4372 Constantinus,
1617 4312 1673 4359 et
1703 4305 1851 4359 cives
1880 4320 1949 4360 ex

374 4397 598 4467 antiqua
664 4397 859 4464 Roma,
922 4397 1326 4467 illustravitque
1384 4398 1559 4467 ipsam
1622 4405 1848 4456 senatu.
1894 4408 1950 4452 et

374 4488 721 4545 senatoribus
768 4489 894 4544 inde
933 4490 1084 4544 illum
1134 4490 1446 4544 consecutis
1494 4490 1638 4544 aedes
1672 4489 1946 4555 excitavit,

375 4576 480 4629 sibi
514 4591 643 4631 vero
679 4575 965 4646 palatium,
999 4590 1031 4631 e
1078 4575 1342 4643 Libanio,
1398 4576 1724 4643 Sozomeno,
1769 4587 1823 4631 et
1851 4591 1949 4631 au-

375 4681 526 4725 ctore
569 4670 830 4725 Chronici
879 4670 1252 4737 Alexandrini,
1285 4687 1349 4726 ac
1405 4670 1642 4737 Zosimo,
1678 4672 1775 4727 lib.
1807 4687 1868 4738 ιι,
1895 4680 1954 4727 et

374 4762 443 4814 ad
498 4760 952 4831 frequentandum
1010 4772 1261 4818 senatum
1318 4763 1512 4818 vicinis
1557 4780 1589 4819 e
1624 4764 1951 4821 dioecesibus

375 4863 657 4909 senatores
690 4856 988 4925 compulit,
1034 4865 1089 4911 et
1130 4856 1322 4921 illexit,
1360 4858 1436 4911 uti
1482 4858 1677 4913 deinde
1709 4858 1950 4912 Valenti-

376 4946 595 5013 nianus,
648 4947 1016 5017 Theodosius,
1061 4958 1117 5004 et
1142 4938 1444 5015 Arcadius,
1497 4965 1531 5005 e
1580 4949 1951 5021 Macedonica,

376 5039 417 5094 l.
452 5057 537 5106 ιιι,
564 5042 629 5096 C.
660 5040 935 5100 Theodos.
981 5043 1060 5097 De
1103 5044 1388 5098 senatorib.
1436 5043 1765 5114 Episcopum
1809 5044 1952 5099 Con-

2050 2562 2207 2632 isque
2233 2564 2352 2619 dies
2378 2574 2631 2618 censetur
2659 2563 2778 2634 ejus
2810 2564 3107 2629 natalitius,
3143 2573 3199 2619 et
3233 2562 3493 2618 feriatus.
3518 2564 3561 2619 l.
3598 2580 3638 2618 ιι

2048 2654 2111 2708 C.
2163 2653 2367 2708 illomet
2424 2654 2498 2708 De
2541 2654 2713 2724 feriis.
2772 2653 3127 2709 Constantius
3174 2654 3239 2710 A.
3278 2654 3642 2709 Constantini

2052 2744 2197 2800 ﬁlius
2220 2745 2491 2811 instituit,
2526 2746 2963 2816 studueruntque
2995 2747 3266 2809 certatim,
3287 2747 3381 2816 qui
3416 2747 3641 2801 reside—

2047 2837 2180 2891 bant
2208 2836 2317 2893 illic
2345 2838 2721 2908 imperatores,
2752 2851 2871 2894 eam
2904 2837 3090 2893 Romae
3119 2839 3635 2908 vetcriexzequare.

2046 2925 2202 2983 Nilus
2264 2928 2375 2985 illic
2427 2938 2589 2985 natus
2644 2940 2729 2986 est
2776 2932 2876 3001 (uti
2930 2929 3304 2998 Nieephorus,
3364 2929 3463 2984 lib.
3517 2945 3638 2994 xiv,

2048 3035 2149 3090 cap
2177 3020 2243 3075 M
2276 3018 2667 3076 Ecclesiasticw
2686 3021 2926 3076 historia:
2953 3019 3155 3090 prodit)
3190 3019 3359 3073 nobili
3389 3035 3595 3089 genere
3618 3038 3639 3085 ;

2048 3128 2173 3166 nam
2209 3121 2430 3182 propter
2449 3113 2723 3184 egregiam
2761 3112 3097 3167 nobilitatem
3137 3114 3353 3185 generis
3380 3114 3447 3168 ad
3484 3129 3640 3184 pra:—

2047 3206 2311 3261 fecturam
2365 3214 2588 3262 evectus
2644 3206 2747 3262 fuit
2785 3188 2958 3262 urbis.
3004 3208 3643 3278 Constantinopolitanzn

2047 3297 2239 3365 patriae
2264 3310 2409 3361 suae;
2455 3297 2699 3365 potentia
2730 3312 2950 3367 quoque
3002 3312 3066 3353 ac
3108 3297 3305 3366 Opibus
3348 3296 3637 3360 atﬂuebat,

2047 3398 2101 3443 et
2128 3388 2379 3445 fortassis
2405 3388 2526 3459 ejus
2548 3398 2800 3460 parentes
2828 3389 3046 3443 oriundi
3077 3399 3235 3444 erant
3263 3405 3329 3443 ex
3366 3387 3637 3459 Egypto,

2047 3480 2281 3551 indeque
2300 3481 2602 3552 migrarant
2630 3480 3178 3549 Constantinopolim,
3206 3490 3261 3535 et
3288 3480 3633 3534 senatoriam

2044 3572 2208 3644 642
2226 3573 2404 3643 adepti
2432 3572 2772 3643 dignitatem,
2803 3572 2875 3625 ibi
2904 3572 3110 3641 prolem
3133 3571 3296 3626 istam
3324 3579 3643 3641 genueram

2046 3683 2169 3738 quae
2196 3666 2297 3720 Nili
2319 3665 2538 3721 nomine
2563 3665 2685 3720 ideo
2712 3663 2814 3719 fuit
2854 3664 3132 3735 insignita.
3162 3662 3317 3719 Nilus
3344 3674 3496 3718 certe
3533 3679 3637 3718 no—

2048 3770 2179 3823 ster,
2216 3760 2289 3815 uti
2344 3768 2567 3813 sanctus
2621 3758 2954 3813 Athanasius
2994 3758 3047 3811 in
3085 3757 3383 3827 Ὤρολογίῳ
3411 3756 3642 3811 Graeco-

2048 3865 2209 3914 rum,
2268 3848 2448 3918 Νείλῳ
2510 3846 2830 3918 χρυσορρόῳ
2890 3846 3195 3915 comparari
3264 3856 3493 3915 potest:
3536 3844 3643 3899 fuit

2047 3940 2266 4011 quidem
2298 3938 2452 3993 Nilus
2494 3938 2783 3993 ﬂuviorum
2825 3939 2977 3993 orbis
3011 3946 3279 4007 teryarnm
3332 3938 3638 4001 maximus,

2048 4036 2095 4091 si
2119 4036 2394 4092 credimus
2419 4034 2481 4090 A.
2514 4034 2712 4101 Gellio,
2747 4034 2785 4088 l.
2820 4051 2855 4088 ιι
2886 4032 3046 4088 Nocl.
3095 4034 3260 4087 Attic.
3286 4049 3339 4089 c.
3375 4036 3430 4100 7,
3463 4042 3521 4088 et
3552 4050 3642 4089 ce—

2046 4126 2406 4191 leberrimus,
2455 4140 2619 4196 quem
2662 4123 2839 4180 Graeci
2888 4124 3092 4179 dictum
3143 4137 3338 4194 putant
3384 4124 3497 4177 ἀπὺ
3541 4128 3641 4194 τῆς

2047 4219 2173 4281 νέας
2219 4217 2385 4282 ἰλύος,
2429 4218 2479 4272 id
2527 4226 2633 4281 est,
2664 4234 2699 4271 a
2741 4233 2872 4271 novo
2920 4216 3087 4283 limo;
3138 4233 3265 4271 nam
3309 4215 3485 4271 eﬂnse
3519 4226 3639 4270 sta-

2048 4327 2244 4383 gnans,
2294 4326 2358 4366 ac
2401 4311 2677 4366 inundans
2735 4311 3026 4380 quotannis
3074 4310 3265 4380 irrigat
3309 4308 3635 4380 Egyptum,

2046 4401 2277 4471 ejusque
2332 4416 2496 4470 super
2527 4410 2645 4454 sata
2691 4416 2892 4456 novum
2937 4402 3152 4456 inducit
3197 4401 3437 4466 lituum;
3473 4413 3637 4471 utque

2051 4493 2203 4549 canit
2228 4492 2507 4563 Virgilius;
2541 4492 2575 4545 4
2601 4491 2842 4562 Georgia.

2185 4584 2256 4638 Et
2284 4586 2503 4639 viridem
2526 4581 2817 4654 Egyptum
2840 4585 2991 4653 nigra
3023 4584 3272 4653 fecundat
3304 4602 3493 4640 arena.

2050 4677 2211 4733 Certe
2245 4677 2497 4730 ΝΕΙΛΟΣ
2520 4692 2615 4732 sex
2650 4676 2845 4732 litteris
2871 4684 3087 4731 constat
3108 4694 3125 4742 ;
3146 4674 3192 4728 N
3223 4675 3503 4748 signiﬁcat
3532 4693 3635 4731 nn-

2052 4785 2265 4825 merum
2283 4768 2837 4839 quinquagenarium;
2866 4767 2927 4831 E,
2950 4768 3202 4837 quintum
3226 4785 3240 4832 ;
3268 4769 3310 4833 1,
3332 4769 3631 4837 decimum;

2051 4860 2118 4926 A,
2167 4859 2533 4924 tricesimum;
2576 4857 2648 4924 Ο,
2677 4860 3172 4929 septuagesimum;
3227 4860 3287 4921 Σ,
3326 4863 3634 4914 ducentesi-

2052 4969 2237 5019 mum;
2285 4951 2691 5022 conﬁciuntque
2735 4952 2824 5005 illa
2854 4954 3125 5007 elementa
3164 4967 3458 5006 numerum
3512 4952 3630 5017 565,

2052 5051 2186 5113 quot
2230 5041 2503 5097 nimirum-
2544 5042 2694 5095 luces
2731 5040 2895 5095 habet
2942 5055 3122 5095 annus
3164 5039 3477 5101 absolutus,
3515 5054 3565 5092 c.
3599 5054 3632 5091 ιι

380 5133 921 5204 stantinopolitanum
946 5135 1319 5206 prmrogativis
1356 5145 1573 5191 auctum
1601 5150 1765 5190 nemo
1793 5135 1952 5206 igno-
1982 5151 2027 5208 ι)
2054 5136 2305 5198 Genesis,
2332 5151 2386 5190 ν.
2414 5135 2501 5201 15,
2529 5142 2583 5188 et
2610 5132 2995 5198 Ecclesiastici,
3029 5148 3078 5187 c.
3106 5148 3253 5199 xxxv,
3282 5149 3338 5186 ν.
3360 5133 3432 5187 55
3462 5142 3518 5187 et
3546 5133 3629 5188 37.

377 5237 465 5282 rat
496 5228 535 5281 l.
564 5246 687 5294 xcv,
715 5230 777 5285 C.
810 5230 915 5286 eod
957 5230 1030 5285 De
1065 5231 1318 5300 episcop.,
1352 5230 1494 5286 sicut
1525 5230 1648 5284 urbi
1696 5228 1956 5299 frequen-

382 5321 579 5387 tandae,
620 5321 851 5387 civibus,
895 5321 991 5390 qui
1032 5320 1225 5376 domos
1254 5319 1516 5374 haberent
1563 5317 1955 5385 immunitates,

381 5428 723 5482 annonaeque
749 5428 1026 5468 concessa:
1050 5422 1193 5467 sunt.
1218 5409 1465 5481 Denique
1491 5409 1805 5480 praafectum
1831 5410 1955 5465 urbi

383 5522 529 5561 anno
558 5506 621 5560 C.
657 5506 721 5560 N.
751 5507 853 5562 ’559
895 5508 1042 5576 (nam
1086 5507 1218 5561 urbs
1270 5503 1769 5574 ConstantinOpolis
1816 5518 1953 5558 con-

384 5599 524 5653 strui
556 5599 723 5667 coepit
755 5599 842 5654 die
868 5598 937 5653 26
959 5597 1278 5654 Novembris
1317 5613 1463 5653 anno
1485 5597 1610 5653 5‘28.
1644 5597 1956 5653 Cedrenus-

386 5704 493 5757 que
548 5690 600 5744 id
647 5690 865 5755 asserit,
917 5700 971 5746 et
1004 5689 1254 5748 Julianus
1308 5690 1422 5761 ipse
1460 5691 1597 5763 Aug.
1647 5699 1703 5747 at
1749 5691 1836 5747 die
1889 5690 1949 5749 11

2053 5227 2237 5283 Nilum
2268 5226 2419 5282 Geon
2450 5235 2824 5297 nuncupatum
2845 5234 3091 5291 censent,
3123 5240 3220 5280 seu
3242 5224 3434 5281 Gehon
3465 5226 3631 5280 sancti

2054 5319 2413 5391 Epiphanius,
2460 5317 2847 5392 Hieronymus,
2886 5318 3230 5381 Ambrosius,
3270 5317 3627 5389 Augustinus,

2060 5412 2459 5476 Theodoretus,
2490 5410 2816 5477 Eucherius,
2855 5409 3121 5473 Isidorus,
3160 5409 3403 5466 Joannes
3444 5408 3633 5463 Dama-

2061 5521 2278 5572 scenus,
2313 5505 2594 5573 Rabanus,
2626 5502 2921 5575 Rupertus,
2950 5514 3003 5558 et
3032 5503 3147 5569 alii,
3174 5519 3314 5573 quos
3363 5504 3551 5567 citant,
3579 5510 3631 5557 et

2057 5606 2362 5668 sequuntur
2406 5598 2902 5663 Conimbriccnses,
2955 5606 3116 5653 tract.
3169 5596 3203 5652 9
3264 5598 3315 5650 in
3376 5595 3629 5663 Μειεοηι,

2059 5706 2109 5747 c.
2142 5690 2243 5759 10;
2282 5688 2480 5748 [libera
2506 5691 2563 5745 in
2595 5690 2777 5758 Amos,
2812 5705 2864 5746 c.
2894 5706 2970 5757 vr,
3000 5705 3150 5745 num.
3180 5688 3288 5759 44;
3335 5687 3627 5745 cardinalis
