3808 6226
133 307 299 372 1369
1472 309 1571 369 DE
1609 310 1771 369 νιτΑ

1873 358 1886 371 .
1922 310 2112 372 NILI.
3307 307 3445 374 1370

131 419 488 475 ltellarmin.
538 418 611 473 De
651 420 828 490 gratia
858 417 1017 489 primi
1068 418 1316 487 hominis,
1362 434 1482 490 cap.
1516 422 1756 490 l"2,-pro-
1782 434 1830 489 Α
1858 423 2259 478 Garmatltoncs
2336 430 2390 478 ct
2449 418 2818 475 Thcrtnutidis
2874 420 3242 492 synonymia).
3287 422 3445 491 Quod

128 515 305 567 fet-to
333 512 709 583 .Septuaginta
752 511 808 566 in
838 526 891 566 c.
926 527 989 577 ll,
1023 527 1074 566 ν.
1106 512 1197 577 18,
1241 512 1491 567 .leremiae
1525 522 1750 567 vertunt
1858 530 1987 569 vero
2040 514 2262 584 quidam
2306 512 2552 568 scribant
2600 511 2777 565 Gelton
2803 551 2818 576 ,
2877 512 3043 581 aliqui
3103 513 3293 577 Gihon,
3351 517 3445 573 alii

135 607 322 661 Geon
382 604 595 671 Nilum,
639 604 732 658 ubi
783 604 1000 675 vulgata
1032 604 1233 669 versio,
1273 604 1491 673 ﬂumen.
1539 605 1756 659 Etenim

134 696 361 751 Gehon
388 696 686 751 secundum
726 711 791 751 ex
820 704 1057 766 quatuor
1084 694 1405 775 ﬂuminibus
1442 712 1473 749 e
1504 696 1758 764 paradiso

142 788 425 842 terrestri
485 788 941 858 promauantibus
992 784 1258 843 Hebraice
1310 786 1573 842 scribitur
1615 780 1758 875 pm;

141 893 315 964 quod
355 893 633 964 Pagninus
658 908 723 947 ex
754 893 1130 949 characterum
1158 893 1546 949 Hebraicorum
1580 894 1632 947 vi
1660 908 1758 946 ex-

145 982 362 1051 primit
392 980 587 1035 Latine
625 979 861 1035 Ghichon
884 1021 901 1047 ,
934 980 1164 1036 Genesis
1206 980 1325 1035 loco
1360 980 1622 1035 laudato:
1662 979 1758 1034 de-

148 1073 396 1128 ducitur
445 1081 629 1127 autem
698 1072 769 1127 ab
815 1071 1085 1129 Hebraica
1132 1073 1318 1128 radice
1377 1082 1471 1156 ΠΗ
1530 1073 1755 1142 gavach,

152 1178 322 1247 quod
380 1186 465 1234 est
496 1192 805 1246 erumpere,
837 1186 894 1232 et
924 1193 1049 1233 cum
1097 1179 1300 1249 impetu
1329 1192 1605 1233 emanare.
1653 1176 1757 1230 Alii

154 1270 457 1323 deducunt
522 1276 614 1358 In;
687 1267 948 1334 Guchan,
1011 1270 1159 1339 quod
1238 1270 1509 1340 signiﬁcat
1574 1279 1757 1325 actum

156 1374 451 1445 reptilium
483 1374 845 1444 gradientium
891 1388 1060 1445 super
1115 1384 1331 1444 pectus,
1376 1391 1443 1431 ac
1483 1384 1753 1438 ventrem,

159 1482 348 1537 seque
399 1467 733 1521 trahentium
793 1467 848 1521 in
904 1466 1318 1521 similitudinem
1368 1466 1537 1520 ﬂuvii.
1565 1465 1761 1532 ,Quare

157 1558 428 1613 nonnulli
460 1560 888 1628 interpretantur
910 1558 1099 1613 Gehon
1125 1567 1324 1627 pectus,
1358 1574 1456 1614 seu
1477 1568 1756 1625 ventrem;

160 1651 352 1706 Graeci
406 1651 705 1721 scriptores
731 1650 893 1719 γεῶν,
923 1666 1034 1705 non
1076 1651 1223 1721 quod
1266 1651 1512 1705 alludant
1543 1651 1608 1704 ad
1633 1651 1757 1721 γῆν,

162 1756 275 1801 acu
324 1744 509 1811 γαῖαν,
555 1742 766 1797 scilicet
822 1750 1057 1806 terram,
1102 1741 1244 1809 quod
1296 1739 1469 1795 Gra:ci
1510 1748 1763 1808 poterant

163 1835 418 1905 opinari,
464 1843 686 1905 propter
715 1834 931 1899 limum,
978 1844 1035 1888 et
1088 1833 1156 1888 ad
1202 1847 1392 1900 vocem
1435 1830 1757 1886 Hebraieam

164 1928 627 1997 exprimendam,
674 1928 817 1981 sicut
844 1926 1011 1981 etiam
1049 1925 1181 1981 facit
1219 1924 1443 1980 Latinus
1466 1926 1760 1994 interpres,

173 2021 280 2090 qui
337 2035 446 2075 non
504 2020 630 2090 legit
691 2013 829 2107 ῖῆτινςι
882 2033 1007 2073 cum
1063 2018 1238 2074 vocali
1285 2018 1304 2071 i
1359 2016 1557 2085 longa,
1612 2016 1763 2071 scili-

166 2133 265 2182 cet
335 2126 502 2180 chiric
565 2124 724 2195 gadol
786 2125 843 2179 in
914 2124 1091 2194 prima
1164 2123 1384 2189 littera,
1452 2122 1546 2176 sed
1624 2114 1764 2210 pro;

165 2247 303 2287 cum
347 2231 521 2287 vocali
563 2240 717 2295 tsere,
764 2244 861 2286 seu
904 2246 932 2284 e
974 2229 1154 2300 longa,
1190 2229 1245 2283 in
1284 2237 1528 2299 quotam
1563 2226 1761 2291 Grzeci,

169 2340 345 2394 quam
390 2324 570 2379 Latini
611 2322 958 2391 distinguunt
1010 2322 1210 2377 ﬂumen
1252 2322 1359 2376 hoc
1403 2335 1658 2391 magnum
1695 2319 1763 2373 ab

168 2418 291 2471 alio
332 2416 555 2472 ﬂumine
584 2416 933 2487 parvojuxta
975 2413 1301 2477 Jerusalem,
1333 2415 1479 2484 quod
1522 2416 1593 2468 ita
1629 2412 1765 2468 scri-

171 2509 333 2564 bitur
376 2523 407 2561 a
440 2507 714 2562 modernis
748 2505 1009 2561 Rabbinis
1039 2500 1176 2588 Tim;
1208 2504 1463 2560 Gliichon.
1494 2505 1581 2559 Fit
1610 2519 1764 2558 men-

174 2614 259 2668 tio
304 2613 449 2670 illius
489 2613 527 2669 l.
566 2613 636 2667 lll
690 2612 922 2681 Regum,
974 2628 1024 2666 c.
1062 2629 1108 2675 ι,
1163 2628 1217 2666 v.
1261 2612 1366 2677 55,
1402 2612 1489 2665 tibi
1539 2609 1766 2663 Latinus

175 2707 459 2775 interpres
506 2705 741 2775 appellat
783 2705 914 2758 illud
965 2702 1158 2769 Gihon,
1210 2713 1264 2759 et
1302 2702 1478 2758 Graeci
1513 2700 1766 2756 similiter

173 2796 375 2862 Γειὼν,
405 2796 500 2867 qui
531 2796 729 2851 ﬂuvius
756 2796 863 2850 alio
886 2795 1111 2849 nomine
1136 2803 1366 2848 vocatur
1397 2790 1581 2853 Siloe;
1614 2789 1761 2845 unde

174 2889 472 2945 Chaldaeus
520 2888 789 2958 interpres
846 2887 1010 2942 habet
1071 2870 1285 2973 nfﬁ‘vitp'
1350 2884 1603 2949 Scito/ta;
1664 2898 1766 2937 cu-

173 2998 274 3066 jus
316 3006 493 3050 exstat
527 2979 732 3051 mentio
779 2997 920 3067 apud
955 2994 1243 3058 Joannem,
1279 3006 1329 3045 c.
1374 3006 1461 3054 ix,
1504 3007 1557 3049 v.
1588 2989 1643 3053 7,
1673 2985 1766 3041 ubi

178 3089 350 3141 etiam
415 3088 801 3157 interpretatur
852 3088 1068 3141 missus.
1120 3082 1374 3137 Flumina
1422 3082 1568 3136 enim
1621 3094 1766 3149 saepe

1858 605 2115 669 Ghiclton,
2162 604 2408 659 nonnulli
2452 605 2643 668 aliter;
2686 603 2811 657 inde
2842 606 3109 672 provenit,
3141 608 3283 676 quod
3314 608 3445 661 cha-

1858 708 2097 753 racteres
2143 695 2441 751 llebraicos
2499 711 2605 749 non
2665 710 2858 749 omnes
2921 695 3112 749 iisdem
3164 697 3448 754 characte-

1858 788 2011 843 rihus
2065 786 2274 843 Latinis
2320 787 2647 857 exprimant,
2692 793 2747 839 et
2787 784 2950 839 etiam
2999 786 3143 855 quod
3182 801 3290 841 non
3322 803 3446 841 om-

1858 895 1957 934 nes
1989 894 2110 934 cum
2142 878 2331 934 iisdem
2362 877 2578 948 punctis
2604 877 2807 946 legant,
2843 876 2893 930 id
2920 878 3064 946 quod
3093 878 3145 931 in
3171 878 3445 948 plerisque

1858 971 1981 1027 aliis
2016 969 2297 1026 Hebraicis
2318 969 2652 1033 nominibus,
2687 983 2810 1035 quae
2860 967 3068 1022 Latinis
3114 969 3444 1023 characteri-

1858 1058 1963 1115 bus
1997 1074 2255 1128 expressa
2303 1066 2453 1122 sunt,
2512 1056 2760 1110 videmus
2808 1056 3143 1126 contingere.
3178 1054 3287 1111 Nec
3335 1056 3446 1110 ullo

1859 1152 2024 1205 modo
2085 1150 2194 1205 dici
2248 1156 2426 1219 potest
2479 1146 2659 1202 Gelion
2706 1144 2970 1202 Hebraice
3025 1145 3214 1201 Nilum
3260 1147 3447 1202 Graace

1860 1243 2215 1307 reddendum,
2258 1258 2384 1298 cum
2422 1254 2551 1297 sunt
2607 1242 2722 1295 haec
2777 1241 2885 1295 duo
2943 1242 3167 1295 nomina
3216 1240 3448 1295 diversa:

1861 1334 2088 1389 omnino
2114 1334 2558 1404 signiﬁcationis,
2596 1334 2724 1391 licet
2763 1333 3103 1404 applicentur
3135 1331 3310 1385 eidem
3340 1330 3447 1385 ﬂu-

1860 1425 2017 1489 mini,
2045 1433 2107 1479 ut
2130 1424 2244 1494 jam
2275 1425 2480 1479 dictum
2528 1434 2647 1492 est;
2675 1426 2854 1481 ethoc
2903 1423 3100 1479 accidit
3128 1423 3182 1476 in
3226 1422 3443 1487 Albula,

1860 1524 1915 1572 et
1950 1515 2152 1581 Tiberi,
2177 1516 2232 1569 in
2267 1515 2524 1579 Eridano,
2548 1526 2603 1571 et
2628 1516 2794 1579 Pado,
2819 1525 2873 1570 et
2902 1515 3138 1570 caeteris.
3179 1515 3253 1568 Ita
3281 1513 3444 1567 etiam

1861 1609 2111 1664 homines
2156 1624 2299 1678 saepe
2329 1618 2735 1677 nuncupantur,
2777 1609 2992 1663 duobus
3020 1606 3354 1669 nominibus,
3387 1613 3448 1658 ιιι

1863 1699 2028 1756 Israel
2058 1710 2110 1756 et
2135 1699 2325 1761 Jacoh,
2358 1698 2546 1754 Simon
2589 1707 2643 1755 et
2680 1699 2897 1763 Petrus,
2932 1708 2986 1753 et
3032 1698 3247 1767 reliqui,
3276 1708 3331 1750 et
3360 1705 3445 1750 ta-

1792 1808 1835 1863 Β
1864 1811 1987 1850 men
2017 1793 2234 1847 nonnisi
2274 1794 2459 1861 inepte
2489 1793 2797 1848 diceremus
2837 1808 3006 1846 unum
3033 1806 3232 1845 nomen
3272 1790 3443 1844 inter-

1863 1886 2064 1956 pretari
2111 1886 2363 1947 alterum,
2402 1885 2546 1939 sicut
2589 1884 2791 1953 Joseph
2841 1894 2925 1939 est
2976 1883 3245 1948 Crescens,
3278 1880 3446 1935 ludas

1864 1979 2177 2047 Confessio,
2234 1977 2404 2033 Jacob
2452 1975 2875 2045 Supplantator;
2924 1991 3161 2046 quorum
3211 1975 3443 2029 alterum

1864 2081 2063 2120 nomen
2101 2075 2185 2121 est
2218 2066 2598 2135 interpretatio
2636 2068 2883 2121 alterius.
2932 2066 3185 2135 Abyssini
3220 2065 3443 2134 quidem

1862 2165 2060 2210 vocant
2083 2154 2264 2208 Nilum
2288 2156 2453 2209 hodie
2475 2155 2695 2225 Gujion,
2729 2164 2863 2210 teste
2892 2156 3188 2210 Francisco
3218 2154 3445 2208 Alvarez

1866 2247 2010 2301 Hist.
2050 2246 2394 2316 xEthiopicaz,
2427 2262 2548 2316 cap.
2580 2245 2718 2313 122;
2753 2246 2895 2316 apud
2930 2246 3240 2302 Cornelium
3274 2262 3304 2298 a
3337 2246 3447 2299 La-

1866 2339 1989 2410 pide
2031 2338 2085 2393 in
2113 2354 2163 2393 c.
2199 2355 2233 2392 tt
2276 2338 2475 2393 Genes.
2509 2338 2812 2403 laudatum,
2858 2338 2946 2392 ubi
2996 2338 3288 2407 respondet
3326 2336 3445 2406 plu-

1864 2446 1955 2486 res
2001 2429 2196 2484 ﬂuvios
2227 2428 2380 2483 Geon
2427 2429 2700 2484 nominari
2729 2429 2822 2483 lib.
2856 2429 2921 2484 ΙΙΙ
2959 2428 3093 2498 Reg.
3126 2443 3176 2482 c.
3207 2445 3247 2494 ι,
3278 2443 3328 2483 v.
3357 2427 3446 2490 55,

1865 2532 1921 2577 et
1960 2522 2315 2590 Paralipom.,
2348 2537 2520 2587 χχχιι,
2554 2536 2607 2574 v.
2641 2522 2742 2575 50:
2785 2529 2840 2575 et
2893 2520 3192 2583 concludit,
3235 2518 3447 2588 Tigrim

1864 2624 1921 2670 et
1950 2614 2283 2685 Euphratem
2337 2615 2505 2683 coire,
2552 2628 2615 2669 ac
2650 2628 2845 2668 rursus
2895 2613 3084 2679 dividi,
3123 2622 3177 2667 et
3222 2612 3276 2665 in
3308 2611 3449 2666 duos

1865 2709 1943 2764 ita
1975 2708 2182 2764 divisos
2212 2708 2435 2761 nomina
2473 2708 2812 2771 submutare,
2838 2705 3174 2774 Phasimque
3196 2703 3449 2771 vocitari,

1867 2817 1963 2856 seu
1997 2799 2367 2871 Phasitigrim,
2403 2815 2571 2853 unum
2617 2798 3011 2855 circumeundo
3048 2808 3253 2851 terram
3282 2794 3452 2848 Hevi-

1867 2893 2001 2959 lath,
2039 2900 2094 2946 et
2130 2892 2278 2946 hunc
2330 2906 2454 2946 esse
2505 2891 2751 2955 Phison;
2802 2890 3058 2954 alterum,
3104 2888 3449 2943 nominatum

1867 2983 2039 3049 Geon,
2082 2982 2339 3036 Arabiam
2371 2982 2666 3047 desertam,
2697 2982 2841 3036 circa
2875 2995 3044 3049 quam
3076 2988 3130 3033 et
3162 2977 3443 3046 [Ethiopia

1866 3082 1969 3139 est,
2031 3071 2434 3137 circumﬂuere,
2487 3073 2787 3141 amhosque
2836 3072 2891 3126 iu
2954 3069 3135 3125 sinum
3172 3067 3451 3123 Persicum

183 3182 394 3235 habent
424 3148 580 3249 plura
631 3180 880 3253 nomina,
909 3177 1073 3233 veluti
1125 3191 1275 3230 mare
1318 3173 1586 3237 Rubrutn,
1618 3148 1767 3243 quod
1793 3148 1834 3205 θ
1868 3162 2068 3228 delabi,
2133 3170 2297 3231 atque
2330 3160 2398 3214 ad
2437 3161 2591 3215 illum
2636 3158 3025 3221 conﬂuentem,
3069 3160 3183 3212 sive
3214 3157 3451 3212 insulam

184 3270 454 3325 llebraice
502 3269 697 3324 dicitur
737 3279 837 3356 t-TD
870 3278 935 3352 ει]
996 3267 1122 3321 Jam
1180 3265 1348 3331 Supli,
1392 3264 1443 3318 id
1496 3272 1581 3319 est
1612 3278 1767 3318 mare

184 3376 399 3430 Caricis
447 3391 476 3428 a
538 3373 890 3429 multitudine
945 3372 1222 3435 caricutn,
1271 3379 1326 3425 et
1378 3368 1561 3425 Graece
1608 3368 1767 3439 Ἐρυ-

186 3468 402 3538 θραίον,
440 3464 819 3536 Erythraaum,
878 3464 964 3518 vel
1017 3484 1048 3516 a
1100 3476 1225 3532 rege
1272 3460 1537 3532 Erythra,
1579 3460 1662 3513 vel
1699 3458 1768 3512 ab

186 3557 374 3613 arenis
404 3556 604 3610 rubris.
631 3557 697 3609 Et
732 3556 833 3609 hoc
878 3554 1058 3624 ipsum
1089 3553 1275 3609 Gehon
1296 3592 1311 3617 ,
1346 3553 1413 3606 de
1439 3567 1549 3621 quo
1590 3549 1769 3620 loqui-

188 3661 337 3711 mur,
370 3642 570 3698 ﬂumen
600 3641 835 3712 paradisi
869 3658 896 3694 a
930 3640 1138 3705 multis,
1184 3640 1638 3711 gravissimisque
1666 3652 1768 3691 au-

191 3737 432 3794 ctoribus
454 3735 619 3789 etiam
654 3734 807 3789 Nilus
830 3733 1151 3804 appellatur,
1176 3732 1260 3786 vel
1289 3748 1319 3786 a
1352 3746 1477 3802 rege
1510 3729 1653 3793 Nilo,
1683 3729 1769 3784 vel

191 3828 339 3898 quod
369 3825 591 3881 assidue
621 3840 803 3880 secum
832 3826 1007 3878 trahat
1041 3822 1204 3894 643
1238 3823 1364 3875 νέαν
1397 3821 1531 3889 ἰλὺν,
1574 3821 1628 3875 id
1663 3828 1767 3885 est,

194 3936 381 3975 novum
414 3919 619 3982 limum,
660 3918 738 3969 uti
775 3916 1032 3985 praelatus
1055 3932 1176 3970 sum
1207 3933 1221 3969 :
1257 3916 1352 3969 sed
1381 3915 1449 3969 de
1479 3916 1582 3968 hoc
1607 3914 1769 3967 modo

194 4024 307 4063 non
352 4007 594 4076 disputat
644 4004 707 4056 R.
738 4006 798 4059 Ρ.
848 4004 1157 4059 Ludovicus
1201 4001 1501 4057 Maraccius
1559 4000 1771 4056 Lucen-

196 4100 275 4155 sis
317 4114 346 4154 e
386 4099 805 4169 congregatione
848 4097 1172 4153 clericorum
1221 4094 1547 4166 regularium
1585 4092 1771 4148 Matris

196 4190 316 4254 Dei,
353 4206 382 4243 a
420 4206 529 4259 quo
564 4190 680 4247 haec
712 4189 891 4255 hausi,
921 4188 1005 4242 vir
1043 4186 1409 4256 complurium
1462 4186 1770 4256 linguarum

196 4280 577 4352 peritissimus,
616 4289 671 4335 et
698 4294 824 4334 vere
854 4278 978 4348 pius
1037 4293 1100 4332 ac
1134 4276 1444 4346 religiosus.
1474 4276 1540 4330 Et
1562 4276 1629 4330 de
1655 4275 1774 4329 Nilo

197 4372 332 4427 satis
378 4385 651 4440 superque
698 4368 804 4422 Leo
840 4367 1071 4422 Allatius
1105 4367 1160 4421 in
1195 4381 1293 4421 sua
1346 4365 1609 4431 Diatriha,
1649 4377 1775 4435 rege

197 4476 412 4530 nempe,
454 4476 485 4515 a
525 4475 635 4530 quo
668 4458 849 4514 Nilum
881 4457 1104 4511 ﬂuvium
1140 4457 1376 4512 traxisse
1408 4456 1524 4510 vult
1548 4469 1771 4519 nomen,
1805 4499 1848 4555 D

199 4572 360 4628 quem
392 4556 688 4621 Oceanum,
734 4554 1006 4624 Aquilam,
1054 4551 1269 4616 Melam,
1310 4549 1625 4622 Egyptum,
1654 4546 1776 4602 Tri-

200 4661 405 4712 tonem,
436 4649 763 4717 tandemque
811 4646 993 4700 Nilum
1031 4660 1063 4699 e
1094 4643 1388 4699 Plutarcho
1431 4643 1487 4698 in
1530 4642 1669 4697 libro
1698 4640 1776 4696 De

200 4743 507 4813 ﬂuminibus
533 4740 718 4806 tradit,
750 4739 1111 4809 appellatum;
1141 4744 1196 4791 et
1220 4752 1284 4791 ex
1315 4734 1584 4790 Eustathii
1606 4733 1766 4788 Scho-

202 4838 293 4893 liis
326 4836 377 4889 in
408 4834 648 4903 Dionysii
672 4832 787 4887 Afri
819 4832 1173 4902 Περιήγησιν,
1194 4831 1287 4885 sed
1306 4828 1452 4898 quod
1482 4844 1605 4882 eum
1636 4826 1774 4881 Gar-

201 4923 486 4979 ntathones
520 4919 739 4991 ngypti
772 4919 972 4987 reginae
1004 4918 1203 4982 virum,
1236 4916 1352 4971 sive
1396 4916 1565 4969 ﬁlium
1598 4915 1772 4980 aiunt,

201 5023 532 5071 asserentem
583 5013 732 5064 illum
768 5010 940 5066 fuisse
979 5008 1349 5065 Thermutidis
1383 5008 1504 5063 ﬁliae
1531 5006 1775 5061 Pharao-

202 5102 291 5157 nis
318 5100 458 5168 regis
511 5097 731 5168 [Egypti
770 5096 978 5163 virum;
1026 5097 1105 5152 sic
1134 5095 1335 5151 etenim
1373 5104 1571 5149 vocant
1610 5094 1773 5148 ﬁliam

206 5190 345 5259 regis
363 5189 633 5258 .loscphus
662 5190 715 5242 in
738 5185 1446 5257 AntiquitatibusJudaic.et
1463 5186 1520 5243 S.
1543 5185 1776 5256 Epipha-

208 5284 328 5337 nius
357 5281 549 5336 haeres.
574 5281 663 5336 78.
700 5280 1147 5351 apud.Salianum
1175 5280 1231 5333 in
1266 5278 1514 5334 Annalib.
1546 5281 1616 5333 ab
1641 5278 1775 5332 orbe

204 5374 419 5433 condito
448 5374 516 5428 ad
563 5388 769 5428 annum
805 5372 996 5428 mundi
1044 5371 1205 5437 2464,
1236 5387 1293 5427 n.
1326 5372 1421 5437 M;
1462 5386 1628 5441 quam
1658 5370 1770 5438 alii,

204 5482 398 5537 nempe
445 5465 714 5522 Eusebius
768 5466 867 5521 lib.
913 5483 968 5521 ιι
1016 5464 1095 5519 De
1134 5472 1421 5535 praeparat.
1449 5464 1765 5534 evangelica,

205 5574 323 5630 cap.
380 5559 435 5626 4,
493 5558 733 5624 Merrin,
791 5569 846 5615 et
894 5567 1086 5615 auctor
1127 5556 1370 5613 chronici
1417 5555 1771 5611 Alexandrini

210 5652 438 5706 Merrhin
498 5651 810 5723 appellant;
867 5661 985 5707 erat
1011 5660 1191 5707 autem
1231 5649 1465 5716 sterilis,
1515 5650 1656 5716 sicut
1703 5650 1773 5706 le-

208 5745 347 5817 gitur
408 5743 631 5801 ibidem.
692 5744 917 5814 (Suadet
971 5747 1110 5802 hanc
1171 5759 1347 5802 meam
1414 5744 1767 5800 assertionem

1868 3255 2117 3311 Teredon
2162 3252 2336 3308 fuisse
2392 3260 2709 3307 terrestrem
2759 3252 3071 3321 paradisum
3119 3264 3150 3303 e
3197 3248 3451 3313 Pererio,

1866 3344 2134 3409 Oleastro,
2164 3342 2475 3414 Eugubiuo,
2500 3342 2750 3407 Vatablo,
2780 3351 2835 3396 et
2863 3340 3124 3395 Janseuio
3180 3341 3236 3393 iu
3268 3355 3318 3395 c.
3350 3338 3454 3392 145

1868 3442 2179 3497 Concordia?
2203 3439 2534 3509 evangelium,
2558 3438 2801 3494 Gerardo
2831 3438 3156 3500 Mercatore,
3190 3453 3256 3492 ac
3281 3438 3457 3490 Abra-

1869 3534 2032 3588 batuo
2060 3532 2268 3587 Ortelio
2290 3531 2369 3585 De
2415 3529 2528 3584 Nili
2561 3530 2820 3598 fontibus,
2857 3539 2904 3583 et
2929 3530 3106 3582 causis
3140 3527 3457 3581 inundatio-

1869 3627 1984 3691 nis;
2026 3626 2254 3692 Seneca,
2304 3624 2401 3679 lib.
2446 3640 2499 3677 tv
2530 3622 2732 3677 Natur.
2777 3631 2966 3693 quaest.
3014 3622 3037 3674 1
3091 3621 3242 3685 etii;
3280 3620 3444 3685 Pliu.,

1869 3715 1966 3769 lib.
2008 3731 2061 3782 v,
2092 3730 2213 3785 cap.
2258 3715 2291 3769 9
2342 3712 2713 3779 ΝαιιινηνΙιίδι.
2750 3722 2806 3769 et
2839 3714 3035 3766 librum
3074 3711 3278 3766 Gallice
3322 3726 3458 3764 cou-

1870 3807 2090 3877 scripsit
2130 3806 2400 3861 archiater
2428 3805 2839 3861 eruditissimus
2873 3804 2935 3861 Ι).
2969 3804 3037 3859 de
3079 3805 3126 3857 la
3158 3802 3449 3857 Chamhre.

1869 3897 2078 3953 Nomen
2123 3895 2226 3950 Nili
2274 3895 2411 3950 forte
2443 3894 2544 3948 fuit
2589 3893 2905 3963 impositum
2960 3891 3083 3946 Nilo
3126 3890 3326 3955 abbati,
3371 3888 3456 3943 vel

1870 3986 2073 4043 ominis
2099 4001 2265 4041 causa
2291 3984 2476 4057 644,
2524 3984 2650 4055 quia
2685 3985 2904 4054 eloquio
2947 4000 3048 4039 suo
3090 3984 3456 4037 inundaturus

1871 4089 1990 4133 erat
2013 4077 2191 4131 aulatn
2219 4076 2651 4146 imperatoriam,
2675 4077 2897 4144 suisque
2925 4074 3147 4128 monitis
3171 4085 3225 4127 et
3253 4088 3455 4142 praece-

1874 4169 2000 4238 ptis,
2038 4175 2395 4237 posteaquam
2443 4166 2511 4219 ab
2554 4180 2619 4219 ea
2661 4165 2904 4229 recessit,
2933 4174 2988 4218 et
3026 4164 3093 4217 ad
3128 4173 3308 4217 castra
3338 4177 3453 4216 cm-

1874 4259 2021 4315 lestis
2046 4257 2211 4327 Regis
2237 4270 2424 4327 regum
2448 4255 2717 4319 transivit,
2745 4256 2915 4323 ipsius
2938 4268 3149 4317 servos,
3179 4262 3233 4306 et
3262 4268 3454 4305 mona-

1874 4351 2026 4417 chos,
2062 4350 2354 4419 ﬁdelesque
2394 4362 2606 4411 omnes,
2643 4356 2699 4402 et
2733 4345 2985 4415 speciosa
3015 4345 3218 4400 deserti
3260 4345 3457 4398 fecun-

1874 4444 2135 4509 daturus,
2195 4450 2250 4495 et
2303 4440 2767 4511 impinguaturus.
2829 4438 3022 4492 Omnia
3061 4438 3114 4491 in
3168 4439 3271 4491 hoc
3322 4436 3457 4490 orbe

1879 4547 2143 4592 terrarum
2177 4533 2461 4589 sublunari
2490 4532 2752 4588 volubilia
2780 4511 2910 4586 sunt
2948 4540 3111 4600 atque
3146 4527 3454 4593 mutabilia,

1876 4628 2020 4681 sicut
2056 4633 2110 4679 et
2139 4624 2267 4676 luna
2296 4623 2494 4688 variat,
2536 4630 2701 4692 atque
2733 4629 2995 4684 mutatur,
3042 4619 3265 4673 nomina
3319 4633 3455 4686 pra:-

1877 4718 2068 4773 sertitn
2094 4716 2404 4786 regionunt,
2436 4724 2490 4770 et
2517 4714 2829 4777 ﬂuminum,
2864 4712 3009 4767 sicut
3039 4721 3092 4765 et
3123 4710 3224 4780 ipsi
3291 4710 3452 4771 situs,

1878 4820 2041 4878 atque
2066 4822 2261 4862 cursus
2296 4806 2529 4859 induunt
2557 4820 2728 4860 novas
2769 4803 2967 4859 facies:
2997 4802 3324 4871 quibusdam
3350 4801 3454 4853 ﬂu—

1877 4900 2117 4955 minibus
2159 4900 2378 4953 nomiua
2412 4897 2583 4951 indita
2618 4896 2841 4952 fuerunt
2879 4896 2948 4949 ab
2992 4894 3307 4948 hominibus
3357 4892 3456 4947 de-

1876 4996 2091 5060 mersis,
2116 5007 2208 5048 aut
2239 4995 2307 5048 ab
2353 4995 2460 5047 alio
2498 5009 2649 5056 casu,
2689 5001 2745 5046 ut
2784 4991 3079 5044 iudicatum
3140 4990 3278 5041 fuit:
3355 4988 3456 5040 ho-

1875 5087 2051 5142 mines
2081 5087 2185 5156 ipsi
2218 5101 2436 5155 quoque
2465 5101 2495 5139 a
2544 5084 2859 5138 ﬂuminibus
2914 5099 2977 5137 ea
3012 5081 3243 5136 mutuati
3303 5088 3451 5146 sunt,

1876 5177 2179 5241 Potamius,
2218 5179 2545 5249 Euphrates,
2596 5177 2847 5247 Tygrius,
2889 5174 3227 5238 Rhodauius,
3263 5182 3317 5226 et
3361 5171 3454 5225 Ni—

1876 5270 1983 5325 lus.
2040 5268 2153 5341 Ego
2188 5285 2317 5324 vero
2351 5270 2402 5322 in
2435 5285 2555 5324 eam
2588 5268 2746 5322 facile
2805 5267 3129 5321 sententiam
3186 5265 3450 5329 adducor,

1875 5372 1933 5417 ut
1961 5376 2085 5417 eum
2124 5376 2156 5416 a
2200 5360 2517 5431 parentibus
2556 5360 2886 5414 Christianis
2944 5357 3286 5429 progenitum
3327 5372 3449 5409 crc-

1877 5461 2026 5525 dam,
2057 5460 2151 5530 qui
2182 5474 2380 5515 nomen
2414 5457 2543 5524 Nili,
2582 5456 2802 5527 quando
2834 5454 3009 5511 sacris
3070 5452 3289 5507 ablutus
3348 5450 3451 5505 fuit

1875 5552 2054 5623 aquis,
2085 5551 2197 5605 ﬁlio
2225 5565 2327 5606 suo
2381 5550 2668 5613 dederunt,
2730 5554 2791 5599 ut
2842 5544 3138 5614 Pansophii
3194 5541 3452 5612 martyris

1874 5644 2227 5703 Alexandrini
2256 5645 2359 5699 sub
2409 5641 2691 5711 Augustali
2729 5638 2962 5710 praeside
3017 5636 3190 5707 passi.
3240 5646 3445 5704 marty-

1874 5741 2049 5811 riiquc
2092 5739 2276 5795 laurea
2320 5736 2562 5795 coronati
2588 5735 2735 5808 (cum
2782 5732 2982 5791 Decius
3037 5731 3338 5801 imperator
3392 5726 3448 5782 in
