3808 6226
409 555 694 624 ctaretnr),
734 569 936 627 patrem
967 562 1150 622 Nilum
1181 576 1563 639 proconsulem
1607 580 1806 639 imitari
1857 601 1985 656 pos-

409 652 511 710 set,
544 647 762 714 pietate,
795 667 860 709 ac
903 656 1122 723 virtute,
1156 663 1286 731 quin
1313 674 1368 719 et
1393 665 1559 723 filium
1610 670 1984 745 Pansophium

407 750 571 804 apum
608 740 984 815 despicientia,
1023 765 1353 825 secessuque
1392 760 1446 814 in
1507 763 1882 835 solitudinem,
1930 780 1986 827 et

409 826 608 885 invicta
647 840 954 894 constantia
992 857 1342 915 exaequaret;
1377 852 1535 922 cujus
1563 867 1839 915 certamen
1866 862 1983 932 glo-

406 918 635 987 riosum,
682 934 737 980 et
787 930 1069 989 victoriam
1096 937 1282 995 Grmca
1341 942 1544 1001 Menma
1599 954 1983 1012 concelebrant

404 1012 493 1066 die
544 1015 612 1069 15
632 1016 899 1089 Januarii,
941 1038 994 1080 et
1023 1043 1122 1083 vox
1158 1032 1245 1086 illa
1272 1034 1490 1093 insonat
1536 1041 1775 1099 fidelium
1833 1050 1983 1103 auri-

403 1102 509 1159 bus
572 1117 834 1168 aeternum
892 1124 1297 1181 memoranda:
1333 1126 1697 1200 Pansapltium
1751 1139 1979 1208 amplius

402 1193 589 1248 cwdite
624 1198 1016 1277 (impostores),
1074 1211 1152 1265 sic
1198 1215 1339 1271 enim
1384 1219 1468 1272 illi
1513 1193 1699 1287 plures
1742 1193 1977 1294 plectetis

400 1284 662 1350 corollas,
697 1289 809 1345 imo
844 1296 1026 1363 potius
1063 1300 1378 1374 episcopum
1426 1284 1976 1387 Egyptium'Nilum,

400 1371 468 1426 de
496 1388 604 1442 quo
629 1373 915 1450 Eusebius,
945 1387 1040 1442 lib.
1096 1407 1213 1457 Vlll,
1252 1371 1385 1467 cap.
1458 1371 1730 1474 Silagit,

399 1465 541 1533 apud
562 1466 904 1530 Palaestinam
932 1479 1183 1539 incendio
1204 1465 1583 1549 concrematus
1613 1497 1737 1567 fuit,
1765 1500 1977 1562 Diocle-

397 1556 547 1612 tiano
597 1559 813 1621 furente
841 1569 1104 1631 adversus
1143 1593 1341 1637 nomen
1400 1584 1791 1660 Christianum,
1840 1597 1971 1656 dum

394 1650 683 1717 praefectus
721 1663 1018 1729 provincia:
1046 1669 1115 1726 de
1143 1673 1579 1739 Christianorum
1622 1693 1972 1752 successibus

394 1740 727 1804 felicissimis
750 1750 1146 1818 Diocletianum
1176 1769 1467 1829 certiorem
1519 1775 1760 1851 fecisset,
1809 1788 1969 1858 cujus

394 1836 639 1858 mu,”
702 1840 733 1858 ,ν
870 1847 881 1858 .

390 1836 667 1905 mandato,
700 1840 746 1898 is
789 1847 882 1915 qui
912 1854 1143 1910 metallis
1200 1863 1459 1919 eruendis
1516 1836 1964 1947 operam'dab'at,

392 1920 564 1947 λη,ηῴ
611 1944 626 1947 ,
758 1943 768 1947 _
810 1937 842 1947 ..
1140 1945 1166 1947 μ

1526 1920 1636 1938 7""
1651 1920 1737 1927 -“““
1782 1920 1964 1947 ν“ν“”

386 1920 568 1981 Nilum
600 1944 726 1986 cum
754 1937 930 1994 tribus
958 1942 1103 2008 aliis,
1140 1945 1301 2005 Peleo
1332 1954 1556 2013 scilicet
1611 1960 1800 2021 itidem
1851 1972 1967 2042 cpi-

387 2029 553 2042 ann..-
602 2016 830 2042 n_-__.94
935 2040 941 2042 _
975 2030 1053 2042 nu
1246 2040 1255 2042 _

387 2029 556 2086 scopo
581 2016 860 2094 Egyptio,
893 2040 949 2086 et
974 2030 1089 2089 Elia
1114 2040 1454 2112 presbytero,
1484 2016 1966 2120 atquestu—diosirs-

384 2105 528 2162 simo
557 2111 954 2188 Patermuthio,
990 2140 1088 2181 seu
1121 2105 1500 2208 Patre'Muti'o,
1554 2105 1621 2197 ad
1657 2146 1813 2204 illum

374 2480 593 2538 athletae
636 2484 859 2558 Christi,
914 2509 1042 2551 cum
1084 2501 1261 2571 major
1289 2480 1441 2565 esset
1472 2509 1619 2570 intus
1649 2517 1750 2586 vis,
1783 2530 1837 2575 et
1865 2537 1955 2576 ar-

372 2569 476 2626 dor
527 2581 730 2636 amoris
767 2597 896 2655 erga
955 2604 1142 2647 verum
1189 2595 1386 2666 Deum,
1436 2606 1702 2676 sanguine
1729 2627 1832 2666 suo
1861 2630 1954 2685 ge-

373 2677 570 2721 nerose
596 2674 983 2735 oceumbentes
1013 2684 1395 2746 exstinxerunt
1420 2711 1436 2761 ;
1492 2707 1550 2751 ut
1583 2713 1615 2753 e
1642 2697 1951 2773 Nicephoro

370 2772 494 2815 ace
549 2762 854 2837 Menologio
916 2772 1105 2833 Graeco
1161 2781 1365 2840 Canisii
1415 2790 1686 2864 colligitur
1742 2762 1809 2851 εὖ
1861 2802 1950 2859 die

371 2850 669 2921 Septemb"
704 2869 803 2916 ete
832 2863 1425 2948 Florentin.Martyrol.
1450 2850 1676 2943 Lugensi
1696 2850 1771 2945 lii
1793 2891 1942 2964 Sept.

1290 2941 1307 2948 _
1644 2941 1651 2943 τ
1702 2941 1753 2945 η
1794 2941 1942 2964 φτ-.

369 2941 529 3001 Istius
556 2946 660 3004 Nili
691 2958 946 3025 martyris
976 2969 1029 3015 et
1050 2965 1223 3032 episc.‘
1258 2985 1457 3042 corpus
1473 2980 1817 3048 requiescere
1836 2985 1944 3042 Ro-

368 3050 474 3090 mae
509 3038 564 3092 in
599 3038 984 3105 Sancto-Sixto
1008 3054 1096 3110 via
1141 3058 1318 3131 Appia
1354 3038 1437 3119 ad
1476 3038 1718 3128 intimam
1760 3038 1934 3133 Pisci-

368 3141 495 3181 nam
526 3131 579 3185 iu
626 3132 771 3192 Valle
805 3144 1108 3210 oppositam
1144 3149 1395 3211 Thermis
1427 3158 1711 3229 Antonini,
1778 3170 1937 3227 docet

364 3219 647 3292 inscriptio
686 3230 828 3298 apud
860 3233 1244 3309 Martinellum,
1286 3262 1340 3315 p.
1370 3250 1475 3304 506
1515 3219 1710 3309 Romae,
1744 3219 1931 3331 sacrm,

362 3325 486 3365 eum
525 3315 646 3372 aliis
670 3323 1065 3392 compluribus.
1104 3331 1351 3394 luitiatus
1380 3355 1509 3411 ergo
1546 3344 1784 3418 Christo,
1826 3365 1879 3410 et
1902 3371 1933 3411 a

361 3409 679 3471 parentibus
716 3416 982 3475 educatus
1012 3423 1334 3495 honoriﬁce,
1371 3448 1473 3489 nec
1528 3438 1712 3497 minus
1760 3447 1931 3502 mori-

360 3495 463 3552 bus
500 3516 663 3569 quam
698 3504 892 3565 litteris
924 3512 1185 3584 imbutus,
1231 3521 1433 3594 ingenii
1485 3532 1692 3588 cultum
1724 3542 1928 3609 coepit:

1293 3589 1316 3594 -
1735 3589 1748 3592 -
1766 3589 1889 3609 --τη
1913 3589 1928 3597 -

359 3601 484 3641 nam
524 3589 997 3671 Constantinopoli
1038 3606 1304 3669 florebant
1333 3617 1555 3688 Optima:
1586 3635 1751 3691 artes,
1785 3632 1930 3702 vige—

359 3674 482 3702 Ιιιιηι
527 3682 699 3702 -.αλεᾼ
870 3688 892 3702 Α

1369 3674 1387 3688 .
1514 3674 1550 3677 ί-
1587 3674 1751 3691 ῆ--νυι
1795 3674 1902 3702 υδν

356 3674 488 3731 bant
525 3682 727 3750 studia,
763 3688 1219 3768 professoresque
1252 3704 1546 3764 clarissimi
1578 3728 1685 3768 non
1744 3734 1929 3788 gram-

1744 3768 1896 3788 οη--.

356 3768 607 3825 matieam
652 3774 916 3835 duntaxat
978 3794 1032 3841 et
1096 3789 1450 3865 rhetoricam,
1505 3803 1600 3858 sed
1663 3806 1926 3878 ingenuas

354 3876 550 3919 omnes
622 3869 965 3943 disciplinas,
1033 3884 1384 3954 medicinam,
1432 3890 1921 3965 jurisprudentiam

348 3955 861 4035 philosophiamque
914 3970 1177 4029 docebant
1210 3978 1265 4033 in
1296 3955 1595 4051 Capitolio:
1619 3986 1681 4043 L.
1725 4008 1805 4059 Ill,

350 4048 537 4102 medic.
561 4062 610 4104 et
636 4056 924 4125 professor.
947 4063 1257 4141 Cod.645
1286 4048 1493 4132 Theod.
1513 4089 1567 4134 et
1596 4082 1678 4138 tit.
1701 4084 1775 4139 De
1791 4048 1920 4156 pro;

348 4138 588 4206 fessarib.
623 4150 714 4216 qui
743 4152 798 4204 in
827 4154 953 4210 urbe
990 4138 1393 4237 Constrinlinop.
1431 4181 1485 4225 et
1516 4173 1597 4228 tit.
1626 4175 1702 4231 De
1727 4182 1919 4237 studiis

345 4229 649 4291 liberalibus
683 4243 824 4297 urbis
859 4244 1063 4315 Romae,
1102 4263 1152 4306 et
1208 4229 1610 4335 Constantinop.
1639 4268 1717 4325 Ac
1778 4288 1918 4342 prae-

345 4326 530 4380 sertim
556 4329 592 4382 l.
611 4347 671 4385 Ill
698 4334 785 4389 ubi
813 4336 1152 4401 Theodosius
1185 4346 1205 4400 Ι
1231 4358 1283 4404 et
1316 4350 1720 4418 Valentinianus
1743 4365 1908 4423 Ctess.

344 4411 399 4466 in
439 4418 709 4477 auditorio
746 4423 996 4495 Capitolii
1030 4444 1275 4495 oratores
1313 4450 1425 4498 tres
1464 4462 1714 4517 numero,
1771 4470 1910 4525 quos
1941 4423 1988 4479 Β

347 4502 471 4525 n...“
656 4512 669 4525 ‘
881 4520 892 4525 ‘
986 4522 998 4525 “

1608 4502 1646 4504 _,
1668 4502 1684 4505 -
1700 4502 1714 4517 ,
1776 4502 1907 4525 Ἴης

342 4502 600 4564 Romanae
623 4512 943 4584 eloquentiae
969 4522 1213 4583 doctrina
1246 4539 1611 4607 commendat,
1631 4552 1907 4617 statuunt;

327 5337 469 5405 juris
530 5358 593 5398 ac
620 5346 797 5417 legum
869 5352 1133 5414 formulas
1185 5337 1442 5429 pandant.
1515 5337 1644 5427 Erat
1682 5337 1901 5452 ‘q—uiplpe

330 5432 653 5500 Capitolium
687 5438 1178 5520 Constantinopoli,
1207 5454 1348 5511 sicut
1396 5457 1601 5529 Romae,
1644 5432 1899 5544 inleoqae

332 5530 597 5597 porticus,
640 5534 691 5588 iu
726 5538 1047 5607 porticibus,
1077 5544 1311 5613 exedrae,
1351 5559 1513 5621 atque
1556 5559 1781 5628 cellulzc,
1832 5583 1894 5623 ac

334 5618 622 5687 auditoria,
662 5626 715 5679 in
751 5628 951 5695 quibus
989 5632 1332 5700 professores
1358 5618 1697 5709 juventutem
1727 5654 1894 5712 infor-

331 5711 571 5779 mabant,
614 5724 672 5769 ut
708 5733 774 5772 ex
816 5720 900 5776 his
932 5722 1141 5792 legibus
1172 5725 1359 5796 liquet,
1389 5743 1443 5789 et
1465 5736 1501 5793 Ι.
1525 5740 1620 5795 υιι.
1654 5742 1727 5799 De
1765 5711 1886 5805 oue-

3557 340 3687 402 1372

3590 378 3685 407 ύιέ

2174 445 2188 458 .
2220 411 2418 512 public.
2457 424 2647 479 eodem
2687 427 2907 491 Codice.
2947 436 3297 503 Bibliotheca
3318 465 3551 522 quoque
3583 473 3685 525 pu-

2166 509 2243 551 (ξω
2282 501 2617 578 visebantur,
2659 528 2711 571 et
2768 520 3195 602 bibliothecarii;
3232 552 3264 592 e
3323 501 3537 609 quiblus
3583 501 3684 603 rilla

2167 587 2275 609 ..με
2323 594 2335 605 ο
2460 600 2497 609 -ι

3178 587 3195 602 ⁷
3240 587 3260 592 _
3326 587 3536 609 Ἴων..-
3597 587 3683 603 ...-

2088 587 2427 653 nobilissima
2457 600 2704 663 Basilisci
2727 615 2829 668 sub
2857 617 3086 689 imperio
3108 628 3491 702 conflagravit,
3522 642 3683 707 cujus

2935 683 2949 689 -
3260 683 3491 702 ’O'—""
3524 683 3680 707 "4""

2087 683 2385 742 meminere
2418 689 2772 767 Themistius,
2818 720 2956 763 orat.
2989 712 3073 778 l5,
3115 716 3361 778 Zonaras
3459 737 3521 781 et
3578 730 3680 784 Cc.

2086 769 2311 833 drenus.
2360 777 2475 837 Sub
2504 785 2817 851 Theodosio
2848 799 2956 855 isto
2988 769 3408 885 junioremAug.
3483 836 3680 876 recen-

2084 877 2275 925 sentur
2298 873 2393 930 lib.
2433 894 2449 932 l
2513 881 2591 937 De
2619 889 2844 957 profess.
2884 903 3226 965 grammatici
3291 873 3472 965 Graeci
3499 873 3680 967 Hell—a-

2084 957 2231 1025 dius,
2283 974 2339 1020 et
2378 969 2648 1041 Syrianus
2688 998 2706 1048 ;
2768 957 3022 1056 Latinus,
3054 957 3434 1068 Theophilus;
3480 1008 3676 1075 sophi-

2082 1059 2182 1107 sta:
2220 1054 2480 1117 Martinus
2520 1074 2577 1120 et
2629 1066 2939 1145 Maximus;
2966 1054 3344 1154 jurisperitus,
3376 1054 3671 1151 Leontius.

2080 1139 2253 1199 Erant
2286 1150 2608 1224 antiquarii,
2650 1170 2704 1216 et
2734 1139 2992 1228 custodes
3020 1139 3476 1238 bibliotliecae—avd
3514 1189 3671 1240 codi-

2078 1246 2171 1289 ces
2219 1248 2646 1317 componendos,
2703 1256 2789 1310 vel
2844 1273 2944 1328 pro
2996 1275 3269 1326 vetustate
3320 1278 3673 1344 reparandas

2077 1328 2182 1381 sub
2228 1327 2634 1409 Valentiniano,
2673 1327 2917 1418 Valente,
2984 1370 3051 1412 ac
3110 1327 3404 1432 Gratiano:
3427 1368 3469 1421 l.
3502 1385 3541 1423 ιι
3592 1371 3670 1425 De

2074 1416 2221 1473 stud.
2262 1420 2470 1480 liberal.
2492 1432 2616 1486 eod.
2658 1435 2832 1507 Cod.,
2894 1416 3134 1513 quatuor
3427 1416 3665 1518 etutres

2075 1507 2278 1569 Latini.
2303 1514 2422 1573 Non
2475 1522 2652 1581 defuit
2700 1531 2873 1602 igitur
2914 1507 3144 1598 occasio
3186 1507 3495 1605 erudiendi
3533 1507 3661 1620 Nili:

2074 1605 2418 1680 profecitque
2454 1615 2608 1672 adeo'
2639 1620 2694 1675 in
2740 1625 3077 1699 eloquentia,
3136 1636 3389 1709 iurisque

2078 1702 2138 1750 ut
2181 1705 2445 1760 meruerit
2482 1709 2638 1767 urbis
2691 1716 3095 1793 praefecturam,
3138 1702 3657 1807 Constantinopolis

2071 1786 2343 1847 videlicet.
2384 1793 2615 1855 Dederat
2670 1812 2752 1861 tot
2788 1786 3092 1878 specimina
3130 1817 3244 1888 jam
3319 1823 3377 1878 in
3429 1786 3657 1896 pulrvere

2067 1878 2420 1955 scholastice,
2449 1898 2503 1945 et
2533 1895 2924 1959 umbratilibus
2950 1878 3457 1985 exercitationibus:
3490 1928 3658 1991 atque

2064 1969 2550 2039 declamationibus
2618 2001 2728 2057 qua
2773 1997 3143 2066 perspicaciae,
3207 1969 3655 2073 qua

2063 2074 2198 2130 suae,
2236 2073 2369 2135 quin
2408 2073 2700 2144 aequitatis,
2740 2090 2901 2153 atque
2928 2089 3217 2146 rectitudin

2148 511 2159 546 !

3222 2096 3403 2161 is;i

2058 2339 2336 2397 universi:
2383 2347 2650 2417 probitas,
2682 2354 2894 2428 religio,
2926 2368 3117 2432 totque
3166 2366 3286 2422 alia:
3313 2370 3489 2426 animi
3528 2377 3650 2431 exi-

2056 2431 2180 2487 mite
2217 2434 2373 2492 dotes
2409 2439 2563 2496 illum
2590 2445 2957 2517 adornabant,
2990 2431 3052 2508 ut
3082 2460 3306 2527 praamia
3348 2463 3500 2519 ultro
3519 2466 3636 2534 jam

2054 2535 2430 2593 exposcerent.
2452 2529 2641 2604 Neque
2664 2551 2861 2606 passus
2889 2541 3186 2614 imperator
3214 2550 3491 2612 Arcadius
3515 2529 3641 2614 tan-

2054 2621 2169 2669 tum
2198 2617 2373 2674 virum
2403 2621 2612 2681 diutius
2639 2628 2834 2698 latere,
2866 2633 2921 2688 in
2970 2635 3148 2695 lucem
3204 2643 3415 2715 eduxit,
3453 2660 3511 2704 et
3570 2654 3639 2708 ad

2050 2708 2430 2777 praefecturam
2459 2717 2609 2773 urbis
2648 2731 2780 2778 tunc
2839 2730 3183 2800 regnatricis,
3232 2751 3355 2807 quae
3413 2743 3636 2801 culmen

2049 2808 2136 2855 est
2177 2801 2529 2873 dignitatum,
2566 2823 2903 2887 vocaturque
2932 2820 3182 2890 βασιλεία
3211 2801 3561 2904 ἁῖπόρφυρθς,
3581 2838 3635 2891 id

2048 2900 2154 2959 est,
2185 2892 2460 2961 imperium
2491 2902 2686 2972 absque
2713 2921 2971 2977 purpura,
3005 2915 3200 2971 merito
3217 2892 3511 2988 plaudente
3534 2942 3631 2997 po-

2047 2983 2198 3052 pulo,
2246 2996 2547 3060 senatuque
2570 2996 2840 3062 gaudente
2870 3005 3142 3074 provexit,
3182 2983 3235 3063 et
3259 3012 3312 3065 in
3344 3013 3450 3070 hac
3492 2983 3631 3086 pia-

1970 3090 2013 3149 c
2045 3075 2190 3131 celsa
2221 3077 2354 3135 base
2386 3083 2551 3139 veluti
2590 3087 2806 3155 signum
2834 3094 3134 3164 expolitum
3176 3101 3402 3174 aﬂ‘abre,
3452 3114 3631 3167 omni-

2040 3165 2250 3235 busque
2297 3170 2589 3239 sculptura:
2616 3180 2858 3236 numeris
2931 3184 3265 3258 absolutum,
3327 3210 3393 3251 ac
3447 3214 3628 3270 opera.-

2040 3259 2269 3327 pretium
2293 3264 2769 3330 prazelarissimum
2800 3274 3111 3345 collocavit,
3161 3292 3221 3337 ut
3258 3284 3333 3340 ibi
3394 3259 3619 3363 conspi-

2037 3366 2200 3406 cuum
2228 3356 2403 3425 magis
2433 3357 2610 3426 foret;
2658 3376 2787 3418 nam
2817 3366 2961 3439 ἀρχὴ
3000 3371 3171 3443 ἄνδρα
3231 3356 3625 3449 δείκνυσινίυι

2035 3438 2244 3511 vulgari
2286 3442 2457 3499 fertur
2480 3448 2695 3521 adagio,
2721 3454 2774 3507 id
2806 3466 2909 3520 est,
2950 3438 3296 3532 magistratus
3339 3472 3510 3527 uirum
3536 3477 3622 3530 in-

2033 3531 2201 3589 dicat.
2234 3531 2545 3596 Honoratus
2569 3543 2781 3611 primus
2816 3548 2936 3604 urbi
2971 3550 3446 3632 Constantinopoli
3472 3581 3613 3634 pra:-

2033 3621 2207 3679 fectus
2231 3624 2335 3681 fuit
2373 3644 2517 3687 anno
2554 3648 2586 3688 a
2632 3635 2696 3690 C.
2726 3634 2792 3693 N.
2828 3638 2953 3696 559.
2987 3621 3389 3708 Successoruin
3561 3660 3615 3715 in

2030 3730 2257 3772 munere
2286 3719 2613 3792 lndiculum,
2660 3744 2757 3784 seu
2828 3731 3088 3793 Notitiam
3160 3745 3395 3811 praebuit
3452 3752 3613 3809 nobis

2029 3823 2204 3879 usque
2235 3812 2301 3867 ad
2339 3828 2543 3870 annum
2576 3819 2703 3885 435,
2734 3824 3056 3884 scholiastes
3110 3831 3248 3891 Cod.
3308 3838 3610 3911 Theodos.,

2025 3916 2127 3957 nec
2152 3904 2293 3959 inter
2314 3922 2409 3965 eos
2437 3914 2676 3981 comperi
2698 3913 2903 3986 Nilum,
2928 3921 3069 3979 forte
3091 3927 3220 3996 quia
3266 3933 3419 3988 nulla
3437 3947 3612 3995 exstat

2028 3991 2417 4063 imperatorum
2444 4006 2509 4060 ad
2555 4009 2709 4066 illum
2737 4015 2940 4075 directa
2969 4026 3314 4096 constitutio,
3356 4035 3445 4089 vel
3482 4040 3610 4107 quia

2028 4080 2152 4107 ιώ,
2356 4094 2387 4107 ..
2571 4101 2601 4107 ..

3160 4080 3314 4096 ,,-__,
3483 4080 3610 4107 Ἰ...-

2023 4080 2154 4141 latet
2179 4090 2282 4145 sub
2318 4094 2502 4165 aliquo
2532 4101 2641 4155 alio
2678 4108 2899 4165 nomine
2936 4129 2950 4165 :
2999 4124 3133 4171 tunc
3181 4120 3329 4176 enim
3361 4125 3611 4193 pluribus

2021 4180 2332 4239 nominibus
2350 4189 2635 4247 utebantur
2655 4194 2885 4255 Romani
2919 4215 2973 4259 et
2988 4205 3603 4285 ConstantioOpolitani.

2017 4267 2185 4341 646
2234 4271 2464 4333 Nomina
2497 4284 2715 4352 quidem
2748 4288 2972 4348 fuerunt
3009 4297 3077 4351 ad
3134 4267 3604 4379 hominesidig—n-o:

2018 4364 2269 4432 scendos,
2299 4377 2353 4422 et
2379 4371 2446 4425 ad
2478 4384 2944 4447 recognoscendos
2995 4388 3246 4461 singulos
3312 4397 3598 4471 imposita,

2014 4464 2067 4507 et
2088 4470 2400 4527 comparata
2429 4472 2705 4525 communi
2738 4488 3023 4547 consensu,
3055 4482 3094 4537 l.
3125 4499 3160 4538 ι
3190 4485 3254 4543 C.
3299 4487 3597 4553 Justinian.

2008 4544 2087 4600 De
2114 4549 2286 4619 ingen.
2313 4570 2569 4623 manum.,
2589 4562 2719 4631 quin
2751 4567 2915 4622 etiam
2934 4574 3173 4631 nominis
3198 4594 3302 4633 vox
3324 4597 3355 4636 a
3379 4600 3597 4641 noscen-

2009 4637 2078 4690 do
2099 4639 2327 4699 deducta
2359 4656 2460 4703 est.
2494 4649 2703 4709 Nomen
2734 4659 2878 4714 enim
2909 4661 3114 4720 dictum
3148 4672 3306 4738 quasi
3336 4677 3594 4735 novimen

2007 5013 2117 5071 tur,
2146 5017 2201 5063 et
2230 5010 2286 5063 in
2323 5011 2415 5067 illo
2448 5015 2770 5076 discrimine
2802 5021 3067 5082 faeierum
3101 5010 3447 5095 admirabilis
3506 5055 3589 5099 est

2004 5099 2353 5166 potissimum
2380 5120 2565 5162 rerum
2599 5113 2844 5168 omnium
2877 5115 3144 5177 Conditor
3170 5122 3337 5194 Deus,
3366 5130 3442 5187 ita
3470 5138 3589 5190 vul~

2004 5202 2115 5261 tus,
2138 5204 2189 5251 et
2224 5213 2418 5255 nomen
2452 5206 2858 5275 aaquiparantur
2888 5212 2944 5266 in
2982 5213 3089 5270 ista
3120 5218 3422 5292 varietate;
3457 5242 3582 5283 nam

1887 5291 1901 5345 i
2001 5293 2058 5340 et
2089 5288 2147 5343 in
2176 5287 2314 5346 Vitis
2350 5290 2571 5350 Patrum
2613 5297 2664 5352 id
2696 5300 2913 5370 legitur,
2946 5313 3001 5359 et
3032 5318 3190 5375 poeta
3240 5315 3417 5383 canit,
3484 5334 3580 5388 po-

2006 5386 2288 5447 steaquam
2344 5383 2600 5439 avulsum
2659 5385 2826 5445 fuerit
2851 5390 3099 5450 humeris
3131 5399 3334 5457 Priami
3392 5383 3574 5478 caput,

1997 5466 2235 5537 jacuisse
2263 5486 2462 5542 corpus
2492 5474 2640 5532 illius
2666 5477 2784 5533 sine
2825 5483 3069 5540 nomine.
3128 5488 3222 5543 Ad’
3274 5492 3572 5555 discrimen

1998 5563 2173 5632 magis
2212 5563 2509 5634 singulare,
2540 5569 2749 5625 Hebraei
2784 5581 2838 5627 et
2886 5574 3062 5631 Graeci
3097 5579 3317 5638 Patrum
3351 5593 3571 5647 nomina

1999 5655 2233 5724 propriis
2259 5656 2563 5713 addebant:
2602 5661 2787 5717 Simon
2818 5665 2997 5724 dictus
3026 5669 3281 5739 Bariona,
3304 5677 3359 5732 id
3387 5691 3472 5737 est
3505 5684 3571 5739 fi-

2006 5747 2111 5803 lius
2152 5746 2321 5816 Jonas,
2358 5766 2453 5806 seu
2508 5752 2803 5822 Columbae,
2864 5756 3119 5819 Socrates
3191 5763 3568 5841 Sophronisci,
