3808 6226
100 315 269 377 1573
1424 319 1523 379 DE
1578 319 1750 380 VITA
1791 321 1851 380 S.
1892 321 2077 381 NlLl.
3290 318 3427 385 1374

93 425 358 481 Pelides
403 425 665 494 Achilles,
724 427 929 483 Atrida
958 427 1235 486 Menelaus
1264 439 1318 485 et
1347 430 1745 501 Agamemnon,
1777 441 1822 494 Α
1853 434 2029 497 riuus,
2084 432 2368 489 Abundius
2401 431 2769 488 Eleutherius.
2806 434 3108 489 Binominis
3134 434 3297 490 etiam
3323 434 3426 489 fuit

99 517 382 588 Tydides
416 517 724 582 Diomedes,
759 528 815 573 et
838 519 945 573 alia
972 520 1025 573 id
1058 536 1231 589 genus
1261 523 1485 575 nomina
1550 534 1731 593 patro-
1834 539 1903 578 an
1947 524 2259 579 trinominis
2300 566 2315 591 ,
2372 523 2604 579 Tascius
2633 526 2941 595 Cyprianus
2966 525 3257 594 episcopus
3295 524 3427 577 Car-

99 609 385 679 “ymica-
418 606 650 662 Romani
720 608 1150 678 Ρνωιιοῐηίηίδυε
1200 609 1575 679 adiunxerunt
1635 625 1735 664 ηο·
1835 617 2197 686 thaginensis,
2229 627 2283 671 et
2323 626 2551 686 martyr,
2607 626 2699 671 aut
2730 615 2885 672 Titus
2946 617 3145 671 Ascius
3199 615 3426 686 Cypria-

99 700 285 752 mina
328 700 596 769 Βθηίίῑιων
635 714 733 755 seu
768 700 1130 766 fanimarum,
1173 713 1289 756 tum
1339 702 1503 755 etiam
1566 702 1734 757 variis
1834 722 1959 773 nus,
1987 709 2061 761 uti
2094 707 2314 763 Zoticus
2360 707 2609 763 Gctulius
2641 718 2858 780 martyr
2892 708 3258 773 Tiburtinus;
3298 724 3428 760 non-

103 808 142 847 ε
186 794 434 848 ωεῖδυδ
472 802 527 848 ει
559 793 743 848 οθυείδ
792 793 1141 863 cognomina.
1174 794 1253 847 ιιῑί
1288 803 1477 849 narrat
1521 793 1735 848 Plutar-
1844 801 1995 854 nulla
2044 802 2224 855 tamen
2276 800 2496 855 nomina
2549 812 2811 871 tanquam
2875 800 3092 856 familia
3140 800 3425 855 usitatiora

107 890 304 953 chus,
328 889 511 943 tom.l
562 887 677 943 Vir.
706 888 909 942 illustr.
943 888 998 943 in
1021 887 1330 955 Coriolano,
1358 889 1737 959 deindeagno-
1834 891 2081 947 crebrius
2108 892 2463 957 iterabantur,
2518 901 2638 947 ute
2694 891 2868 947 Variis
2924 892 3232 947 Cassiodori
3283 904 3428 961 patet

107 982 329 1036 mina:
362 996 550 1036 verum
594 990 780 1050 postea
808 981 1031 1036 nomina
1066 982 1120 1035 in
1164 982 1491 1053 cognomina
1551 993 1735 1038 trans-
1837 983 1903 1038 ad
1935 998 2139 1037 annum
2199 980 2261 1039 C.
2290 982 2355 1037 N.
2400 999 2487 1039 ac.
2551 998 2675 1039 cum
2720 1000 2779 1040 se
2829 984 3265 1055 supcrfudisscnt
3319 985 3426 1049 im-

111 1073 351 1135 ierunt,
408 1082 464 1128 et
512 1073 757 1129 vicissim
792 1073 1153 1144 pranomina.
1211 1073 1402 1128 Stante
1456 1073 1736 1144 republica
1834 1071 1986 1141 pcrio
2018 1069 2265 1129 Romano
2281 1071 2644 1128 Barbararum
2669 1073 2910 1142 gentium
2934 1075 3209 1139 examina,
3235 1082 3290 1129 et
3311 1090 3428 1129 sus-

112 1166 583 1236 pramittebatur
618 1174 674 1221 et
701 1166 1088 1236 praferebatur
1113 1180 1448 1236 pranomen,
1490 1182 1587 1222 seu
1615 1182 1737 1235 per-

118 1274 321 1323 suum,
355 1273 425 1311 ac
453 1257 720 1312 individui
759 1272 983 1324 nomen,
1013 1272 1125 1327 quo
1178 1256 1248 1312 ab
1284 1258 1434 1321 aliis
1488 1257 1735 1327 ejusdem

121 1347 399 1413 familia,
432 1349 549 1405 sive
576 1350 751 1420 gentis
788 1350 915 1420 quis
966 1349 1426 1419 distinguebatur,
1456 1361 1510 1403 et
1533 1348 1741 1405 discer-

122 1441 407 1507 nebatur,
478 1457 575 1498 seu
627 1441 910 1512 proprium
980 1456 1200 1509 nomen,
1253 1440 1399 1505 aliis,
1462 1440 1554 1510 qui
1627 1455 1736 1495 non

126 1542 307 1588 erant
350 1547 384 1589 e
438 1542 619 1604 gente,
651 1534 767 1589 sive
815 1533 1022 1589 familia
1046 1534 1209 1590 etiam
1252 1548 1585 1600 commune;
1622 1541 1738 1587 tum

129 1642 352 1681 nomen
387 1626 737 1697 gentilitium,
769 1639 866 1682 aut
887 1625 1154 1682 familiare
1191 1627 1553 1693 attexebatur,
1593 1626 1739 1696 quod

131 1720 558 1776 contribulibus
593 1731 649 1775 et
684 1721 983 1791 gentilibus
1011 1719 1546 1785 communicabatur,
1561 1728 1614 1774 et
1630 1734 1739 1775 non

1837 1163 2015 1234 deque
2108 1164 2293 1218 omnia
2358 1165 2827 1235 permiscuissent,
2900 1175 2956 1222 et
3027 1166 3425 1233 confudissent,

1837 1256 1986 1313 nulla
2026 1265 2153 1311 sunt
2184 1255 2371 1311 relicta
2424 1257 2781 1313 nominalium
2835 1258 3212 1329 hujuscemodi
3259 1260 3427 1315 vesti-

1839 1348 1947 1419 gia.
1988 1348 2173 1402 Potuit
2216 1348 2383 1419 igitur
2423 1349 2527 1403 sub
2577 1350 2687 1404 alio
2729 1350 2914 1421 aliquo
2944 1352 3165 1407 nomine
3189 1350 3344 1408 Nilus
3370 1352 3426 1407 in

1842 1440 1949 1495 hoc
1972 1440 2217 1496 lndiculo
2273 1441 2658 1511 prafectorum
2720 1442 2874 1498 urbis
2926 1443 3427 1515 Constantinopoli-

1839 1543 1980 1590 taua
2002 1534 2283 1589 occultari.
2302 1533 2546 1589 Prafecti
2575 1534 2820 1605 profecto
2836 1551 3063 1591 munere
3089 1544 3198 1591 tam
3213 1538 3429 1606 egregie

1841 1627 2061 1684 functus
2082 1635 2186 1693 est,
2205 1637 2263 1683 ut
2282 1627 2673 1697 exspectationi
2697 1627 2927 1698 Augusti
2948 1627 3135 1684 fecerit
3148 1628 3301 1693 satis,
3327 1644 3429 1683 nec

1842 1724 1989 1780 aliud
2023 1722 2155 1777 mihi
2189 1721 2521 1794 persuadent
2553 1722 2867 1793 quicunque
2899 1722 2966 1777 de
2997 1722 3091 1778 illo
3140 1723 3426 1778 scribunt:

134 1813 408 1883 reliquis,
440 1814 534 1885 qui
557 1829 589 1869 e
620 1813 828 1869 familia
861 1830 972 1869 non
1010 1820 1169 1869 erant
1200 1830 1215 1867 :
1253 1812 1451 1876 deinde
1472 1812 1744 1884 eognomi—
1774 1787 1818 1843 Β
1848 1818 2028 1874 exitus
2081 1787 2230 1871 certe
2264 1824 2383 1871 acta
2415 1787 2706 1886 probavit;
2740 1787 2867 1870 nam
2898 1831 3024 1872 cum
3048 1831 3273 1871 uxorem
3324 1816 3430 1871 (ιιι-

134 1919 241 1967 na,
271 1916 331 1961 et
365 1906 655 1977 agnomina
681 1915 809 1963 sunt
837 1906 1070 1972 adnexa,
1100 1905 1231 1977 quia
1256 1905 1310 1960 in
1340 1922 1445 1961 una
1470 1916 1629 1977 gente
1661 1904 1745 1960 di-

134 1998 267 2053 visa
301 1999 355 2052 in
375 2008 593 2069 stirpes,
611 1998 833 2069 plurimi
855 1998 1047 2053 eodem
1080 2012 1205 2053 cum
1234 1998 1567 2068 praenomine
1584 2007 1747 2068 atque

133 2089 380 2143 nomine
410 2089 907 2159 comperiebantur,
932 2089 1063 2159 quin
1095 2096 1295 2144 etcum
1319 2089 1509 2144 eodem
1545 2102 1747 2159 cogno-

134 2181 323 2236 mine.
362 2179 641 2237 Videndus
678 2179 992 2237 Victorinus
1020 2180 1076 2235 in
1116 2180 1290 2237 libros
1324 2178 1745 2235 Rbetoricorum

134 2273 460 2329 Ciceronis.
522 2274 823 2345 Republica
850 2289 1063 2341 eversa,
1093 2281 1148 2329 et
1175 2272 1279 2329 sub
1300 2272 1744 2343 imperatoribus,

136 2366 550 2438 subjiciebatur
589 2382 787 2422 nomen
813 2366 1119 2438 proprium,
1152 2381 1247 2423 seu
1265 2380 1453 2422 verum
1479 2364 1744 2419 individui

137 2474 469 2531 pranomen
500 2460 910 2531 appellativum,
951 2459 1274 2530 dictumque
1330 2458 1579 2513 absolute
1643 2472 1745 2512 no-

138 2568 281 2608 men
306 2552 458 2623 (cum
486 2553 595 2607 alia
625 2552 938 2622 promiscue
988 2552 1231 2616 nomina,
1258 2550 1607 2621 cognomina,
1659 2548 1746 2605 vel

141 2646 451 2713 agnomina
534 2645 907 2701 vocitarentur
960 2643 1129 2715 petita
1179 2642 1655 2699 indiscriminatim
1712 2657 1744 2697 a

141 2739 492 2810 parentibus,
526 2741 614 2795 vel
640 2756 738 2811 pro
767 2739 999 2795 arbitrio
1025 2738 1264 2808 aliunde)
1284 2737 1391 2793 illis
1404 2736 1743 2802 nominibus,

147 2834 606 2904 cognominibus,
647 2843 704 2890 et
752 2833 1164 2903 agnominibus,
1226 2832 1393 2887 etiam
1433 2828 1743 2903 geminatis,

148 2935 220 2981 ut
250 2927 505 2982 observat
533 2925 860 2981 Sirmondus
886 2925 964 2997 (in
993 2923 1150 2980 Notis
1208 2924 1275 2978 ad
1314 2922 1589 2994 Epistolas
1657 2920 1746 2975 Si-

150 3019 335 3085 donii,
407 3028 599 3075 contra
654 3019 921 3089 Angelum
982 3017 1313 3072 Politianum
1365 3031 1397 3071 e
1453 3014 1741 3081 Suetonio,

154 3112 455 3168 Plutarcho
501 3113 556 3166 in
585 3110 647 3167 C.
702 3111 878 3165 Mario
932 3109 1288 3165 Posidonium
1328 3114 1612 3178 arguente,
1662 3105 1746 3159 fa-

157 3206 288 3272 stis,
324 3205 784 3276 inscriptionibus
834 3204 1098 3274 lapidum,
1124 3211 1178 3257 et
1207 3201 1495 3265 librorum,
1549 3215 1615 3254 ex
1652 3197 1753 3253 lsi-

158 3300 303 3354 doro
330 3299 422 3353 lib.
458 3314 568 3354 xvu
634 3297 848 3370 Origin.
889 3308 943 3352 et
973 3313 1003 3351 e
1027 3294 1355 3352 Prafatione
1405 3280 1639 3362 Avien.)'
1662 3292 1752 3347 ubi

157 3393 285 3447 vult
322 3392 381 3449 C.
403 3393 627 3449 Sollium
660 3392 941 3447 Sidonium
975 3389 1338 3460 Apollinarem
1370 3387 1552 3443 vocari
1591 3385 1757 3455 Apol-

164 3484 418 3551 linarem,
462 3484 796 3539 Macrobium
853 3483 1134 3537 Aurelium
1177 3478 1541 3535 Theodosium
1573 3476 1756 3549 potius

163 3575 556 3643 Theodosium,
627 3578 850 3633 Sextum
927 3574 1149 3629 Rullum
1234 3573 1505 3629 Avienum
1571 3572 1756 3641 potius

168 3669 460 3732 Avienum,
497 3668 752 3740 Magnum
815 3668 1096 3722 Aurelium
1149 3665 1517 3735 Augustinum
1573 3664 1756 3733 potius

169 3763 553 3830 Augustinum,
613 3761 864 3816 Anicium
937 3759 1218 3813 Manilium
1280 3754 1757 3811 SeverinumBoe-

171 3855 343 3909 tbium
404 3856 589 3924 potius
646 3853 961 3917 Boethium,
1018 3851 1235 3905 Petrum
1260 3849 1494 3903 Felicem
1527 3846 1756 3901 Marcel-

171 3947 343 4001 linum
376 3945 653 4000 Liberium
690 3946 871 4014 p0tius
894 3943 1196 4005 Liberium,
1227 3940 1321 4011 qui
1376 3938 1442 3994 V.
1474 3937 1537 3993 C.
1565 3936 1759 4007 prafe-

173 4047 297 4092 ctus
325 4037 573 4106 pratorio
602 4033 924 4097 Galliarum,
950 4042 1004 4088 et
1030 4030 1292 4102 patricius
1322 4046 1353 4084 a
1382 4027 1604 4083 librario
1630 4040 1756 4096 per-

175 4144 359 4201 peram
384 4128 647 4183 dividitur
673 4130 728 4181 in
759 4136 1017 4197 quatuor,
1077 4123 1243 4195 647
1294 4122 1348 4177 in
1401 4118 1758 4188 subscriptio-

177 4220 339 4275 nihus
380 4218 601 4273 concilii
636 4214 1209 4273 secundiArausicani
1255 4212 1322 4267 ad
1356 4225 1562 4265 annum
1628 4207 1754 4273 529,

179 4322 241 4368 ut
286 4311 449 4381 liquet
476 4326 507 4365 e
532 4309 655 4364 Vita
712 4308 888 4364 sancti
917 4306 1141 4361 Casarii
1187 4302 1519 4359 Arelatensis
1547 4300 1760 4355 archie-

179 4404 405 4476 piscopi,
440 4419 495 4470 p.
525 4402 589 4456 21
646 4399 963 4470 Chronolog.
1000 4396 1314 4461 Lirinensis,
1344 4394 1435 4449 ubi
1492 4401 1548 4447 et
1614 4406 1756 4446 uxor

1844 1909 2037 1971 xisset,
2065 1904 2209 1960 haud
2258 1904 2424 1959 dubie
2464 1920 2778 1975 comparem
2834 1905 3055 1970 virtute,
3088 1920 3153 1961 ac
3210 1906 3429 1976 pietate,

1845 2008 2010 2068 atque
2039 1994 2509 2057 honestissimam,
2544 2003 2605 2048 ut
2635 1992 2741 2049 fert
2771 1992 3135 2065 Menologium
3181 1994 3428 2051 Gracum

1845 2087 1933 2142 die
1986 2085 2055 2139 12
2087 2083 2438 2146 Novembris,
2486 2084 2625 2137 duos
2662 2098 2730 2137 ex
2781 2097 2844 2137 ea
2907 2082 3148 2152 suscepit
3205 2082 3431 2149 liberos,

1845 2193 2078 2242 marem,
2109 2186 2166 2231 et
2200 2175 2482 2239 feminam,
2520 2184 2575 2230 et
2608 2174 2725 2245 ipse
2778 2172 2934 2229 Nilus
2996 2184 3183 2229 narrat
3248 2174 3435 2229 ﬂebili-

1845 2279 1929 2325 ter
1977 2270 2031 2323 in
2078 2269 2391 2339 Διηγήμασι
2418 2284 2444 2320 ε
2468 2269 2513 2332 ἱς
2542 2266 2642 2338 τὴν
2672 2258 2954 2336 ἀναίρεσιν
2981 2264 3091 2319 τῶν
3121 2266 3180 2318 ὲν
3207 2264 3288 2335 τῷ
3316 2264 3433 2335 ὄρει

1845 2363 1977 2433 Σινᾷ
2019 2360 2268 2431 μοναχῶν
2313 2359 2407 2413 καὶ
2455 2360 2536 2423 εἰς
2567 2358 2667 2431 τὴν
2724 2357 3107 2429 αἰχμαλωσίαν
3141 2356 3433 2410 Θεοδούλου

1844 2453 1937 2507 τοῦ
1968 2452 2085 2507 υἱοῦ
2118 2452 2305 2518 αὑτοῦ,
2338 2452 2388 2505 id
2416 2462 2519 2517 est,
2554 2450 2991 2515 Narrationibus,
3011 2449 3200 2519 quibus
3240 2449 3434 2503 eadem

1846 2538 2221 2599 monachorum
2246 2545 2438 2597 montis
2473 2542 2627 2607 Sina,
2660 2551 2715 2597 et
2780 2542 3137 2611 captivitatem
3191 2538 3292 2609 ﬁlii
3350 2539 3437 2593 uti

1846 2636 2115 2690 describit.
2154 2634 2289 2703 Ejus
2335 2649 2445 2687 non
2479 2647 2706 2703 possum
2742 2632 2877 2687 satis
2933 2631 3159 2685 laudare
3184 2639 3439 2685 constan-

1846 2728 1976 2781 tiam
2019 2727 2073 2780 in
2130 2724 2436 2789 Belatione,
2490 2740 2655 2793 quam
2723 2723 2874 2777 dedit
2914 2721 3069 2777 Nilus
3105 2720 3437 2792 (prafectus

1844 2819 1989 2873 enim
2023 2817 2143 2871 urbi
2170 2816 2383 2871 videtur
2414 2830 2480 2870 eo
2511 2825 2778 2884 tempore,
2845 2813 2912 2868 ad
2968 2829 3175 2867 annum
3228 2812 3437 2868 scilice‘

1844 2910 1905 2965 C.
1936 2908 2002 2963 N.
2034 2909 2160 2974 405,
2199 2916 2320 2977 post
2348 2906 2697 2971 Clearchum,
2736 2906 2831 2975 qui
2876 2905 3254 2975 magistratum
3284 2904 3438 2959 illum

1846 3009 2089 3071 gesserat
2109 2997 2366 3061 triennio,
2388 2994 2548 3049 annis
2573 3009 2766 3064 nempe
2792 2992 2916 3059 599,
2935 2992 3061 3059 401,
3084 2990 3211 3053 40⁸2,
3242 2990 3437 3058 fuisse,

1775 3127 1818 3187 ο
1850 3091 2104 3162 quamvis
2138 3089 2419 3145 semestris
2448 3096 2655 3143 tantum
2724 3096 2870 3141 esset
2930 3083 3080 3140 urbis
3117 3082 3438 3154 praefectura

1856 3194 2078 3254 propter
2137 3180 2553 3251 amplitudinem
2610 3177 2916 3248 potestatis,
2967 3184 3022 3231 et
3068 3175 3439 3245 prastantiam

1855 3270 2156 3339 dignitatis,
2204 3285 2325 3339 qua
2351 3267 2578 3338 propius
2626 3265 2923 3321 accedebat
2958 3264 3025 3319 ad
3056 3264 3312 3319 verticem
3338 3261 3441 3316 ini-

1855 3365 2013 3437 perii,
2032 3374 2087 3418 et
2105 3363 2177 3417 illi
2207 3360 2811 3422 videbaturtmminere,
2834 3368 2999 3428 atque
3024 3367 3274 3427 suspecta
3296 3372 3438 3422 esse,

1856 3458 1904 3514 si
1938 3455 2245 3512 diuturnior
2271 3453 2453 3522 foret),
2474 3451 2626 3506 Nilus
2656 3450 2906 3521 inquam,
2938 3449 3032 3520 qui
3064 3464 3439 3504 successorem

1856 3565 2000 3604 anno
2030 3547 2137 3601 404
2192 3546 2384 3600 habuit
2418 3543 2691 3605 Studium,
2726 3558 2851 3597 cum
2904 3557 3003 3611 pro
3054 3557 3280 3596 munere
3338 3555 3443 3595 suo

1856 3648 2105 3695 senatum
2131 3635 2516 3699 consuluisset,
2554 3642 2626 3698 et,
2658 3633 2785 3704 quia
2820 3632 2943 3702 pius
2969 3641 3107 3697 erat,
3145 3630 3444 3698 imperator

1855 3729 2125 3784 Arcadius
2169 3727 2314 3780 illius
2345 3741 2403 3780 se
2446 3724 2699 3795 precibus
2733 3723 2799 3777 ad
2844 3723 3014 3777 Deum
3064 3722 3445 3778 commendas-

1856 3831 1959 3878 sct.
1994 3818 2263 3873 Rescribit
2296 3817 2525 3887 epistola
2551 3816 2661 3871 255
2688 3814 2902 3870 Possini
2929 3815 3019 3869 lib.
3045 3831 3109 3880 ll,
3150 3815 3309 3884 epist.
3336 3812 3447 3869 265

1854 3913 2063 3975 Allatii,
2090 3910 2365 3981 quomodo
2393 3910 2690 3979 imperator
2736 3906 3269 3977 Constantinopolim
3323 3920 3445 3960 cre-

1863 4003 2118 4060 berrimis
2177 4001 2599 4064 terramotibus,
2654 4007 2710 4053 et
2767 3998 3107 4052 immissione
3176 3994 3445 4065 frequenti

1854 4095 2388 4170 mathercorum
2420 4091 2622 4163 ignium
2640 4091 2921 4145 liberatam
2948 4095 3170 4158 cuperet
3192 4102 3443 4153 cernere,

1857 4211 1981 4251 cum
2010 4190 2428 4246 innumerabilia
2464 4188 2596 4242 inibi
2637 4186 2833 4257 ﬂagitia
2873 4186 3171 4241 commissa
3235 4192 3443 4246 essent,

1855 4297 1912 4345 et
1950 4286 2227 4342 licentiam
2264 4283 2466 4337 ibidem
2497 4280 2726 4335 multam
2760 4280 3024 4349 iniquitas
3052 4293 3177 4332 cum
3227 4275 3451 4331 horrida

1858 4380 2107 4435 libertate
2137 4375 2430 4432 dominans
2462 4382 2763 4437 exerceret,
2800 4390 2818 4423 ι
2850 4370 3075 4441 depulsa
3113 4369 3165 4423 in
3198 4368 3451 4423 exsilium

181 4461 302 4566 ejus
328 4461 577 4565 Agraeia
602 4461 939 4556 enuntiatur:
969 4488 1192 4543 Flavius
1228 4484 1419 4550 Valila,
1448 4499 1543 4538 seu
1575 4480 1751 4536 Vallia

1878 4473 2116 4529 :olumna
2183 4467 2456 4531 Ecclesia,
2521 4465 2726 4519 lumine
2785 4463 3030 4518 veritatis
3090 4461 3364 4517 exstincto
3396 4466 3453 4513 et

185 4588 417 4655 Quintus
450 4585 791 4641 Theodosius
851 4584 905 4636 in
949 4582 1142 4635 Donat.
1203 4577 1478 4633 Tiburtin.
1529 4573 1758 4640 Charta,

185 4697 346 4754 quam
378 4680 599 4750 protuli,
646 4679 761 4749 jam
801 4676 928 4730 inde
968 4675 1037 4729 ab
1069 4687 1215 4727 anno
1243 4671 1343 4726 471
1374 4678 1630 4724 exarata:
1661 4682 1763 4722 nec

187 4774 329 4830 enim
356 4781 523 4838 stata,
551 4780 606 4825 et
627 4779 799 4832 certa,
842 4778 903 4822 ut
944 4765 1097 4832 olim,
1125 4761 1362 4833 generis,
1415 4776 1482 4815 ac
1540 4758 1764 4813 familia

191 4866 449 4923 vocabula
478 4874 609 4920 tunc
634 4864 690 4917 in
742 4877 846 4916 usu
892 4858 1063 4923 fuere,
1090 4871 1213 4926 qua
1282 4853 1547 4908 fratribus
1600 4853 1763 4905 etiam

192 4960 499 5018 communia
540 4958 740 5021 forent,
799 4962 854 5008 et
881 4953 947 5008 ad
981 4959 1233 5021 posteros
1260 4946 1578 5009 transirent,
1628 4942 1764 4996 adeo

194 5064 259 5111 ut
285 5054 486 5108 nullum
531 5051 748 5106 tandem
798 5046 1041 5108 familia,
1119 5042 1329 5096 nullum
1370 5037 1547 5109 gentis
1598 5036 1763 5090 fixum

192 5160 388 5204 nomen
423 5143 606 5198 fuerit.
663 5143 722 5195 In
753 5140 963 5207 aliquot
990 5134 1251 5191 Romanis
1274 5129 1626 5201 pontificibus
1656 5128 1767 5183 duo

196 5238 413 5297 nomina
441 5234 692 5306 reperio:
729 5231 927 5286 Callus
949 5229 1126 5283 dictus
1159 5222 1540 5296 Symmachus,
1568 5219 1767 5275 Calius

199 5330 533 5393 Hormisdas,
565 5328 794 5397 ejusque
822 5323 969 5377 ﬁlius
997 5319 1194 5375 Caelius
1226 5316 1514 5380 Silverius,
1548 5315 1680 5385 quin
1715 5323 1771 5368 et

204 5424 395 5482 Calius
423 5419 748 5477 Laurentius
783 5418 1059 5485 antipapa,
1087 5409 1417 5480 Calpurnius
1449 5407 1769 5470 Pontianus,

207 5518 469 5576 Domitius
492 5515 774 5578 Callistus,
818 5508 1154 5565 Concordius
1205 5503 1384 5565 Soter,
1420 5500 1660 5557 Joannes
1724 5501 1770 5555 ll

210 5620 563 5685 cognomento
626 5605 950 5668 Mercurius,
1033 5599 1273 5655 Joannes
1321 5596 1389 5651 lll
1448 5596 1771 5661 Catellinus,

215 5703 455 5759 Bonosus
484 5701 806 5758 Benedictus
840 5696 881 5763 Ι,
913 5693 1172 5748 Rusticus
1199 5689 1461 5759 Agapitus
1496 5686 1536 5752 l,
1596 5685 1775 5741 Julius

221 5797 515 5869 Stephanus
542 5796 584 5863 l,
612 5793 813 5849 Fabius
863 5786 1158 5853 Fabianus,
1215 5781 1503 5839 Abundius
1564 5779 1776 5851 Zephy-

1864 4568 1993 4625 tuba
2058 4566 2289 4621 inhibita
2336 4563 2575 4626 Christi,
2648 4559 2861 4615 Joanne
2946 4553 3263 4611 beatissimo
3338 4551 3454 4621 epi-

1864 4674 2073 4729 sc0po;
2108 4656 2239 4727 quid
2286 4670 2375 4709 me
2418 4652 2659 4708 hortaris
2717 4649 2793 4703 uti
2859 4648 3052 4716 digner
3101 4658 3289 4714 preces
3331 4640 3455 4694 fun-

1865 4754 2018 4818 dere,
2063 4751 2333 4807 titubante
2360 4749 2495 4803 urbe
2520 4760 2631 4816 pra
2655 4744 2838 4799 divina
2870 4738 3176 4802 iracundia,
3210 4746 3264 4791 et
3318 4749 3455 4804 quo-

1864 4847 1997 4902 tidie
2021 4844 2336 4915 Opperiente
2360 4847 2731 4909 tempestates,
2752 4849 2840 4889 me
2859 4834 2969 4901 jam
2996 4839 3217 4901 propter
3248 4834 3454 4881 metum

1854 4942 2150 5014 .fulgurito,
2185 4936 2631 5009 cogitationeque
2659 4945 2779 4985 mea
2802 4929 3122 4989 fluctuante,
3150 4930 3457 4991 atquecon-

1868 5011 2032 5090 cussa
2086 5037 2307 5102 propter
2354 5039 2641 5081 excessum
2682 5022 2988 5076 facinorum
3022 5032 3145 5085 qua
3195 5011 3456 5081 tempori-

1868 5128 1972 5182 bus
2003 5124 2157 5179 hisce
2200 5120 2341 5191 apud
2374 5116 2695 5189 Byzantium
2724 5113 2924 5180 injuste
2964 5115 3173 5178 patrata
3212 5103 3408 5158 fuere?
3433 5120 3453 5155 ι

1871 5217 2197 5275 Dubitabam
2224 5210 2521 5283 aliquando
2539 5224 2606 5263 ne
2628 5207 2734 5262 ista
2755 5203 2980 5275 epistola
2998 5200 3191 5255 fuisset
3214 5204 3459 5258 exarata,

1874 5322 2159 5381 postquam
2194 5305 2348 5359 Nilus
2374 5303 2564 5357 abiens
2596 5296 2915 5367 prafectura
2956 5290 3314 5347 monasticam
3344 5302 3460 5341 am-

1873 5380 2065 5474 plexus
2094 5408 2177 5453 est
2210 5399 2401 5460 vitam,
2426 5402 2648 5463 propter
2671 5406 2733 5445 ea
2762 5387 2948 5451 verba,
2972 5382 3141 5451 «Quid
3170 5397 3257 5435 me
3279 5380 3436 5434 horta

1874 5472 1951 5553 ris
1984 5494 2060 5548 uti
2094 5493 2281 5560 digner
2303 5503 2493 5560 preces
2516 5485 2743 5539 fundere
2770 5499 2786 5547 ;
2812 5498 2829 5532 ι
2864 5478 2957 5533 sed
2983 5492 3106 5531 cum
3140 5476 3376 5527 venisset
3409 5472 3461 5524 in

1883 5595 2143 5647 mentem,
2179 5595 2381 5635 munus
2416 5591 2539 5631 esse
2592 5571 2831 5643 pral‘ecti
2866 5569 3019 5622 urbis
3048 5562 3339 5619 consulere
3381 5576 3451 5615 se-

1877 5690 2092 5740 natum,
2138 5685 2193 5731 et
2219 5672 2322 5727 nisi
2361 5673 2498 5725 fusis
2533 5668 2643 5723 Deo
2697 5664 2950 5735 precibus
3016 5660 3195 5729 ipsum
3245 5653 3463 5725 aggredi

1880 5771 2180 5845 quidquam
2214 5765 2360 5822 haud
2393 5762 2635 5826 solitum,
2695 5768 2804 5815 tam
2870 5754 2937 5811 de
2975 5765 3128 5809 more
3177 5744 3465 5806 orthodoxi
