3808 6226
374 199 509 261 1375
1103 210 1253 272 JOS.
1294 211 1558 273 MARI/E
1595 214 1953 276 SUARESII
1986 216 2219 282 LIBER
2255 223 2890 293 CHRONOLOGICUS
3496 242 3645 300 1376

368 319 591 364 St'ttaltls
621 310 787 378 illius,
818 324 982 383 quam
1039 319 1168 387 quia
1205 320 1494 389 religiosus
1532 334 1651 377 erat
1682 325 1818 393 ipse,
1849 342 1949 379 au-
1976 330 2024 386 A
2052 346 2173 385 rum
2224 337 2387 392 rebus
2428 342 2712 406 permultis
2762 352 2970 405 sancte.
3012 361 3077 399 ac
3105 362 3203 416 pro
3226 350 3498 419 dignitate
3535 373 3643 421 ge-

372 400 652 421 -.:-.__._-___
877 407 888 418 .
1222 410 1300 421 -...
1566 416 1575 421 .
1817 418 1847 421 ,μ

366 400 658 470 diebatque
684 418 810 460 vere
839 407 981 474 pius,
1009 424 1131 464 eam
1159 427 1188 465 a
1219 410 1341 467 Nilo
1364 416 1727 484 conscriptam
1763 418 1943 473 adhuc
2043 423 2166 490 stis,
2189 425 2379 482 incidit
2398 400 2451 482 in
2483 432 2668 485 odium
2693 432 2954 490 Eudoxiie
2982 400 3261 507 Augiistee,
3286 400 3422 493 dum
3451 400 3645 497 Τὴῑ-ο-

365 489 517 545 urbis
540 491 793 559 praefecto
821 496 1155 553 existimavi.
1208 500 1483 559 Persuasit
1518 504 1571 560 id
1598 508 1728 560 mihi
1786 508 1943 564 Ruti-
2041 518 2223 585 gnosti
2284 520 2503 575 viduam
2552 532 2781 591 tutatus,
2835 489 3100 596 ingressuo
3133 529 3401 587 Ecclesiae
3444 536 3645 601 prohi—

365 576 469 601 .,___
518 581 641 601 mh
674 585 704 601 ..
800 585 846 601 ,τ
984 589 1015 601 Α.
1199 591 1233 601 η
1278 592 1308 601 ..
1646 595 1711 601 __

364 576 471 634 lius
516 581 775 640 Claudius
800 585 1161 645 Numatianus
1193 591 1401 655 Gallus,
1433 594 1524 649 lib.
1565 610 1581 648 t
1635 595 1936 666 Itinerarii,
2039 576 2252 662 buisset
2308 610 2635 680 Augustam,
2688 576 2925 670 etymo:
2957 618 3179 672 tutelam
3238 576 3645 676 Alexan'drina‘.

362 671 456 739 qui
490 673 777 741 praefectus
813 680 931 734 urbi
963 679 1168 747 Romze,
1204 685 1443 755 antiquae
1489 687 1769 757 nimirum,
1833 690 1939 747 fuit
2038 700 2218 754 viduae
2288 671 2597 772 suscipiens
2653 706 2923 763 adversus
2989 711 3236 766 eamdem
3291 712 3639 781 Augustam,

361 775 507 816 anno
539 765 607 818 ab
640 765 786 823 Urbe
814 771 1030 826 condita
1069 773 1227 840 1160,
1256 775 1377 832 istis
1407 778 1688 835 versibus:

590 897 692 961 non
722 882 973 961 displicui
1016 902 1251 961 regerem
1281 907 1411 961 cum
1430 892 1562 959 jura
1586 892 1824 961 Quirini,

609 951 746 1004 colui
785 965 1016 1030 structos,
1046 947 1390 1030 consuluique
1420 947 1648 1027 Patres,

499 1018 645 1072 Nam
692 1024 830 1090 quod
877 1024 1025 1078 nulla
1090 1044 1260 1081 meum
1302 1018 1653 1087 'strinxerunt
1706 1036 1934 1091 crimina

1659 1101 1678 1175 [
1708 1106 1929 1175 ferrum,

500 1157 624 1212 Non
644 1160 713 1212 sit
736 1162 978 1229 prwfecti
1007 1165 1203 1235 gloria,
1247 1169 1339 1222 sed
1365 1173 1569 1241 populi.

353 1266 594 1323 Omnino
624 1287 752 1326 vero
783 1277 1125 1332 confirmavit
1150 1296 1279 1335 cura
1312 1283 1646 1353 reliquorum
1677 1298 1925 1345 motuum

352 1358 445 1424 qui
486 1359 758 1415 subsecuti
805 1376 932 1420 sunt
977 1367 1030 1420 in
1064 1384 1228 1424 causa
1269 1374 1444 1427 sancti
1474 1372 1704 1432 Joannis
1754 1380 1929 1451 Chry-

351 1452 580 1504 sostomi
646 1468 791 1509 almo
846 1457 970 1522 404,
1027 1461 1352 1518 demandata
1428 1465 1624 1523 Studio
1676 1472 1929 1540 pnelecto

350 1541 472 1594 urhi
523 1542 1158 1618 Constantinopolitaiue,
1192 1552 1245 1607 in
1271 1555 1306 1608 Ι.
1334 1556 1401 1609 57
1431 1556 1490 1611 C.
1545 1558 1622 1613 De
1658 1562 1819 1629 episc.
1876 1573 1927 1618 et

349 1633 477 1687 cler.
507 1645 561 1688 et
590 1636 750 1706 legib.
784 1656 857 1704 iv,
901 1657 954 1705 ν,
979 1658 1052 1705 νι,
1085 1644 1162 1698 De
1200 1646 1302 1709 his,
1358 1651 1447 1718 qui
1477 1668 1633 1719 super
1678 1655 1927 1725 religione
1956 1668 2003 1726 Β

348 1730 687 1784 contendunt.
717 1731 938 1789 Studius
975 1747 1120 1792 certe
1146 1740 1266 1806 iste,
1303 1743 1368 1795 ad
1405 1760 1564 1812 quem
1596 1759 1773 1803 exstat
1797 1767 1926 1804 san-

346 1825 420 1876 cti
455 1823 681 1882 Joannis
716 1831 992 1900 Chrysost.
1021 1832 1274 1903 'Epistola
1305 1840 1445 1894 inter
1482 1842 1785 1901 Savilianas
1833 1847 1923 1912 57,

346 1924 481 1967 tom.
510 1916 618 1981 VII,
645 1935 696 1987 p.
733 1921 854 1983 197,
886 1922 1027 1976 inter
1056 1923 1456 1984 Frontmiianas
1499 1931 1621 1997 19.7,
1655 1948 1773 2003 pag.
1797 1935 1924 2004 921,

346 2005 602 2074 inscripta
648 2010 914 2082 Στουδείῳ
952 2014 1178 2085 ἐπάρχῳ
1207 2018 1308 2087 τῆς
1344 2021 1572 2085 πόλεως,
1626 2040 1731 2092 qua
1792 2042 1919 2081 eum

344 2099 661 2154 consolatur
684 2101 750 2156 de
774 2115 948 2160 morte
992 2106 1198 2173 fratris,
1231 2111 1274 2165 is
1322 2123 1426 2175 est,
1478 2116 1546 2169 de
1577 2132 1686 2185 quo
1745 2117 1923 2173 Thro-

343 2188 512 2244 dorus
538 2192 815 2250 Romanus
840 2200 981 2263 apud
1012 2198 1311 2256 Palladium
1332 2204 1383 2257 in
1408 2205 1611 2275 Dialog.
1636 2209 1838 2265 Suidas
1866 2212 1918 2265 in

341 2295 396 2332 ν.
444 2281 712 2347 Στούδιος,
737 2286 847 2341 hinc
874 2288 1035 2342 habet
1062 2290 1267 2353 Graece,
1295 2310 1417 2364 quas
1449 2294 1639 2351 Latina
1666 2300 1916 2354 exhibeo:

347 2390 366 2423 α
398 2371 623 2428 Studius
660 2376 760 2431 fuit
788 2381 868 2432 vir
900 2392 1112 2449 potens,
1146 2393 1199 2437 et
1229 2391 1496 2441 exstruxit
1528 2390 1742 2444 celebre
1796 2408 1916 2447 mo-

337 2465 642 2521 nasterium
686 2468 1046 2537 Studitarum,
1089 2477 1233 2544 quod
1284 2478 1335 2531 in
1390 2480 1584 2548 primis
1636 2484 1920 2540 catholicae

336 2554 441 2609 fuit
473 2556 748 2625 Ecclesiae,
782 2563 1000 2620 demum
1030 2583 1158 2621 vero
1186 2570 1402 2624 transiit
1431 2571 1483 2625 in
1526 2579 1917 2631 monasterium

336 2650 529 2719 νομὴν,
560 2651 611 2706 id
644 2662 747 2719 est,
777 2658 1034 2724 prwdam.
1074 2659 1163 2713 Ille
1194 2660 1309 2730 ipse
1347 2665 1600 2732 templum
1634 2667 1921 2724 aediﬁcavit

335 2736 503 2794 Ducis
530 2744 847 2811 angelorum
897 2747 1153 2815 Nacoliaa,
1190 2753 1242 2805 in
1284 2770 1394 2823 quo
1424 2755 1673 2813 feruntur
1710 2760 1762 2814 hi
1796 2776 1919 2816 ver-

335 2846 432 2886 sus
462 2832 682 2897 heroici,
720 2852 857 2906 quos
886 2840 955 2894 ita
989 2845 1120 2897 verti
1148 2862 1162 2898 :

475 2946 651 3013 Quam
722 2952 826 3005 cito
882 2954 1236 3023 splendentem
1307 2965 1603 3018 construxit
1670 2965 1983 3058 lStultiusc

1709 3039 1873 3092 (edem

1709 3039 1873 3092 (edem

650 3088 900 3146 Consulis
948 3096 1149 3165 accepit
1188 3098 1387 3171 virgam
1422 3036 1908 3176 mercedelreperta:

332 3198 609 3255 Hactenus
642 3201 865 3258 Suidas.
897 3207 1193 3264 Consulem
1224 3213 1438 3268 invenio
1472 3216 1722 3274 Studium
1781 3238 1905 3277 cum

329 3290 491 3344 Aetio
519 3293 583 3346 ad
625 3308 827 3348 annum
858 3297 920 3351 (2.
967 3296 1031 3353 N.
1079 3302 1205 3366 456,
1249 3307 1350 3359 etsi
1389 3308 1479 3360 alii
1526 3312 1707 3380 legant
1756 3313 1908 3369 Aste-

331 3381 511 3433 rium:
545 3398 610 3435 ex
652 3383 753 3438 hoc
800 3392 1129 3444 monasterio
1172 3398 1371 3463 prodiit
1396 3398 1486 3451 diu
1542 3413 1663 3469 post
1727 3402 1905 3460 Theo-

328 3472 497 3528 dorus
527 3475 767 3531 Studites
796 3495 943 3533 anno
988 3482 1113 3548 8'20,
1157 3487 1252 3553 qui
1322 3491 1606 3547 confessor
1651 3502 1903 3567 egregius

325 3564 712 3636 catholicacque
746 3570 867 3623 fidei
900 3574 1047 3641 pugil
1080 3574 1316 3631 invictus
1341 3583 1574 3648 exstitit,
1594 3564 1899 3657 eodemque

322 3653 415 3707 die
459 3656 655 3711 natalis
699 3658 819 3727 ejus
854 3664 1183 3731 celebratur,
1216 3685 1325 3738 quo
1352 3671 1455 3726 Nili
1492 3676 1723 3743 abbatis,
1768 3683 1907 3735 duo-

326 3743 538 3800 decima
562 3747 769 3803 scilicet
794 3748 1118 3812 Novembris
1136 3759 1188 3812 in
1212 3759 1593 3834 Martyrologio
1619 3765 1899 3839 Romano;

327 3846 383 3889 at
410 3838 465 3891 in
494 3839 818 3913 Menologio,
850 3846 909 3898 11
945 3846 1219 3906 Theodori
1264 3853 1512 3923 Studitae,
1546 3859 1632 3921 1‘2,
1658 3859 1761 3915 Nili
1807 3838 1902 3919 so;

324 3926 533 3982 lernnes
561 3930 916 4001 designantur
967 3938 1103 3993 dies.
1135 3940 1471 4013 TheOphilus
1498 3946 1901 4011 Alexandrinus

320 4020 489 4093 649
515 4026 956 4099 archiepiscopus
1000 4031 1250 4089 infensus
1274 4047 1467 4111 sancto
1489 4038 1687 4096 Joanni
1720 4046 1899 4118 Chry-

322 4128 568 4170 sostomo
600 4120 810 4175 accitus
840 4122 893 4175 in
933 4124 1123 4178 urbem
1152 4138 1376 4182 venerat
1408 4141 1530 4199 post
1550 4135 1759 4189 obitum
1783 4137 1895 4192 Ne-

320 4208 475 4260 ctarii
506 4210 917 4282 archiepiscopi
951 4216 1545 4290 ConstantinOpolitani
1585 4242 1733 4280 anno
1755 4228 1796 4283 C
1824 4229 1893 4286 Ν.

2037 791 2481 865 'l‘heodoritoque
2532 798 2762 866 patricio
2805 801 2964 869 cujus
2998 801 3090 856 illa
3122 803 3323 871 opibus
3352 804 3638 869 inhiabat,

2035 885 2329 941 consulens
2370 897 2432 942 ut
2472 904 2571 944 sua
2617 891 2803 945 omnia
2867 894 3198 962 pauperibus
3245 896 3637 966 elargiretur;

2034 978 2281 1047 quaeLeo
2303 974 2604 1051 iniperator
2640 982 2818 1041 fusius
2843 985 2899 1040 in
2928 984 3045 1041 Vita
3076 986 3134 1041 S.
3162 986 3400 1043 Joannis
3427 1005 3639 1059 prose-

2033 1069 2222 1138 quitur
2250 1073 2392 1140 apud
2416 1075 2747 1131 cardinalem
2775 1076 3070 1133 Baroninm
3097 1093 3113 1145 ;
3155 1093 3281 1135 cum
3313 1078 3637 1136 Severiano

2032 1174 2253 1228 quoque
2286 1161 2600 1230 Gabalensi,
2654 1181 2891 1235 cumque
2932 1168 3053 1236 ipso
3090 1181 3283 1225 sancto
3312 1172 3634 1242 Epiphanio

2031 1249 2232 1319 Cyprio
2261 1254 2590 1320 praesulibus
2617 1255 2911 1323 dissidens,
2949 1260 3403 1330 conspirantibus
3440 1265 3633 1333 pluri-

2029 1338 2135 1396 hus
2199 1344 2566 1413 magnatibus,
2615 1362 2756 1417 quos
2778 1349 3115 1406 concitarant
3151 1353 3333 1408 viduae
3360 1356 3627 1425 quaedam

2028 1433 2394 1499 lascivientes,
2446 1454 2680 1508 quarum
2741 1440 3043 1498 delineasse
3079 1444 3360 1501 licentiam
3398 1447 3629 1503 videtur

2028 1525 2325 1595 Apostolus
2365 1530 2420 1582 in
2451 1528 2674 1599 IEpist.
2749 1533 2821 1586 ad
2870 1532 3099 1596 Timoth,
3128 1552 3181 1591 (ε.
3244 1554 3304 1604 ιι,
3362 1554 3627 1609 quasque

2028 1622 2519 1691 καταστρηνιώσας
2578 1624 2631 1678 id
2684 1634 2789 1691 est,
2841 1627 3202 1694 luxuriantes,
3253 1632 3373 1700 ipse
3416 1631 3617 1688 Joan-

2028 1728 2127 1767 nes
2176 1715 2295 1768 zelo
2320 1730 2586 1771 accensus
2619 1728 2896 1788 arguerat,
2948 1723 3208 1778 nimirum
3246 1724 3441 1780 Martia
3474 1728 3621 1781 Pro-

2027 1808 2159 1861 moti
2194 1806 2428 1879 (fi-atria,
2459 1809 2574 1863 sive
2604 1809 2856 1865 fratrissa
2885 1812 3148 1869 Eudoxiae
3166 1818 3453 1885 Augustae,
3482 1833 3613 1889 quae

2025 1900 2135 1954 ﬁlia
2183 1912 2301 1954 erat
2350 1901 2589 1957 Promoti
2617 1905 2873 1970 senioris,
2911 1915 2970 1959 ut
3019 1906 3192 1973 reor),
3220 1908 3483 1964 Castritia
3512 1911 3621 1965 Sa-

2026 1994 2232 2049 turnini
2289 1998 2377 2065 (an
2434 1997 2556 2065 ejus
2608 1998 2701 2068 qui
2734 2001 2929 2054 consul
2954 1999 3057 2053 fuit
3089 2016 3212 2055 cum
3251 2001 3615 2065 Merobaude,

2023 2100 2192 2149 anno,
2243 2086 2369 2147 385.
2410 2097 2465 2141 et
2516 2089 2585 2143 ad
2636 2105 2797 2158 quem
2850 2101 3071 2147 exstant
3124 2092 3387 2161 Epistulae
3424 2095 3617 2148 sancti

2022 2176 2269 2247 Gregorii
2337 2176 2690 2247 Nazianzeni,
2759 2184 2961 2252 quibus
3031 2185 3133 2253 ipsi
3186 2186 3379 2239 tribuit
3425 2186 3619 2256 ἀρχῆς

2022 2268 2175 2338 Mog,
2212 2272 2565 2341 magistratus
2597 2275 3000 2341 celsitudinem,
3041 2277 3157 2331 sive
3191 2278 3615 2345 praefecturam,

2020 2362 2194 2414 sancti
2228 2361 2415 2417 Basilii
2469 2364 2597 2425 515.
2633 2366 2726 2433 qui
2770 2368 3023 2419 comitem
3056 2376 3218 2421 vocat
3248 2365 3513 2431 Orientis,
3558 2378 3620 2424 et

2018 2450 2235 2505 Libanii
2264 2468 2369 2522 qua
2413 2452 2641 2521 Latina),
2671 2472 2779 2525 qua
2823 2456 3025 2512 Graeca:
3069 2458 3123 2512 in
3161 2457 3440 2515 Vaticanis
3493 2461 3613 2516 Re-

2018 2543 2229 2613 giisque
2271 2545 2599 2614 codicibus),
2629 2557 2685 2601 et
2732 2547 3062 2619 Engraphia,
3107 2551 3266 2621 cujus
3302 2553 3355 2604 in
3383 2552 3614 2611 aedibus

2018 2634 2398 2691 diversabatur
2453 2637 2810 2706 Theophilus,
2862 2640 3156 2696 vindictam
3208 2644 3615 2702 anhelantibus

2016 2725 2237 2782 Asianis
2284 2729 2583 2800 episcopis,
2617 2746 2759 2799 quos
2803 2744 3124 2788 coercuerat
3175 2734 3229 2788 in
3264 2736 3471 2791 Asiana
3502 2754 3608 2809 sy-

2016 2823 2182 2875 nodo.
2238 2820 2419 2876 Rediit
2458 2822 2625 2891 igitur
2671 2821 3030 2895 Theophilus,
3078 2828 3150 2882 ab
3176 2844 3354 2899 eoque
3378 2833 3611 2902 cogitur

2017 2912 2444 2967 conciliabulum
2477 2914 2545 2968 ad
2576 2915 2848 2982 Quercum
2872 2918 3217 2989 (subnrbium
3239 2924 3286 2975 id
3320 2933 3407 2978 est
3430 2924 3609 2980 Chal-

2016 3004 2240 3059 cedonis
2280 3015 2433 3060 trans
2459 3022 2629 3071 mare,
2673 3022 3088 3080 cegnomenque
3130 3014 3413 3069 sortitura
3450 3016 3610 3071 Ruf-

2012 3095 2144 3165 ﬁno)
2174 3096 2294 3151 dies
2313 3097 2516 3152 dicitur
2539 3110 2732 3154 sancto
2750 3098 2972 3167 Joanni,
2997 3104 3091 3171 qui
3108 3105 3607 3170 noluitinteresse,

2011 3201 2297 3259 suspectos
2319 3191 2445 3253 sibi,
2476 3201 2532 3247 et
2561 3193 2819 3249 inimicos
2867 3210 3133 3252 recusans
3175 3199 3492 3268 episcopos,
3546 3214 3607 3257 et

2009 3285 2369 3355 injustissime
2398 3286 2692 3341 damnatur
2718 3287 2939 3351 absens,
2962 3297 3121 3356 atque
3155 3290 3459 3345 inauditus.
3480 3292 3602 3346 Re-

2009 3378 2215 3432 latione
2261 3380 2387 3433 data
2441 3379 2679 3434 Arcadio
2733 3381 3075 3450 imperatori,
3128 3397 3255 3437 cum
3284 3384 3603 3453 impelleret

2005 3470 2253 3540 Augusta
2308 3470 2577 3536 Eudoxia,
2622 3474 2778 3542 jussu
2804 3472 3021 3528 Arcadii
3053 3475 3291 3529 antistes
3314 3477 3591 3532 innocen-

2008 3564 2255 3621 tissimus
2290 3581 2323 3621 e
2348 3566 2476 3622 sede
2499 3583 2598 3623 sua
2628 3567 2973 3632 deturbatur,
3004 3577 3059 3623 et
3104 3569 3593 3640 Constantinopoli

2004 3654 2292 3723 depellitur
2312 3672 2457 3711 anno
2484 3659 2612 3720 405,
2646 3659 2737 3713 sed
2770 3659 2840 3713 ob
2868 3668 3263 3727 terraamotum,
3302 3676 3417 3730 quo
3453 3676 3595 3715 con-

2004 3761 2163 3802 cussa
2222 3749 2355 3803 urbs
2411 3750 2499 3804 illa
2559 3749 2852 3806 confestim
2916 3752 3160 3814 tremuit,
3188 3761 3409 3806 terrore
3436 3754 3589 3818 aula,

2002 3837 2267 3907 piebsque
2319 3849 2591 3894 commota
2620 3840 2741 3904 fuit,
2782 3842 2939 3911 isque
2963 3852 3256 3899 revocatur
3282 3859 3314 3898 e
3342 3846 3591 3900 Preteno

2004 3929 2111 4002 (est
2163 3932 2269 3986 hoc
2321 3932 2541 4001 quidem
2595 3936 2899 4003 emporium
2938 3936 3103 3991 etiam
3131 3947 3286 3992 trans
3320 3952 3476 3991 mare
3506 3940 3591 3993 si—

2002 4034 2116 4077 tum
2138 4040 2167 4077 e
2195 4024 2419 4093 regione
2443 4023 2819 4096 Nicomediae),
2837 4029 3071 4098 legerem
3100 4038 3286 4083 tamen
3309 4028 3589 4097 Prienen,

2000 4116 2146 4184 quod
2182 4126 2265 4169 est
2295 4116 2559 4186 Bithyniae
2593 4119 2850 4188 oppidum
2872 4121 3205 4189 episcopale,
3232 4123 3584 4194 thermisque

2001 4203 2335 4271 percelebre,
2371 4206 2437 4260 de
2468 4221 2578 4275 quo
2599 4209 2684 4277 egi
2715 4209 2809 4263 lib.
2840 4226 2857 4264 ι
2893 4208 3180 4277 Prwnest.,
3218 4229 3268 4268 c.
3293 4215 3362 4280 ὃς
3402 4226 3459 4269 et
3483 4217 3580 4270 lib.

317 4295 443 4363 597,
477 4313 569 4352 seu
599 4299 856 4364 Cazsario,
880 4311 933 4356 et
961 4305 1140 4361 Attico
1162 4322 1333 4374 coss.,
1358 4312 1549 4379 quinto
1574 4313 1693 4370 Kal.
1730 4314 1894 4371 Octo-
1925 4341 1970 4397 υ
2002 4314 2063 4397 "_9
2085 4315 2137 4354 ε·
2167 4302 2220 4356 9·
2256 4302 2422 4372 650
2454 4301 2566 4357 N‘ic
2594 4304 2687 4357 diu
2712 4315 2843 4397 ,νοεῖ
2868 4321 3014 4361 anno
3049 4307 3178 4372 *κη’
3199 4325 3325 4363 cum
3356 4313 3415 4365 in
3442 4326 3584 4367 eon‘

317 4387 454 4454 bris,
490 4390 554 4444 ad
587 4392 828 4460 comitia,
866 4404 919 4448 ct
936 4396 998 4449 ad
1026 4398 1332 4466 eligendum
1364 4418 1757 4472 successorem,
1796 4410 1896 4464 ha-

318 4481 539 4551 bitoque
565 4484 819 4547 concilio,
846 4487 1023 4540 visum
1059 4498 1142 4543 est
1164 4506 1447 4547 accersere
1476 4493 1743 4553 Joannem
1775 4503 1888 4556 An-

318 4572 650 4639 tiochenum,
675 4576 753 4628 uti
776 4574 1029 4631 Nectar-io
1069 4581 1479 4651 subrogaretur.
1520 4586 1617 4643 llic
1650 4588 1891 4650 Joannes

314 4662 620 4731 piissimus,
680 4680 745 4718 ac
797 4666 1308 4736 eloquentissimus,
1338 4684 1391 4728 et
1440 4677 1510 4730 ab
1537 4678 1880 4740 Autiocheno

312 4754 516 4822 populo
546 4755 908 4823 priedilectus,
942 4776 1086 4813 anno
1114 4762 1237 4826 593,
1264 4774 1417 4833 porta
1452 4767 1693 4825 Romana
1723 4785 1889 4832 vastae

315 4845 460 4899 illius
492 4848 730 4901 civitatis
764 4865 1039 4919 egressus,
1081 4862 1336 4920 tanquam
1386 4859 1485 4912 iret
1519 4862 1583 4913 ad
1626 4868 1885 4935 martyria

311 4954 435 4993 cum
487 4944 685 4995 comite
715 4941 953 4998 Orientis
999 4943 1303 5002 Antiochia:
1339 4950 1624 5008 residentis
1670 4956 1887 5013 Asterie

312 5032 660 5103 (scholiastes
693 5034 913 5089 Godicis
946 5035 1309 5092 Theodosiani
1340 5055 1524 5097 narrat
1558 5048 1623 5098 ad
1659 5048 1693 5100 Ι.
1732 5065 1880 5106 xxxv

310 5120 390 5173 De
429 5121 689 5190 operibus.
744 5123 940 5190 public.
976 5141 1006 5179 e
1050 5126 1377 5194 Sozomeno,
1437 5132 1530 5185 lib.
1576 5150 1693 5199 vm,
1740 5153 1790 5193 c.
1823 5141 1879 5204 2,

290 5216 452 5272 ,Hist.
493 5215 676 5268 eccles.
711 5215 974 5282 Palladio,
1016 5230 1069 5274 et
1112 5221 1345 5292 chi-gio
1378 5224 1430 5276 in
1484 5225 1586 5279 Vit.
1626 5229 1682 5282 S.
1718 5229 1876 5286 Joan.

306 5306 562 5375 Chrys),
594 5316 813 5376 repente
855 5308 1204 5378 imperatoris
1244 5314 1463 5368 Arcadii
1511 5317 1669 5385 jussu
1704 5322 1773 5374 ab
1806 5339 1873 5377 c0

305 5396 559 5465 dirigitur
620 5397 1170 5467 Constantinopolim,
1221 5412 1277 5455 et
1328 5403 1399 5457 ibi
1457 5404 1527 5457 26
1568 5405 1873 5474 Februarii,

305 5488 557 5554 quamvis
602 5488 773 5544 invito
818 5488 1122 5560 Theophilo
1176 5491 1568 5560 Alexandrino,
1602 5502 1871 5570 archiepi-

305 5591 507 5633 scoous
568 5577 1211 5650 Constantinopolitanus
1262 5586 1365 5642 rite
1410 5590 1719 5646 ordinatur.
1770 5593 1871 5650 Ve-

1998 4392 2157 4446 cione
2204 4402 2428 4448 sanctus
2468 4397 2666 4463 praesul
2708 4396 2957 4452 invectus
2993 4398 3193 4455 fuisset
3228 4403 3451 4472 publice
3483 4407 3583 4458 ad-

1995 4498 2189 4537 versus
2215 4483 2518 4539 Eudoxiam
2562 4487 2636 4541 ob
2671 4496 2907 4543 statuam
2957 4504 3271 4561 argenteam
3294 4494 3399 4563 ipsi
3436 4497 3581 4564 posi-

1996 4582 2129 4640 tam,
2147 4585 2497 4646 erectamque
2523 4593 2686 4648 super
2705 4582 2962 4635 columna
2986 4583 3370 4654 porphyretica
3403 4602 3579 4657 prope

1993 4666 2167 4735 ipsam
2197 4668 2485 4723 ecclesiam
2523 4684 2647 4725 eum
2674 4672 2841 4738 ludis,
2874 4674 3316 4746 histrionumqu‘e
3354 4689 3578 4747 specta-

1991 4757 2151 4823 culis,
2180 4768 2235 4813 et
2278 4760 2492 4815 cultura
2545 4762 2831 4817 hominum
2889 4765 3211 4833 dignitatem
3267 4772 3574 4824 excedente

1989 4850 2059 4905 ab
2086 4865 2235 4906 anno
2255 4851 2383 4917 405,
2424 4862 2562 4908 teste
2620 4854 2936 4911 Marcellino
2966 4858 3019 4911 in
3056 4858 3351 4923 Chronico,
3382 4870 3442 4914 et
3466 4860 3571 4915 So-

1987 4953 2158 5007 crate,
2211 4944 2304 4998 lib.
2344 4960 2419 5010 vi,
2452 4961 2504 4999 c.
2538 4945 2626 5013 16,
2665 4958 2720 5001 et
2746 4945 3075 5011 Sozomeno,
3113 4950 3206 5003 lib.
3233 4967 3351 5016 viti,
3385 4966 3444 5006 c.
3471 4953 3567 5017 20,

1985 5045 2041 5089 et
2073 5036 2104 5087 Ι.
2145 5037 2291 5090 unic.
2335 5036 2398 5090 C.
2438 5036 2712 5093 Theodos.
2746 5039 2821 5092 De
2850 5040 3174 5109 imaginibus
3219 5043 3473 5109 imperat.
3502 5062 3567 5101 ac

1985 5130 2021 5183 l.
2056 5146 2107 5184 tv
2138 5129 2214 5184 De
2247 5131 2327 5183 his
2359 5131 2449 5200 qui
2482 5148 2639 5200 super
2671 5132 2820 5201 relig.
2870 5135 3117 5189 contend.
3145 5136 3183 5189 Ι.
3220 5151 3307 5189 xu
3330 5147 3381 5189 et
3434 5155 3565 5193 xuv

1985 5219 2063 5271 De
2099 5222 2295 5287 operib.
2351 5221 2546 5288 public.
2606 5221 2697 5275 ubi
2737 5222 3097 5301 scholiastes,
3114 5235 3169 5277 et
3222 5225 3275 5277 in
3308 5227 3565 5283 Chrono-

1980 5314 2121 5383 logia
2180 5329 2233 5382 p.
2292 5314 2415 5368 147.
2458 5315 2590 5368 Erat
2615 5323 2793 5369 autem
2822 5318 3256 5384 propensissimo
3289 5319 3345 5371 in
3374 5319 3563 5377 Eudo—

1980 5408 2125 5461 xiam
2175 5408 2357 5462 studio
2414 5408 2701 5469 Arcadius,
2741 5425 2909 5480 quam
2945 5420 3001 5464 et
3028 5426 3175 5465 anno
3207 5412 3315 5466 400
3342 5416 3559 5484 procla-

1978 5502 2116 5556 mari
2147 5502 2437 5557 mandarat
2462 5504 2766 5574 Augustam
2810 5518 2841 5559 e
2867 5502 3551 5575 ChronicoAlexandrino,

1976 5605 2030 5649 et
2052 5612 2083 5650 a
2105 5610 2212 5664 qua
2230 5596 2589 5667 Selymbriam
2612 5602 2913 5669 nuncupari
2932 5601 3255 5671 permiserat
3274 5602 3556 5660 Eudoxio-
