3808 6226
175 316 321 383 13¹Π

1493 313 1593 373 DE
1634 308 1815 374 VITA
1850 306 1910 368 S.
1949 308 2137 371 NILI.

3310 307 3449 373 1378

170 434 379 505 polim,
430 432 486 488 in
524 447 646 489 eam
708 445 877 505 porro
925 437 1153 486 sanctus
1176 427 1646 499 archiepiscopus.
1678 424 1774 496 qui
1804 424 1850 480 Α
1878 440 1932 479 c.
1964 425 2053 491 l9,
2081 424 2177 479 lib.
2208 437 2260 477 vr
2286 439 2301 477 :
2325 436 2421 477 seu
2454 420 2811 490 Septembris,
2840 428 2901 476 ut
2925 418 3079 474 aiunt
3105 418 3219 486 alii,
3251 436 3451 490 nempe

170 524 478 579 Circenses
502 524 663 580 ludos
715 523 855 579 adeo
917 521 1313 586 insectabatur,
1358 520 1764 574 ethistrionum

172 616 520 686 spectacula,
580 629 704 685 quze
747 613 1069 669 nutriebant
1115 611 1407 682 spurcitias
1451 610 1762 676 libidinum,

177 718 239 762 et
262 707 591 761 idololatria:
614 705 879 775 reliquias
895 707 1311 767 conservabant,
1341 701 1559 764 penitus
1582 701 1766 755 delere

174 800 486 869 satagebat.
512 798 669 853 Certe
692 797 858 861 malo,
880 806 1044 867 atque
1064 796 1391 850 detrimento
1410 793 1760 863 Reipublicae,

174 893 497 959 damnaque
525 905 589 943 ac
621 888 865 959 periculo
912 888 1259 958 regnantium
1315 886 1648 956 principum,
1672 885 1761 952 ja-

176 989 456 1050 cturaque
475 980 805 1041 honestatis.
828 990 881 1034 et
909 995 1126 1034 morum
1146 978 1454 1047 corruptela
1486 977 1577 1030 diu
1601 976 1763 1029 dein-

176 1088 315 1142 eeps
330 1072 634 1143 perstitere,
656 1070 1031 1141 factionesque
1047 1069 1425 1131 Prasinorum,
1446 1079 1501 1122 et
1535 1067 1765 1122 Veneto-

176 1182 308 1219 rum
372 1165 527 1221 fuere
568 1166 783 1220 semina
812 1165 1163 1227 seditionum,
1192 1174 1250 1216 ut
1278 1177 1343 1215 ex
1372 1159 1676 1214 Annalibus
1706 1160 1767 1213 Ii-

175 1269 338 1329 quet,
371 1268 535 1328 atque
575 1258 933 1327 perduellium
979 1264 1273 1326 praetextus
1319 1271 1382 1307 ex
1422 1254 1527 1307 illis
1558 1253 1764 1306 colori-

178 1350 288 1403 bus
349 1349 620 1419 desumpti
671 1362 832 1413 sunt;
871 1348 1013 1401 unde
1049 1346 1761 1400 convinciturmendacium

180 1436 355 1499 illius,
372 1437 465 1506 qui
486 1437 727 1506 jactabat
747 1436 1001 1506 expedire
1024 1435 1270 1504 Augusto
1295 1446 1352 1488 nt
1384 1435 1617 1504 populus
1654 1434 1762 1488 illis

179 1527 571 1582 distineretur.
616 1528 670 1581 ln
713 1543 832 1582 eam
867 1528 1136 1596 (inquam)
1171 1526 1623 1595 vigilantissimus
1662 1541 1763 1593 pa-

180 1628 307 1674 stc.‘
352 1618 683 1689 divinusque
702 1634 880 1688 praeco
897 1620 1184 1684 detonuit;
1209 1618 1395 1687 itaque
1420 1629 1607 1671 notum
1632 1618 1761 1687 quid

180 1711 363 1780 possit
394 1710 581 1765 furens
611 1720 664 1765 et
682 1711 957 1780 imperans
991 1709 1230 1763 femina:
1266 1710 1633 1764 conciliabqu
1655 1710 1763 1762 alio

180 1802 254 1854 ab
305 1800 509 1854 Acacio
555 1800 815 1869 episcopo
855 1798 1130 1853 Berrhmaa
1188 1799 1239 1852 in
1280 1797 1616 1862 Macedonia,
1652 1798 1767 1852 An-

180 1894 373 1947 tiocho
408 1892 781 1957 Ptolemaidis,
841 1891 1139 1945 Severiano
1183 1890 1537 1954 Gabalornm,
1586 1899 1642 1946 et
1664 1892 1769 1963 Cy-

180 1984 312 2039 rino
372 1982 753 2047 Chalcedonis,
780 1993 834 2040 et
875 1982 1225 2037 multitudine
1278 1983 1513 2037 aliorum
1553 1986 1770 2054 episco-

180 2092 408 2147 porum,
438 2076 688 2142 collecto,
724 2076 776 2129 in
795 2092 905 2146 quo
934 2076 1057 2130 licet
1078 2076 1275 2131 absens
1289 2075 1645 2146 Theophilus,
1682 2076 1768 2130 ni-

183 2170 490 2224 hilominus
518 2169 923 2236 dominabatur,
942 2169 1139 2224 iterum
1166 2169 1407 2225 Joannes
1435 2171 1769 2226 condemna-

180 2266 299 2312 tur.
342 2256 489 2311 lnter
520 2258 891 2313 accusationis
923 2272 1055 2313 vero
1100 2260 1283 2329 capita
1327 2257 1582 2330 Origenis
1613 2276 1764 2315 erro-

184 2361 277 2401 res
328 2347 528 2402 fovisse
580 2348 1020 2415 insimulabatur,
1055 2364 1217 2419 quam
1258 2350 1591 2406 calumniam
1631 2353 1768 2408 satis

183 2440 410 2494 diluunt
464 2448 719 2497 auctores
763 2442 949 2507 sacri;
1009 2458 1109 2498 nec
1147 2443 1292 2498 enim
1339 2445 1639 2501 monachos
1672 2445 1768 2515 qui

184 2544 348 2588 erant
377 2530 722 2604 Origenistaa,
746 2534 852 2588 alia
877 2534 946 2590 de
979 2548 1142 2590 causa
1173 2536 1587 2605 perhumaniter
1610 2550 1770 2592 exce-

186 2626 291 2703 pit,
322 2641 489 2695 quam
519 2634 579 2679 ut
616 2622 685 2678 ad
709 2625 1009 2681 Ecclesiam
1047 2628 1376 2681 catholicam
1417 2629 1673 2698 pellectos
1702 2642 1768 2683 ea

187 2718 505 2783 clementia,
538 2719 862 2789 lenitosque,
908 2734 973 2775 ac
1017 2720 1429 2793 mansuefactos
1462 2722 1765 2777 reduceret.

190 2811 287 2864 Sic
325 2819 548 2865 sanctus
579 2810 815 2880 Cyrillus
848 2810 1101 2883 Origenis
1146 2814 1356 2868 assecla
1384 2814 1521 2869 falso
1540 2815 1765 2871 dicitur.

192 2901 290 2957 Sic
322 2914 547 2957 sanctus
587 2902 955 2975 llieronymus
978 2920 1005 2958 a
1050 2904 1293 2960 Palladio
1323 2917 1551 2961 vocatur
1580 2906 1770 2977 Orige-

193 2995 363 3057 nista,
391 2994 520 3063 quia
552 2994 755 3050 liberos
791 2996 929 3067 Περὶ
950 2997 1137 3067 ἀρχῶν
1176 2996 1427 3068 Origenis
1465 2999 1767 3064 transtulit,

190 3086 299 3141 etsi
358 3088 696 3157 purgaverit,
737 3096 797 3143 ut
833 3087 1193 3161 Rosweydus,
1222 3106 1345 3161 pag.
1371 3090 1477 3146 446
1516 3090 1623 3145 Vit.
1652 3090 1765 3145 Pa-
1795 3099 1839 3159 α

192 3191 363 3246 trum,
397 3180 687 3248 observat;
711 3196 835 3237 cum
862 3190 1041 3237 tamen
1069 3181 1138 3236 ab
1166 3181 1418 3253 Origenis
1446 3184 1627 3252 pravis
1650 3183 1772 3253 opi-

192 3272 455 3331 trionibus
509 3273 701 3343 procul
744 3272 979 3337 abesset,
1033 3282 1089 3327 et
1142 3273 1265 3328 ideo
1300 3271 1515 3327 Rullino
1545 3272 1773 3344 Aquile-

192 3369 370 3439 giensi
398 3368 537 3425 foret
564 3366 833 3433 infensus,
865 3366 943 3421 uti
964 3367 1214 3435 superius
1235 3367 1623 3421 demonstravi.
1645 3365 1771 3420 Ori-

192 3463 421 3532 genistae
462 3460 708 3530 profecto
752 3460 854 3513 viri
880 3457 1125 3529 plerique
1156 3456 1328 3514 sancti
1371 3458 1761 3527 censebantur,

192 3552 345 3624 quod
372 3552 621 3608 evenisse
645 3560 800 3621 putat
830 3552 945 3621 ipse
969 3550 1323 3623 Rosweydus,
1344 3552 1645 3622 prolegom.
1678 3551 1768 3618 i5,

191 3663 264 3702 ex
325 3647 451 3700 odio
500 3645 1210 3714 Anthropomorphitarum,
1282 3642 1593 3714 fateturque
1630 3660 1768 3698 non-

189 3738 380 3795 nullos
401 3738 656 3807 abreptos
687 3746 842 3798 aestu,
876 3736 1079 3806 lapsos,
1113 3736 1207 3790 sed
1239 3736 1538 3805 resipuisse
1565 3745 1771 3805 postea,

188 3830 580 3900 meruisseque
616 3828 980 3883 sanctimonia
1012 3828 1152 3891 vitae,
1206 3826 1598 3897 religionisque
1622 3826 1773 3895 puri-

194 3932 333 3987 tate,
366 3932 424 3976 ut
451 3922 506 3976 in
535 3922 729 3975 Fastos
761 3934 971 3983 sacros,
1001 3933 1097 3974 seu
1125 3917 1390 3988 Diptycha
1412 3917 1772 3973 referrentur.

193 4014 415 4069 Rursus
468 4023 694 4069 sanctus
731 4012 966 4067 Joannes
1003 4012 1071 4066 ab
1108 4010 1347 4066 Arcadio
1379 4012 1650 4081 Augusto,
1679 4010 1774 4080 qui

192 4107 463 4163 Eudoxite
514 4122 629 4161 suae
663 4121 877 4175 semper
926 4105 1101 4175 magis
1145 4114 1261 4159 erat
1288 4105 1581 4169 obnoxius,
1605 4120 1668 4159 ac
1693 4105 1777 4158 ni-

194 4203 312 4255 mis
376 4200 624 4263 uxorius,
658 4202 870 4269 cogitur
922 4198 1198 4262 exsulare,
1243 4196 1629 4266 Cucusumque
1674 4212 1775 4265 op-

194 4291 391 4361 pidum
444 4288 716 4342 Armenize
767 4286 1104 4356 perducitur,
1157 4292 1216 4338 ut
1253 4283 1375 4338 fuse
1416 4283 1597 4353 prodit
1618 4283 1778 4337 scho-

196 4384 397 4437 liastes
442 4380 575 4433 Cod.
601 4376 873 4433 Theodos.
903 4376 971 4431 ad
998 4375 1036 4429 l.
1060 4391 1209 4429 xxvu
1232 4374 1309 4429 De
1331 4375 1557 4444 episcop.
1574 4383 1626 4429 et
1644 4373 1698 4428 ll.
1724 4388 1778 4427 tv

1865 517 2016 572 card.
2082 514 2351 570 Baronius
2396 514 2448 567 in
2484 512 2802 577 Annalibus,
2843 512 3098 582 migravit
3156 511 3210 565 in
3245 514 3449 568 caelum

1866 609 2119 679 gloriosa:
2137 605 2507 661 confessionis
2533 619 2648 659 suae
2687 603 2971 673 praemium
3004 612 3345 673 recepturus,
3385 611 3443 659 et

1864 700 1953 754 die
1971 699 2039 753 27
2056 696 2284 752 Januar.
2306 697 2509 751 relatus
2530 697 2582 750 in
2602 695 3011 750 Kalendarium.
3033 694 3227 750 Festus
3247 694 3452 750 Trans-

1865 789 2084 845 lationis
2116 787 2640 858 Constantinopolim
2672 786 2788 840 dies
2817 786 3144 849 celebratur,
3194 802 3318 839 cum
3362 802 3453 841 sa-

1864 894 2021 935 crum
2077 879 2199 945 ejus
2259 893 2461 947 corpus
2506 876 2775 953 redditum
2821 876 2925 930 fuit
2982 891 3096 930 sua:
3131 876 3448 943 cathedrtc;

1864 972 2011 1024 unde
2058 968 2288 1023 Romam
2330 969 2670 1037 deportatum
2708 968 2759 1021 in
2809 967 3043 1023 Basilica
3087 965 3449 1021 Sancti-Petri

1865 1064 2100 1133 quiescit
2129 1063 2197 1117 ab
2230 1077 2376 1116 anno
2412 1061 2540 1126 860,
2580 1076 2610 1115 e
2640 1061 2971 1132 Chronolog.
2999 1060 3135 1115 Cod.
3175 1060 3446 1114 Theodos.

1870 1172 1924 1226 p.
1961 1155 2085 1210 l5l.

1937 1279 2175 1333 Primam
2207 1278 2393 1347 itaque
2425 1276 2529 1331 Nili
2556 1277 2837 1347 epistolam
2863 1287 3142 1331 exaratam
3176 1280 3447 1333 censeoin

1866 1372 1956 1427 illa
1985 1373 2158 1442 prima
2189 1374 2359 1427 sancti
2401 1371 2631 1427 Joannis
2666 1371 3042 1442 Chrysostomi
3097 1373 3448 1442 relegatione,

1864 1474 2029 1534 atque
2066 1464 2132 1517 ad
2162 1464 2456 1518 Arcadium
2516 1465 2653 1533 Aug.
2718 1462 2888 1518 fuisse
2933 1466 3181 1529 missam,
3216 1480 3454 1534 eumque

1866 1558 1956 1612 illa
1982 1566 2184 1611 tactum
2220 1570 2271 1612 et
2301 1573 2617 1627 persuasum
2643 1573 2707 1610 eo
2733 1556 2950 1611 facilius
2979 1573 3265 1612 revocasse
3292 1558 3453 1610 inno-

1864 1651 2241 1703 centissimutn
2275 1650 2471 1703 virum.
2506 1650 2636 1702 Nam
2668 1666 2791 1702 cum
2820 1649 3036 1703 saeviret
3076 1649 3129 1702 in
3155 1648 3272 1702 dies
3298 1664 3453 1703 acer-

1797 1757 1839 1814 B
1868 1742 1993 1795 bius
2018 1743 2070 1794 in
2088 1750 2334 1794 sanctum
2353 1740 2615 1795 Joannem
2646 1743 2717 1795 ab
2742 1742 2860 1810 ejus
2886 1740 3219 1795 adversariis
3238 1739 3453 1793 inflam-

1870 1840 2013 1886 mata
2051 1830 2317 1896 Eudoxia,
2362 1848 2462 1885 nec
2514 1831 2789 1885 ellicacior
2837 1839 2923 1885 est
2967 1831 3075 1884 ulla
3108 1831 3249 1900 pica,
3281 1845 3449 1898 quam

1868 1925 2189 1995 pulvinaris,
2243 1936 2301 1978 ut
2347 1922 2585 1979 Joannes
2641 1924 3062 1978 Sarisberiensis
3116 1925 3308 1977 edocet
3349 1924 3445 1980 lih.

1867 2010 1948 2067 De
1972 2015 2127 2083 nugis
2158 2013 2374 2076 curial.,
2398 2023 2585 2083 totque
2610 2013 2810 2083 flagitia
2834 2015 3037 2082 passim
3062 2022 3446 2083 patrarentur;

1867 2105 2044 2169 Nilus,
2075 2108 2166 2177 qui
2190 2108 2450 2161 abierate
2476 2108 2821 2175 magistratu,
2866 2116 2980 2171 aut,
3030 2117 3089 2161 ut
3136 2108 3330 2178 loquar
3358 2125 3453 2163 ve-

1868 2197 2008 2261 rius,
2050 2198 2327 2251 ahdicarat
2376 2212 2435 2251 se
2489 2196 2632 2251 ultro
2678 2196 3019 2265 przefectura,
3060 2213 3293 2253 cernens
3325 2199 3453 2255 huic

1869 2290 2137 2345 scelerum
2164 2288 2388 2344 torrenti
2422 2288 2646 2342 minime
2685 2288 2750 2341 iri
2783 2288 3000 2342 obviam
3039 2305 3217 2359 posse,
3242 2292 3449 2347 veritus

1868 2397 1939 2437 ne
1993 2382 2137 2436 sicut
2184 2381 2325 2435 alter
2354 2379 2456 2434 Lot
2509 2380 2880 2435 involveretur
2906 2381 3026 2435 diro
3052 2381 3215 2450 ignis,
3244 2381 3451 2451 iraeque

1868 2474 2113 2530 caelestis
2166 2474 2391 2537 diluvio,
2424 2473 2532 2543 jam
2590 2472 2819 2527 inferior
2876 2473 3044 2542 gradu
3086 2488 3196 2543 quo
3244 2474 3299 2528 in
3323 2476 3450 2529 aula

1867 2565 2227 2637 promicabat,
2260 2578 2326 2619 ex
2353 2579 2414 2619 ea
2455 2579 2515 2619 se
2543 2565 2702 2634 plane
2732 2564 2985 2629 dimovit,
3013 2564 3239 2633 valeque
3262 2565 3452 2621 dicens

1867 2658 2085 2728 pompis
2136 2657 2346 2721 saeculi,
2389 2657 2749 2710 monasticam
2806 2656 3093 2726 amplexus
3133 2668 3218 2711 est
3259 2658 3451 2723 vitam,

1868 2751 2326 2821 Theodulumquc
2352 2750 2522 2805 filiuni
2554 2765 2741 2806 secum
2764 2750 3012 2804 attraxit.

1944 2886 2018 2941 Ex
2048 2901 2159 2957 quo
2200 2894 2424 2941 sanctus
2446 2882 2688 2938 Joannes
2728 2882 3152 2953 Chrysostomtis
3178 2882 3451 2939 Constan-

1870 2978 2159 3049 tinopolim
2206 2975 2437 3047 appulit,
2486 2990 2596 3045 quo
2638 2984 2900 3043 tanquam
2941 2972 3139 3029 fluvius
3162 2974 3453 3029 exundans

1870 3070 2220 3142 eloquentite,
2248 3067 2620 3126 doctrinaeque
2642 3082 2754 3121 sua:
2782 3064 2999 3120 ﬂuentis
3039 3065 3331 3121 uberrimis
3358 3081 3455 3122 ore

1871 3167 1966 3222 illo
2018 3180 2120 3222 suo
2153 3179 2320 3219 aureo
2360 3162 2624 3233 profusis,
2662 3161 2929 3216 celebrem
2960 3161 3104 3215 illam
3130 3160 3451 3224 Ecclesium,

1870 3260 2030 3330 cujus
2064 3259 2220 3313 clavo
2259 3256 2440 3311 fuerat
2489 3255 2769 3317 admotus,
2802 3254 3072 3322 irrigaret,
3096 3264 3455 3323 proventum-

1873 3368 1983 3423 que
2043 3351 2324 3421 copiosum
2383 3346 2685 3402 fecundataa
2736 3361 2850 3401 suae
2906 3360 3121 3413 sponsa:
3155 3360 3452 3401 numerosa

1872 3445 2025 3519 prole
2059 3443 2343 3503 virtutum.
2368 3452 2712 3508 messemque
2744 3436 2960 3508 pietatis
2985 3435 3309 3490 latissimam
3333 3451 3453 3505 pro-

1872 3545 2111 3597 curaret,
2138 3536 2393 3591 omnibus
2436 3533 2718 3587 eharitatis
2756 3530 3013 3598 Operibus
3033 3527 3339 3583 indefessus
3366 3529 3453 3582 in-

1872 3625 2082 3690 cubuit,
2118 3639 2222 3678 non
2250 3629 2460 3676 tantum
2476 3619 2694 3691 Scythis
2724 3618 3079 3679 Nomadibus,
3103 3621 3197 3687 qui
3237 3633 3267 3670 e
3290 3617 3455 3688 Bolga

1872 3717 2039 3771 fluvio
2062 3713 2355 3785 progressi,
2374 3729 2499 3767 mox
2541 3711 2677 3780 parti
2721 3708 2970 3764 Thraciae
2993 3708 3453 3778 Macedoniaeque,

1872 3825 1939 3866 ac
1961 3808 2176 3880 Illyrico
2203 3805 2477 3875 superfusi
2505 3803 2863 3872 Bulgarornni
2899 3816 3095 3856 nomen
3134 3811 3455 3869 usurpatum

1875 3903 1980 3959 sub
2001 3910 2189 3956 sancto
2219 3900 2479 3969 Gregorio
2495 3912 2631 3967 papa
2660 3897 2972 3967 regionibus
2994 3895 3100 3950 illis
3118 3894 3452 3962 indiderunt,

1874 3989 2186 4045 Christiana
2225 3989 2328 4042 title
2376 3986 2724 4053 imbuendis;
2774 3985 2868 4039 sed
2896 3994 2951 4040 et
2995 3985 3217 4041 Gotthis
3256 3984 3325 4040 ad
3356 3986 3459 4040 Ec-

1876 4081 2056 4137 clesiae
2090 4080 2374 4134 catholica:
2422 4079 2689 4149 gremium
2732 4076 3053 4133 revocandis
3088 4092 3310 4146 operam
3356 4078 3460 4132 im-

1877 4174 2098 4244 pendit;
2140 4172 2439 4243 praesertim
2480 4185 2612 4225 vero
2648 4169 2797 4224 vitiis
2838 4169 3038 4224 bellum
3090 4170 3359 4233 indicens,
3391 4185 3457 4226 ea

1879 4280 1981 4321 suo
2010 4279 2077 4319 ex
2126 4264 2255 4318 ovili
2286 4262 2558 4331 depellere
2595 4276 2661 4316 ac
2705 4260 2895 4331 fugare
2936 4261 3187 4326 studuit;
3224 4262 3459 4332 ideoque

1879 4359 2069 4429 probis
2124 4358 2359 4419 civibus,
2418 4370 2483 4411 ac
2528 4354 2850 4425 proceribus
2896 4354 3221 4409 orthodosis
3269 4364 3460 4425 gratus

194 4484 262 4532 et
288 4489 340 4537 v,
367 4488 430 4527 ac
458 4488 536 4537 vt,
573 4470 646 4525 De
679 4472 760 4526 his
789 4470 879 4541 qui
908 4485 1066 4539 super
1095 4468 1244 4537 relig.
1270 4441 1514 4521 contend.
1540 4466 1663 4520 Mox
1695 4466 1774 4519 in-

1883 4459 1937 4507 et
1984 4459 2238 4519 acceptus
2301 4448 2355 4502 in
2386 4449 2578 4518 primis
2608 4447 2817 4503 evasit:
2849 4454 2909 4502 ut
2943 4454 3128 4502 autem
3156 4446 3460 4502 Theodori-

198 4576 394 4622 trusus
429 4565 507 4619 illi
546 4564 811 4619 sufﬁcitur
854 4563 909 4617 in
950 4562 1447 4630 archiepiscopatu,
1494 4560 1775 4621 Arsacius,

196 4673 371 4730 quem
408 4658 575 4729 λῆρον
602 4662 903 4726 nuncupat,
932 4662 986 4710 et
1012 4654 1171 4726 651
1204 4653 1514 4709 adulterum
1554 4661 1777 4708 sanctus

197 4751 445 4806 Joannes
506 4747 934 4820 Chrysostomus
968 4746 1104 4816 ipse,
1156 4755 1319 4815 atque
1361 4745 1687 4800 collocatum
1720 4744 1777 4799 in

199 4844 407 4899 throno
464 4840 657 4896 scribit
689 4854 717 4893 a
754 4838 1053 4892 Βασίλισσα
1092 4851 1147 4906 p.
1181 4836 1288 4891 870
1314 4835 1567 4907 Epistol.,
1603 4850 1781 4905 quan-

203 4933 414 4989 tumvis
456 4940 681 4988 sanctus
712 4926 951 4984 Joannes
998 4937 1348 4999 provocasset
1377 4927 1572 4982 iterum
1596 4926 1664 4981 ad
1690 4925 1779 4981 ln-

201 5024 518 5082 nocentium
572 5022 877 5077 Romanum
926 5021 1257 5091 pontificem,
1287 5034 1318 5073 a
1346 5034 1457 5090 quo
1495 5019 1780 5075 restitutus

201 5126 265 5172 et
308 5116 502 5171 deinde.
544 5114 647 5170 fuit
684 5115 737 5169 in
779 5113 1066 5183 Diptycha,
1106 5110 1375 5182 perculsis
1432 5112 1782 5167 anathemate

205 5210 317 5273 his,
357 5210 448 5279 qtti
489 5225 612 5262 eum
652 5218 923 5263 extorrem
958 5206 1217 5269 fecerant,
1254 5222 1464 5277 suaque
1489 5206 1618 5262 sede
1649 5219 1781 5275 spo-

204 5304 446 5366 liarant;
494 5301 769 5369 profectus
820 5308 904 5354 est
958 5297 1115 5353 fortis
1153 5299 1357 5353 athleta
1400 5300 1454 5352 in
1498 5297 1779 5359 exsilium,

207 5410 448 5463 cumque
480 5393 696 5447 interim
737 5390 1346 5460 Constantinopolitana
1393 5388 1783 5460 conﬂagrasset

207 5487 467 5550 ecclesia,
509 5485 660 5538 varie
690 5484 1059 5538 discruciatus
1096 5497 1219 5537 cum
1254 5480 1447 5535 amicis
1473 5481 1610 5537 suis.
1644 5494 1783 5549 quo-

209 5576 610 5647 rumpleriqne
636 5571 907 5627 Joannitm
942 5570 1308 5640 cognominati
1331 5569 1682 5638 exspirarunt
1727 5567 1782 5622 in

207 5670 547 5732 carceribus,
582 5667 669 5721 ubi
694 5666 991 5720 Comanam
1030 5662 1188 5717 Ponti
1221 5662 1477 5731 Oppidum
1507 5660 1783 5729 pervenis-

207 5771 315 5825 set,
343 5771 592 5815 mortuus
609 5772 756 5813 anno
777 5757 904 5821 407,
927 5757 1014 5811 die
1036 5756 1100 5810 14
1121 5752 1465 5819 Novembris,
1496 5768 1525 5808 e
1555 5753 1779 5806 Socrate

1879 4554 1995 4601 tum
2036 4542 2325 4612 patricium
2387 4542 2659 4605 omittam,
2711 4538 2870 4608 cujus
2909 4540 3161 4608 superius
3204 4539 3455 4606 memini,

1878 4634 2038 4691 Nilus
2087 4633 2273 4699 etiam,
2306 4642 2360 4686 et
2407 4631 2714 4687 Pelusiotes
2760 4629 3029 4691 Isidorus,
3069 4644 3135 4683 ac
3171 4627 3458 4699 Eulogius,

1879 4731 1948 4785 de
1979 4744 2088 4799 quo
2117 4729 2280 4781 etiam
2317 4726 2423 4794 egi,
2468 4723 2768 4781 Cassianus
2807 4722 2929 4792 ejus
2975 4722 3261 4785 diaconus,
3292 4731 3461 4792 atque

1880 4821 2177 4885 Palladius,
2205 4828 2260 4873 et
2304 4818 2417 4885 alii,
2448 4832 2681 4887 quorum
2724 4814 2950 4870 nomina
2979 4814 3027 4870 si
3055 4828 3454 4884 percenserem,

1881 4912 2145 4983 prolixior
2200 4910 2392 4975 forem,
2435 4909 2625 4965 sectati
2686 4917 2818 4964 sunt
2857 4907 2978 4978 ejus
3025 4906 3256 4969 monita,
3297 4907 3458 4977 eique

1882 5006 2115 5060 firmiter
2145 5002 2309 5074 652
2337 5001 2720 5066 adhaeserunt;
2747 5008 2807 5054 ut
2830 5008 3147 5070 praeteream
3177 4984 3458 5054 diaconis-

1884 5112 1999 5162 sas,
2043 5106 2100 5151 et
2152 5104 2435 5150 matronas
2468 5092 2831 5157 clarissimas,
2875 5089 3193 5160 Olympiada
3220 5089 3456 5151 scilicet,

1884 5190 2223 5256 Pentadiam,
2250 5187 2629 5247 Sabinianam,
2663 5183 3033 5254 Amproelam,
3071 5197 3167 5237 seu
3197 5182 3458 5235 domnam

1885 5285 2162 5345 Proclam,
2217 5281 2475 5344 Probum,
2527 5279 2824 5343 Julianam,
2874 5274 3244 5339 Theodoram,
3298 5270 3461 5326 Silvi-

1887 5392 2034 5441 nam,
2093 5376 2235 5429 sicut
2278 5373 2541 5437 ltalicam,
2584 5369 2918 5434 Euthaliam,
2953 5366 3320 5438 Asyncrita-m,
3361 5364 3461 5419 Se-

1884 5487 2091 5534 veram,
2120 5468 2481 5532 Chalcidiam,
2512 5464 2837 5527 Carteriam,
2867 5462 3208 5526 Bassianam,
3245 5459 3461 5514 Severi-

1887 5578 2035 5625 nam,
2057 5560 2324 5624 Aeoliam,
2351 5570 2405 5614 et
2431 5559 2670 5630 reliquas
2699 5571 2917 5614 summo
2944 5556 3067 5611 loco
3086 5562 3268 5620 natas,
3293 5560 3460 5621 atque

1886 5652 2212 5708 lectissimas
2274 5651 2527 5718 feminas,
2578 5653 2644 5705 ad
2705 5664 2935 5720 quarum
2967 5646 3258 5719 plerasque
3284 5645 3461 5715 ipsius

1886 5754 2100 5802 exstant
2125 5742 2396 5814 Epistolse.
