3808 6226
381 291 516 359 1379

1115 295 1263 358 JOS-
1303 294 1569 355 MARI/E
1603 292 1959 354 SUARESII
1998 289 2228 353 LIBER
2260 288 2893 352 CHRONOLOGICUS

3511 287 3653 353 1380

448 410 601 467 Nilus
657 411 949 483 (inquam)
1008 411 1194 467 divino
1247 414 1517 467 excitatus
1584 410 1843 466 instinctu
1887 411 1955 465 ad
1987 422 2028 474 Α
2059 408 2377 463 monastica:
2404 408 2530 461 vitae
2569 422 2810 461 amorem
2844 403 3149 476 inspiravit.
3185 403 3261 458 Ea
3290 417 3427 459 vero
3457 414 3652 459 secuta

377 515 627 560 sanctum
672 504 939 560 Joannem
978 521 1038 561 se
1087 507 1343 570 contulit,
1377 506 1443 560 ad
1480 518 1716 573 eumque
1756 504 1957 574 saepius

379 598 681 662 ventitavit,
708 606 969 666 certoque
985 612 1211 667 possum
1244 598 1520 666 conjicere
1540 597 1954 650 conversionem

379 687 552 757 ipsius
588 704 619 742 e
655 690 1063 759 congressibus,
1119 701 1280 759 atque
1322 688 1609 758 colloquiis
1651 687 1956 743 admirandi

379 782 650 849 praesulis,
698 792 862 851 atque
914 782 1182 843 homiliis,
1243 796 1339 835 seu
1399 780 1606 849 λόγοις,
1665 781 1757 850 qui
1789 796 1958 851 penes

378 868 562 926 Nilum
610 884 768 928 erant
800 875 1109 945 perscripti,
1137 884 1200 929 ut
1245 891 1313 928 ex
1345 876 1574 944 epistola
1612 877 1679 930 ad
1703 876 1959 931 Zenodo-

380 982 501 1020 rum
543 970 809 1023 decanum
841 970 969 1034 295,
999 971 1093 1025 lib.
1150 986 1213 1035 ιι,
1236 972 1425 1040 liquet,
1462 985 1642 1026 ortum
1671 972 1956 1036 habuisse,

380 1062 547 1133 inque
594 1061 869 1131 proposito
912 1062 1198 1117 deserendi
1263 1066 1525 1118 saeculum
1574 1064 1677 1118 Nili
1710 1065 1957 1119 animum

379 1155 732 1209 obﬁrmath
762 1152 955 1207 fuisse.
979 1153 1212 1209 Amabat
1238 1157 1439 1210 etenim
1463 1172 1571 1210 non
1591 1158 1774 1212 minus
1794 1172 1960 1227 quam

380 1246 715 1315 suscipiebat
771 1245 1077 1301 monachos
1124 1247 1572 1317 religiosissimus
1614 1248 1866 1315 antistes,
1908 1259 1963 1304 et

384 1335 643 1393 adversus
672 1352 864 1393 eorum
906 1338 1303 1393 obtrectatores
1338 1342 1521 1395 emisit
1553 1341 1606 1394 in
1643 1342 1820 1395 lucem
1850 1349 1961 1397 tres

382 1429 585 1493 libros;
613 1443 847 1496 cumque
873 1429 1105 1496 primum
1138 1430 1189 1482 in
1225 1428 1348 1484 loro
1379 1441 1629 1486 versatus
1655 1440 1820 1496 esset,
1848 1446 1957 1484 ma-

381 1536 486 1591 gna
540 1535 665 1574 cum
712 1518 873 1573 laude
911 1521 1273 1575 monasticam
1306 1530 1360 1577 et
1408 1523 1523 1592 ipse
1567 1523 1763 1577 deinde
1796 1523 1958 1577 vitam

378 1611 645 1674 exercuit,
695 1620 857 1681 atque
904 1613 973 1667 ab
1016 1629 1203 1667 eremo
1247 1614 1313 1667 ad
1353 1615 1556 1669 clerum
1584 1626 1808 1669 vocatos
1840 1632 1962 1683 pre-

380 1702 567 1771 sbyter
614 1702 988 1757 Antiochcnus
1054 1704 1341 1759 ordinatus
1398 1705 1517 1759 fuit.
1568 1704 1673 1759 Nili
1727 1707 1960 1760 mutatio

2058 498 2484 553 saluberrimum
2563 496 2750 551 mariti
2824 497 3117 551 consilium
3176 504 3233 550 et
3302 498 3654 565 exemplum,

2058 586 2415 658 quantumvis
2472 604 2659 643 amore
2706 587 2979 659 conjugali
3037 587 3240 657 percita
3288 586 3654 649 reniteretur,

2059 692 2119 736 ut
2176 681 2291 751 ipse
2333 680 2492 735 Nilus
2550 690 2758 747 narrat,
2789 696 2916 751 pag.
2963 680 3052 745 15,
3082 679 3338 748 amplexa
3362 677 3536 732 ﬁliam
3563 693 3658 732 se-

2058 788 2186 827 cum
2242 772 2402 827 facile
2446 773 2729 842 pertraxit,
2762 771 3062 841 partitique
3091 772 3370 840 geminam
3400 771 3657 825 sobolem

2060 866 2145 919 vir
2198 873 2252 920 et
2286 880 2425 919 uxor
2447 864 2824 919 discesserunt
2870 862 3373 933 Constantinopoli,
3403 874 3461 917 et
3488 878 3661 933 gene-

2061 972 2185 1012 rosa
2222 967 2494 1023 matrona,
2520 965 2704 1011 tenera
2743 971 2867 1011 cum
2891 956 3233 1026 virguncula,
3267 955 3661 1025 commigrans

2061 1059 2092 1097 e
2123 1044 2327 1098 laribus
2360 1048 2411 1097 in
2466 1043 2685 1114 ngypti
2745 1046 3076 1100 monasteria
3121 1060 3181 1099 se
3234 1044 3479 1108 abdidit,
3526 1061 3661 1098 cum

2061 1134 2185 1190 Nilo
2240 1135 2633 1206 Tbeoduloque
2676 1136 2796 1190 vale
2824 1137 3056 1192 dixisset
3101 1138 3438 1191 abeuntibus
3460 1138 3530 1191 ad
3566 1137 3659 1190 Si-

2062 1227 2318 1281 naiticam
2360 1228 2657 1296 regionem,
2690 1227 2766 1282 uti
2818 1228 3033 1281 tandem
3074 1229 3319 1297 comperi
3357 1230 3507 1297 apud
3542 1228 3660 1281 Me-

2063 1319 2337 1388 nologium
2388 1315 2724 1384 Grmcorum,
2767 1317 2836 1371 12
2870 1316 3211 1384 Novembris,
3268 1334 3457 1387 neque
3509 1316 3660 1371 (1ίῶ-

2063 1410 2165 1465 cile
2200 1410 2302 1463 fuit
2339 1410 2499 1463 matri
2529 1410 2692 1464 tiliam
2741 1425 2928 1465 secum
2974 1410 3263 1473 abducere,
3315 1411 3493 1479 inque
3534 1426 3661 1479 par-

2062 1502 2373 1564 thenonem,
2411 1515 2507 1556 seu
2533 1501 2820 1571 collegiqu
2849 1510 3188 1556 sacratarum
3220 1500 3331 1555 Deo
3360 1502 3649 1570 virginum

2063 1593 2363 1656 recludere,
2396 1592 2708 1661 ingenerata
2736 1609 2929 1662 nempe
2952 1594 3054 1664 ipsi
3085 1592 3258 1648 fuerat
3292 1595 3652 1650 castimonia:

2063 1688 2349 1758 disciplina
2379 1689 2463 1743 vel
2494 1688 2564 1742 ab
2601 1687 2968 1753 incunabulis,
3036 1689 3376 1758 insitumque
3428 1689 3655 1743 deside—

382 1791 485 1847 fuit
538 1792 750 1848 Excelsi
812 1795 1049 1850 dexteraa
1088 1812 1225 1866 opus
1285 1797 1677 1852 obstetricante
1714 1797 1959 1864 Joanne;

2120 1796 2229 1845 um,
2274 1791 2334 1835 ut
2373 1781 2637 1835 illibatam
2681 1781 2747 1834 ad
2781 1780 3062 1835 Christum
3102 1781 3476 1850 virginitatem
3536 1781 3658 1835 sin-

382 1885 466 1937 vir
529 1884 900 1954 praefectorius
944 1897 1141 1956 sponte
1194 1902 1319 1957 spes
1368 1904 1497 1943 suas
1557 1905 1749 1945 omnes
1773 1893 1824 1943 in
1856 1889 1965 1944 Deo

381 1973 659 2028 collocatis
688 1974 838 2029 exuit
876 1990 996 2029 sese
1021 1975 1254 2031 fortuna:
1301 1978 1458 2033 bonis
1479 1981 1757 2046 omnibus,
1796 1990 1959 2035 terre-

382 2079 578 2118 narum
624 2080 807 2120 rerum
858 2066 1143 2122 aﬁ'ectibus
1195 2069 1408 2123 remisit
1468 2072 1743 2135 nuntium,
1797 2085 1968 2140 seque

383 2163 559 2211 totum
591 2156 898 2212 divinarum
926 2159 1373 2228 contemplationi
1413 2160 1692 2228 addicens,
1728 2162 1969 2231 promul-

383 2247 557 2301 sidem
616 2248 670 2301 in
705 2249 865 2303 terris
898 2249 1139 2305 delibare
1182 2265 1246 2304 ac
1270 2259 1606 2321 prmgustare
1658 2253 1825 2321 etrapit
1855 2267 1969 2306 coe-

384 2338 539 2394 lestis
574 2340 843 2395 beatitatis
870 2356 884 2394 :
910 2340 1078 2409 _adeo
1124 2341 1342 2411 quidem
1374 2344 1648 2413 castigati,
1693 2353 1743 2398 et
1778 2359 1969 2399 emen-

384 2428 497 2483 dati
522 2429 739 2483 fuerant
769 2430 913 2484 illius
942 2445 1146 2495 mores,
1175 2430 1304 2484 dum
1329 2432 1707 2501 ageretadhuc
1727 2432 1778 2485 in
1805 2448 1970 2486 mun-

383 2521 477 2587 do,
526 2523 681 2591 quin,
719 2529 780 2576 ut
825 2522 1084 2588 arbitror,
1121 2529 1177 2577 et
1228 2523 1501 2592 conjugis,
1541 2538 1665 2577 nam
1693 2524 1851 2593 juxta
1880 2524 1971 2580 Je-

385 2625 507 2665 sum
539 2610 729 2665 Sirach
747 2610 916 2665 Eccli.
949 2628 1098 2677 xxvr,
1129 2611 1183 2676 5,
1222 2627 1349 2681 pars
1378 2613 1541 2677 bona,
1572 2613 1765 2667 mulier
1801 2614 1966 2680 bona,

386 2698 443 2752 in
511 2709 665 2769 parte
747 2700 1060 2753 timentium
1139 2698 1309 2755 Deum
1380 2702 1601 2756 dabitur
1659 2701 1776 2756 viro
1830 2705 1972 2760 bono

385 2806 487 2861 pro
530 2792 689 2846 factis
720 2790 897 2845 bonis.

456 2882 690 2937 Cautum
753 2881 932 2937 fuerat
998 2884 1389 2953 imperatorum
1449 2887 1969 2957 Constitutionibus,

391 2993 459 3032 ne
480 2977 605 3045 quis
633 2977 686 3030 in
719 2992 819 3031 sua
850 2976 1022 3045 patria
1055 2977 1377 3046 magistratu
1418 2976 1752 3049 fungeretur,
1800 2981 1973 3052 Syne-

386 3069 473 3124 sio
517 3076 672 3133 teste,
726 3082 790 3122 ac
838 3066 1063 3120 Petavio
1117 3067 1172 3120 in
1201 3065 1356 3122 Notis
1390 3084 1443 3137 p.
1486 3068 1635 3132 79,1.
1668 3072 1765 3125 ult.
1791 3070 1853 3125 C.
1877 3070 1973 3125 Ju-
1998 3104 2043 3166 ϐ

387 3160 680 3226 stinianeo,
718 3159 791 3213 De
820 3160 975 3214 crint.
1011 3159 1254 3229 sacrileg.
1281 3176 1403 3229 quae
1437 3161 1754 3216 inscribitur
1773 3163 1818 3216 A
1838 3165 1883 3216 A
1901 3166 1967 3217 A.

387 3251 669 3317 Gratiano,
729 3251 1128 3317 Valentiniano,
1181 3262 1236 3307 et
1270 3251 1601 3320 Theodosio,
1634 3271 1698 3309 ex
1730 3257 1766 3310 Ι.
1802 3272 1870 3310 xv
1896 3254 1971 3311 De

389 3345 482 3413 0/7".
516 3354 646 3397 rect.
708 3346 968 3415 provinc.,
994 3360 1116 3415 qua:
1170 3344 1427 3399 tribuitur
1468 3345 1763 3402 Anastasio
1798 3348 1964 3418 Aug.,

396 3434 450 3489 id
502 3437 880 3503 conlirmatur,
919 3437 1023 3491 nisi
1077 3436 1269 3491 titulus
1294 3437 1475 3506 petius
1508 3438 1621 3503 ipse
1648 3438 1739 3492 sit.
1778 3437 1852 3492 Ea
1890 3448 1971 3494 ta-

387 3543 514 3583 men
560 3527 665 3583 fuit
708 3530 996 3595 modestia,
1034 3545 1097 3584 ea
1147 3530 1413 3599 probitas,
1453 3541 1617 3600 atque
1646 3532 1966 3601 prudentia,

386 3635 453 3675 ea
480 3621 841 3686 continentia,
870 3629 925 3675 et
972 3621 1339 3675 mansuetudo
1374 3621 1498 3688 Nili,
1543 3638 1605 3677 ea
1628 3622 1771 3691 juris
1801 3625 1972 3678 scien-

387 3710 487 3777 tia,
500 3721 849 3774 etconstans,
868 3725 931 3764 ac
948 3719 1208 3779 perpetua
1226 3709 1479 3764 voluntas
1492 3710 1582 3780 jus
1599 3727 1758 3766 suum
1773 3712 1971 3782 cuique

387 3803 686 3869 tribuendi,
711 3813 771 3858 ut
808 3804 858 3858 ei
897 3801 1122 3858 Themis
1151 3801 1266 3857 sive
1300 3800 1517 3857 Justitia
1567 3813 1822 3873 tanquam
1849 3801 1969 3858 Jovi

388 3894 658 3964 πάρεδρος
684 3892 925 3948 assidere
955 3893 1250 3957 videretur,
1282 3901 1391 3947 tam
1441 3893 1619 3957 fortis,
1661 3909 1726 3948 ac
1765 3896 1970 3964 integer

388 3987 510 4039 vitae
540 3985 655 4054 ipse
681 3982 857 4048 Nilus,
885 3994 995 4037 tam
1023 3983 1245 4039 sceleris
1276 3999 1467 4053 purus,
1502 3991 1611 4037 tam
1644 3985 1892 4054 placidis,
1916 3994 1971 4041 et

388 4077 705 4147 compositis
745 4077 989 4131 moribus
1016 4089 1333 4146 perspectus
1370 4078 1624 4132 omnibus
1663 4088 1817 4143 erat,
1859 4089 1967 4132 tam

390 4183 619 4223 aversus
644 4167 711 4221 ab
735 4167 888 4223 omni
927 4168 1283 4236 corruptione
1310 4169 1578 4236 sordium,
1609 4185 1673 4223 ac
1714 4169 1784 4223 ab
1816 4169 1968 4223 omni

388 4260 729 4325 seductione,
774 4267 938 4328 atque
966 4259 1219 4313 illecebra
1273 4258 1685 4325 blanditiarum,
1722 4261 1790 4315 ab
1820 4261 1971 4316 omni

390 4354 665 4406 minarum
693 4362 903 4407 terrore
931 4350 1066 4405 adeo
1092 4365 1319 4405 securus
1347 4362 1402 4404 et
1430 4350 1885 4420 inexpugnabilis,
1910 4359 1973 4405 ut

2065 1888 2189 1928 cera
2233 1874 2519 1943 perferret.
2571 1875 2742 1929 Erant
2789 1884 2921 1928 tunc
2979 1874 3206 1942 virginei
3269 1884 3452 1929 coetus
3508 1874 3658 1928 inter

2066 1963 2283 2035 Egypli
2314 1966 2630 2031 halsameta,
2664 1974 2724 2019 ut
2764 1965 3101 2030 idololatriae,
3139 1966 3659 2037 daemoniorumque

2065 2055 2280 2125 viperas
2308 2065 2671 2122 contererent,
2702 2066 2755 2111 et
2786 2071 2977 2111 eorum
3005 2058 3340 2111 odorabatur
3357 2057 3509 2112 Deus
3527 2076 3662 2113 sua-

2068 2147 2387 2200 veolentiam
2413 2165 2426 2213 ;
2456 2147 2513 2201 in
2544 2148 2834 2203 cunabulis
2860 2148 3136 2204 nascentis
3176 2149 3446 2204 Ecclesiae
3477 2156 3653 2205 sexus

2068 2237 2159 2293 ille
2212 2239 2481 2295 inﬁrmior
2545 2243 2878 2311 praecipuam
2915 2240 3226 2296 ﬁrmitatem
3266 2242 3659 2311 proﬁtebatur,

2069 2327 2314 2384 Vestales
2367 2346 2518 2396 vero,
2548 2348 2671 2400 qua:
2705 2342 3029 2401 perpetuum
3071 2332 3365 2386 servabant
3398 2344 3452 2388 et
3500 2335 3661 2389 inex-

2071 2421 2329 2475 stinctum
2383 2422 2610 2491 pudoris
2655 2424 2832 2493 ignem
2869 2423 3186 2478 Christiano
3220 2424 3326 2478 ritu
3350 2426 3553 2480 dicata:
3584 2427 3665 2478 di-

2070 2512 2199 2567 vino
2253 2514 2447 2580 cultui,
2477 2524 2539 2569 ut
2576 2516 2767 2571 scribit
2793 2516 3139 2578 Ammianus,
3183 2533 3307 2587 pag.
3353 2518 3477 2581 160,
3513 2520 3666 2575 velut

2070 2605 2376 2660 Amazones
2421 2622 2593 2661 sacrae
2639 2608 3019 2663 vocitabantur
3071 2611 3333 2665 Ascetriae
3374 2621 3427 2665 et
3463 2610 3666 2666 Mona-

2072 2698 2239 2767 striae,
2283 2699 2609 2769 illarumque
2632 2700 2744 2771 jam
2777 2716 2941 2771 supra
2973 2704 3352 2758 meminimus.
3386 2702 3432 2758 Ο
3488 2721 3667 2775 quam

2072 2798 2307 2858 gratum,
2369 2807 2534 2859 quam
2593 2791 2914 2858 iucundum,
2960 2808 3126 2863 quam
3180 2805 3464 2863 acceptum
3527 2794 3667 2858 Deo,

2074 2880 2461 2950 caelitibusque
2484 2882 2586 2936 fuit
2614 2884 2987 2952 spectaculum
3025 2894 3134 2939 tam
3160 2886 3390 2949 illustre,
3424 2899 3542 2941 tam
3570 2889 3669 2942 mi-

2075 2976 2328 3038 randum,
2365 2984 2585 3045 tamque
2622 2977 3056 3046 memorandum,
3101 2979 3227 3049 piis,
3273 2989 3435 3050 atque
3468 2983 3670 3048 probis

2074 3066 2278 3122 Christi
2306 3069 2612 3125 cultoribus
2641 3071 2693 3124 in
2729 3080 2873 3126 terra
2902 3073 2995 3142 qui
3037 3081 3152 3127 tum
3177 3074 3446 3145 degebant
3465 3078 3672 3130 ortho-

2072 3159 2222 3221 doxi,
2260 3161 2457 3215 intueri
2504 3160 2687 3216 Nilum
2741 3175 3034 3220 exeuntem
3082 3166 3149 3221 de
3186 3169 3519 3237 cognatione
3563 3185 3667 3224 sua

2072 3247 2178 3300 lide
2225 3247 2660 3317 Abrahamitica,
2712 3266 2821 3306 non
2876 3252 3192 3310 oﬁ'erentem
3230 3263 3445 3311 tantum
3479 3258 3663 3314 ﬁlium

2073 3339 2416 3394 Theodulum
2445 3357 2569 3396 cum
2607 3343 2807 3412 gaudio
2846 3344 3200 3415 allubentem,
3242 3359 3294 3403 et
3334 3353 3663 3420 praepotenti

2070 3430 2291 3486 Numini
2325 3436 2463 3489 miro
2490 3436 2772 3507 utriusque
2804 3453 3079 3495 consensu
3122 3455 3504 3498 consecratam
3540 3447 3666 3500 uni-

2070 3540 2191 3579 cam
2235 3526 2382 3579 illam
2414 3527 2693 3582 victimam
2731 3546 2748 3594 ;
2780 3545 2970 3585 verum
3008 3542 3059 3587 et
3099 3533 3299 3588 anima:
3322 3551 3456 3601 suae,
3489 3548 3554 3592 ut
3588 3538 3663 3592 ita

2071 3616 2276 3683 dicam,
2309 3620 2618 3686 dimidium,
2657 3623 2949 3695 conjugem
2982 3626 3193 3681 scilicet
3216 3627 3660 3697 dilectissimam,

2069 3719 2125 3764 et
2167 3726 2235 3763 ex
2272 3726 2333 3765 ea
2382 3722 2691 3782 susceptam
2727 3715 2915 3781 ﬁliam,
2959 3734 3070 3772 non
3098 3719 3244 3773 velut
3276 3719 3660 3790 Agamemnon

2070 3803 2429 3876 lphigeniam,
2470 3808 2585 3872 sed,
2620 3818 2677 3862 ut
2706 3810 2785 3864 ait
2825 3809 3139 3881 Nilusipse,
3175 3828 3299 3883 pag.
3325 3815 3452 3877 ﬁt,
3476 3817 3531 3869 in
3574 3820 3664 3870 At-

2068 3898 2338 3967 ηγήματι,
2367 3898 2538 3953 instar
2566 3899 2992 3971 alteriusJephte
3011 3904 3383 3961 immolantem
3401 3908 3623 3965 Christo
3642 3911 3657 3963 l

2070 3986 2357 4054 Quodnam
2400 3990 2518 4046 ista:
2549 3993 2939 4048 monasterium
2981 3994 3237 4063 adierint,
3267 3999 3470 4055 nullibi
3514 4017 3665 4056 com-

2070 4080 2209 4150 peri.
2267 4080 2439 4135 Erant
2492 4082 2807 4155 inIEgypto
2864 4087 3271 4157 quamplurima
3320 4087 3659 4147 feminarum

2074 4169 2185 4224 Deo
2253 4186 2474 4241 quoque
2524 4172 2841 4228 devotarum
2902 4177 3260 4243 monasteria,
3304 4180 3661 4247 miratusque

2072 4278 2197 4317 sum
2228 4265 2429 4333 saepius
2468 4265 2639 4319 altum
2666 4263 2774 4319 Nili
2808 4272 2875 4320 de
2910 4283 3101 4333 uxore,
3142 4284 3265 4338 quae
3296 4285 3461 4326 soror
3482 4273 3563 4327 illi
3585 4273 3663 4328 l’a-

2073 4363 2159 4409 cta
2176 4364 2280 4418 est,
2307 4355 2384 4409 uti
2420 4356 2564 4410 dicta
2589 4354 2724 4410 Sara
2766 4356 2869 4412 fuit
2893 4359 2963 4413 ab
2980 4359 3171 4414 eodem
3189 4361 3530 4425 Abrahamo,
3574 4366 3661 4421 de-

390 4446 606 4501 solutus
650 4443 813 4498 fuerit
858 4443 967 4497 illis
1001 4442 1235 4511 legibus,
1275 4457 1507 4512 quarum
1537 4441 1784 4496 habenda
1820 4443 1966 4498 nulla
2002 4462 2044 4516 ι)
2069 4463 2178 4518 que
2215 4449 2323 4503 ﬁlia
2349 4450 2628 4504 communi
2660 4452 2935 4507 silentium
2961 4454 3015 4508 in
3047 4453 3138 4508 illa
3171 4455 3465 4525 regionum
3493 4458 3661 4513 inter-

389 4546 475 4594 est
521 4540 659 4592 ratio
703 4536 1067 4606 principibus,
1115 4536 1499 4606 quotiesjusta
1547 4535 1733 4590 subest
1757 4550 1965 4602 causa;

391 4647 493 4687 nec
531 4632 675 4685 enim
729 4629 1026 4684 verendum
1059 4638 1177 4682 erat
1224 4643 1294 4682 ne
1321 4630 1439 4683 suis
1466 4628 1793 4697 indulgeret,
1819 4628 1970 4682 fave-

391 4732 603 4791 retque,
640 4738 739 4776 nec
789 4736 856 4775 ne
889 4719 1158 4785 acerbior,
1206 4719 1509 4789 saeviorque
1554 4720 1815 4775 adversus
1839 4734 1969 4775 suos

390 4815 606 4870 invidos
688 4813 1051 4882 inimicosque
1103 4810 1407 4883 grassando
1461 4811 1514 4864 in
1567 4826 1664 4866 eos
1729 4812 1971 4881 expleret

386 4909 570 4973 odium
596 4922 781 4970 suum,
810 4915 975 4975 atque
1002 4904 1299 4959 vindictam
1325 4911 1628 4966 exerceret,
1652 4903 1801 4957 velut
1834 4903 1967 4957 alter

391 5000 604 5072 Moyses
653 4999 938 5053 hominum
998 4998 1348 5061 mitissimus,
1391 5007 1445 5052 et
1495 4994 1969 5051 moderatissimus

392 5094 623 5149 exstitit.
1220 5077 1228 5084 ”

466 5185 515 5240 Is
550 5194 838 5253 utramque
870 5185 1098 5254 prolem,
1131 5198 1296 5253 quam
1332 5198 1398 5237 ex
1424 5197 1592 5236 uxore
1626 5189 1968 5251 susceperat,

388 5281 693 5333 masculum
706 5277 867 5348 653
882 5278 1088 5332 scilicet
1106 5288 1268 5346 atque
1294 5273 1573 5339 feminam,
1595 5274 1856 5328 educarat
1883 5272 1970 5326 in-

389 5377 672 5434 nocenter,
703 5380 755 5422 et
778 5368 1197 5423 sanctimoniam
1230 5367 1543 5430 edocuerat,
1572 5367 1644 5420 ita
1670 5375 1730 5420 ut
1757 5366 1848 5419 illa
1875 5382 1969 5421 su-

390 5461 535 5515 xerit
571 5476 679 5514 una
707 5475 831 5515 cum
866 5461 1005 5513 lacte
1030 5460 1339 5513 rudimenta
1388 5460 1658 5514 virtutum
1698 5459 1968 5513 Christia-

392 5564 611 5611 narum,
658 5559 713 5604 et
749 5549 1046 5604 adoleverit
1092 5550 1271 5605 indole
1311 5551 1566 5620 praecelsa
1611 5566 1969 5606 succrescens

393 5638 462 5691 ad
514 5641 755 5695 coelestia
795 5642 1019 5709 praemia
1071 5642 1428 5711 capessenda.
1479 5641 1714 5713 Conjugi
1765 5646 1968 5714 quippe

395 5741 510 5780 suae
538 5726 692 5783 Nilus
721 5730 1087 5799 pudicissima:
1131 5744 1293 5804 atque
1345 5735 1702 5804 pientissima‘
1734 5734 1967 5790 similem

2070 4542 2351 4611 capedine.
2371 4543 2453 4595 An
2473 4542 2704 4599 fortasse
2726 4545 2986 4613 prudens,
3007 4546 3151 4617 quod
3166 4547 3459 4605 inuuitfol.
3478 4553 3663 4607 lla:—

2071 4633 2240 4703 ήγησ.
2274 4633 2328 4700 6,
2366 4633 2459 4688 Dei
2494 4651 2684 4692 servus
2712 4637 3023 4705 verebatur;
3052 4638 3211 4708 juxta
3256 4639 3400 4695 illud
3430 4641 3663 4699 infelicis

2070 4732 2264 4792 poetae,

2143 4813 2330 4895 euntis
2347 4832 2757 4895 amormagnns,
2784 4819 2873 4872 sed
2896 4821 3154 4895 aperto‘in
3189 4823 3418 4895 conjuge
3455 4827 3661 4893 maior;

2152 4882 2307 4938 Hanc
2347 4884 2519 4940 Venus
2548 4882 2622 4940 utw
2644 4889 2804 4951 vivat,
2838 4882 3059 4943 ventilat
3079 4893 3191 4958 ipsa
3218 4882 3418 4961 [αὲεῆι.

2072 4973 2137 5029 Et
2168 4977 2386 5046 nuperi,
2421 4979 2515 5047 qui
2538 4989 2591 5033 ct
2622 4979 2889 5035 infelicior
2924 4982 3045 5049 fuit,

2141 5069 2223 5149 {illi
2256 5080 2515 5149 quantum
2550 5072 2761 5149 placido
2788 5074 3007 5149 mitique
3034 5078 3090 5129 in
3117 5088 3325 5149 pectore
3344 5092 3539 5149 regnat

2144 5138 2172 5218 I_
2180 5139 2256 5192 lla
2285 5138 2479 5218 Venus,
2501 5138 2662 5210 qnam
2687 5145 2844 5212 ﬁnxit
2864 5138 3093 5218 Hymen,
3109 5138 3196 5218 seu
3214 5138 3483 5203 Conditvor
3498 5153 3653 5218 orbis,

2139 5213 2311 5283 atque
2329 5211 2573 5283 flamines
2595 5211 2775 5267 sancte
2796 5211 3025 5283 genituri
3054 5216 3260 5282 [cedetis
3293 5230 3490 5273 auctor
3507 5222 3529 5272 .’

2139 5227 2210 5263 At
2250 5227 2311 5262 ue
2338 5227 2573 5265 nomines
2595 5227 2775 5267 sancte
2796 5227 3024 5283 genituri
3054 5227 3260 5282 (cedetis
3293 5230 3490 5273 auctor
3507 5227 3528 5272 .'

2320 5279 2495 5357 Hunc,
2507 5298 2608 5351 quo
2620 5282 2877 5357 disposuit
2890 5286 3171 5357 volventem
3187 5290 3366 5341 sidera
3382 5294 3653 5357 mundum,

2143 5354 2359 5426 Quoque
2392 5351 2647 5426 elementa
2670 5353 2822 5426 ligat,
2852 5356 3101 5409 thalamis
3144 5358 3374 5426 inspirat
3396 5351 3649 5424 amorem,

2142 5418 2248 5473 Seu
2279 5423 2429 5491 nosci
2454 5422 2657 5491 fugiens
2687 5418 2893 5491 penitus
2923 5427 2999 5479 vis
3030 5427 3191 5480 insita
3218 5418 3409 5490 rebus;

2142 5490 2356 5567 Qualis__
2378 5507 2493 5567 qum
2519 5490 2728 5567 ’cnalybi
2765 5507 2990 5563 cognata
3011 5499 3245 5564 potentia
3278 5515 3544 5567 gemmam

2150 5562 2415 5614 Conciliat
2452 5561 2622 5616 Getici
2650 5561 2977 5633 spectantem
3004 5561 3208 5621 uerticis
3237 5561 3405 5638 ig'nes.

2079 5649 2142 5704 Et
2179 5666 2343 5720 supra
2371 5653 2439 5707 de
2478 5652 2734 5710 Pachoue
2763 5656 2917 5725 plura
2947 5662 3216 5729 congessi.
3245 5662 3326 5714 An
3363 5664 3493 5731 quia
3520 5665 3653 5715 forte

2073 5754 2287 5799 matura
2330 5755 2557 5818 utraque
2584 5750 2723 5805 cmlo
2759 5749 2886 5805 illuc
2920 5766 3203 5822 properata
3240 5766 3414 5810 morte
3440 5756 3652 5813 laureo-
