1904 3113
58 140 139 175 1381

737 142 787 172 DE
806 141 895 173 VITA
911 142 939 171 S.
957 142 1051 173 NILI.

1642 143 1711 177 1382

59 200 109 227 las
126 200 276 229 centesimi
292 200 481 236 tricesimique
500 200 606 228 fructus
618 205 790 235 perceptnra,
810 200 867 227 haec
883 203 903 229 Α
919 199 1074 227 Timanthis
1087 204 1173 227 artem
1188 200 1301 234 veloque
1308 199 1408 228 silentii
1422 196 1711 235 tegere,quemadino-

60 253 120 280 pro
155 247 323 282 virginitate,
349 255 400 282 pro
426 247 560 274 viduitate
596 255 644 274 seu
672 246 801 274 caelibatu
822 247 868 273 illa

59 293 155 319 ocius
182 292 323 320 evolavit?
338 293 365 319 In
381 292 520 320 Thebaide
541 293 661 320 maxima
684 297 745 320 erat
768 292 795 319 in
810 294 869 327 opi-

62 338 171 371 nione,
194 338 322 373 famaque
349 338 506 374 pereelebre
538 338 735 366 monasterium
759 342 869 366 centum

64 388 197 417 quatuor
211 383 475 416 sanctimonialium,
492 383 521 410 in
537 383 610 419 quod
625 388 719 410 sancta
744 383 869 418 Euphra-

66 428 114 455 sia
142 432 314 462 secesserat;
336 427 469 464 Panopoli
499 429 574 456 aliud
596 428 869 464 quadringenurum,

67 482 139 508 quae
156 475 245 502 sancti
263 474 403 502 Pachomii
426 475 548 511 regulam
564 475 741 502 observantes
754 475 871 502 seorsim

68 521 209 547 vivebant
231 519 284 547 Nili
313 520 434 549 fluminis
473 521 650 549 circumdatas
675 520 762 553 rivis,
776 525 806 548 ut
822 528 872 548 au-

70 571 172 594 clores
182 570 248 594 sunt
256 565 328 593 Vita:
345 571 448 594 sanctae
459 566 620 602 Euphrasim
634 567 762 602 scriplor,
773 571 800 594 et
814 566 872 593 Pal-

71 612 170 640 ladius
186 614 214 640 in
229 612 374 641 Lausiaca.
390 613 418 640 In
430 613 549 640 Antinoo
570 613 681 640 civitate
700 613 803 640 'l‘alidre
818 620 867 640 no-

72 659 156 686 mine
167 659 274 693 insigne
288 658 488 686 monasterium
507 659 710 686 recensetidem
724 659 871 692 Palladius,

74 713 102 731 c.
126 704 180 730 157
195 708 223 730 et
238 703 301 736 158,
317 703 397 738 cujus
408 703 569 731 monasterii
586 704 656 731 aulae
665 711 698 731 ne
712 704 796 731 clavis
810 704 873 739 qui-

74 750 141 776 dem
163 753 233 782 erat,
255 748 328 776 sicut
354 749 381 776 in
399 749 462 776 aliis
479 749 605 776 undecim
626 749 811 782 monasteriis,
825 750 873 777 sed

77 798 149 831 ipsa:
162 796 198 823 ab
212 795 273 830 ejus
289 803 383 823 amore
399 795 604 827 detinebantur,
621 795 688 823 adeo
707 795 793 830 ipsam
810 795 873 822 dili—

76 843 194 873 w-bant.
210 841 333 869 Fuerunt
349 845 377 868 et
393 841 583 869 Alexandrina:
604 841 745 868 monachae
761 840 872 869 Sanda-

79 888 169 919 lariaa,
182 887 217 914 ad
228 895 296 922 quas
311 887 408 915 scribit
420 887 454 914 de
466 887 610 913 mulierum
621 886 744 914 victoriis
753 886 874 915 Isidorus

79 932 248 965 Pclusiotes,
263 932 312 960 lib.
332 940 340 960 ι
359 932 452 967 epist.,
483 940 509 966 p.
528 931 573 958 87.
604 932 788 965 Alexandriae,
814 940 876 967 quae

81 977 244 1005 barathrum
269 978 419 1005 vocabatur
437 977 542 1008 mundi,
565 977 602 1004 liti
618 978 701 1005 refert
714 977 875 1006 Eustathius

79 1024 109 1049 in
141 1021 263 1057 Dionysii
290 1022 328 1049 De
343 1022 396 1048 ritu
410 1022 480 1048 orbis
499 1022 679 1057 Περιήγησιν,
700 1026 728 1049 ut
742 1028 801 1050 erat
817 1030 875 1050 em-

79 1068 194 1102 porium
207 1067 415 1095 celeberrimum
428 1067 545 1102 Africae;
563 1072 643 1095 erant
660 1068 712 1096 vici
730 1069 811 1101 varii,
828 1070 876 1104 qui

81 1112 161 1140 labra
175 1112 414 1146 nuncupabantur,
428 1112 482 1139 illis
493 1117 627 1147 praeerant
637 1113 797 1149 presbyteri,
812 1114 877 1141 sub-

80 1157 134 1184 diti
166 1164 266 1184 omnes
289 1157 338 1184 uni
361 1157 580 1192 archiepiscopo,
594 1156 751 1191 cuiusmodi
768 1157 819 1184 fuit
834 1157 877 1184 vi-

81 1209 136 1229 cus
162 1201 284 1235 Baucali,
310 1201 337 1229 in
353 1209 407 1237 quo
421 1207 480 1229 erat
510 1202 639 1235 ecclesia,
665 1203 710 1230 cui
731 1203 813 1230 Arius
825 1202 877 1230 fuit

82 1247 241 1283 praefectus,
252 1254 348 1275 sancto
357 1247 508 1282 Epiphanio
517 1252 626 1275 auctore
633 1247 660 1274 in
670 1248 765 1275 haeres.
775 1248 876 1284 Ἄρειο-

84 1294 210 1329 μανιτῶν
234 1293 280 1326 69,
307 1302 335 1329 p.
353 1294 415 1327 511,
438 1299 465 1321 et
484 1293 543 1321 alii.
555 1293 584 1321 In
598 1295 690 1329 aliquo
706 1302 802 1321 eorum
816 1302 876 1321 mo-

84 1340 235 1368 nasterium
246 1339 469 1367 Sandalariarum
479 1340 593 1368 istarum
601 1340 738 1367 exstitisse
751 1347 803 1367 non
815 1348 876 1367 am-

83 1385 160 1420 bigo,
171 1385 230 1413 sive
240 1385 498 1416 Sandaliariarium,
510 1392 572 1420 qua
581 1392 597 1412 a
608 1385 748 1418 sandaliis,
764 1393 811 1413 seu
832 1393 877 1413 so-

85 1430 137 1459 leis
166 1439 199 1459 eo
214 1432 324 1459 nomine
347 1435 411 1458 sunt
425 1431 578 1466 appellatae,
595 1431 667 1465 quod
679 1439 774 1458 earum
794 1431 877 1466 pedes

85 1476 141 1503 boc
156 1476 333 1504 calceamenti
356 1484 455 1511 genere
471 1476 560 1504 induti
578 1476 681 1509 forent,
699 1481 809 1505 sanctus
822 1478 878 1504 Au-

919 244 984 271 dum
998 245 1151 279 pictorille,
1167 245 1247 280 cujus
1264 245 1290 272 in
1311 246 1412 272 tabulis
1429 245 1490 280 plus
1510 246 1711 280 intelligebatur

920 298 1001 324 quam
1016 291 1188 325 pingebatur,
1207 297 1268 317 cum
1280 290 1451 318 exhibuisset
1467 290 1634 326 Iphigeniam
1649 299 1712 319 ora-

921 340 1010 364 torum
1028 336 1155 363 laudibus
1171 336 1333 364 celebratam
1347 340 1464 363 stantem
1481 336 1515 363 ad
1532 344 1594 363 aras
1609 337 1713 371 peritu-

921 389 991 413 ram,
1021 387 1049 409 et
1075 386 1189 408 mmstos
1214 381 1349 416 pinxisset
1378 388 1485 413 omnes,
1514 381 1650 416 praacipue
1664 389 1712 416 pa-

922 432 1029 459 truum,
1053 431 1080 455 et
1091 427 1211 454 tristitia:
1231 434 1340 453 omnem
1357 427 1506 461 imaginem
1521 428 1712 462 consumpsis—

921 477 973 503 set,
986 472 1075 508 patris
1100 472 1187 507 ipsius
1200 472 1305 499 vultum
1332 472 1441 504 velavit,
1460 480 1542 505 quem
1562 472 1641 508 digne
1658 481 1713 500 non

921 522 1028 553 poterat
1049 518 1209 545 ostendere:
1224 525 1286 553 quae
1300 522 1364 545 sunt
1379 517 1461 545 verba
1472 516 1554 544 Plinii
1575 517 1711 550 lib.xxxv,

922 570 947 590 c.
965 562 1008 589 10.

957 609 1035 638 Nilus
1063 610 1121 645 ipse
1153 614 1243 637 motus
1257 609 1319 645 illos
1336 609 1502 642 animorum,
1519 612 1546 635 et
1563 609 1714 636 certamina

923 660 1008 687 tanta,
1024 664 1087 683 cum
1108 665 1122 683 a
1139 663 1169 683 se
1195 657 1256 691 ipso
1275 655 1391 690 discerpi
1405 655 1554 687 videretur,
1574 655 1608 682 ab
1621 663 1669 682 sua
1685 663 1715 682 se

923 703 1039 737 conjuge
1061 710 1203 737 separaris,
1232 703 1259 728 in
1285 709 1367 736 quam
1390 701 1528 728 coaluerat
1542 702 1651 728 vinculo
1666 709 1713 728 nu-

924 749 1055 783 ptiarum,
1072 752 1223 782 sanctoque
1236 747 1348 779 foedere,
1363 754 1395 774 ac
1410 747 1550 774 individua
1568 747 1630 774 rita:
1641 755 1714 774 con-

924 793 1068 821 suetudine
1091 800 1243 824 connexus,
1272 799 1326 819 non
1348 792 1492 818 adumbrat
1510 792 1602 824 modo,
1619 799 1714 818 verum

925 840 952 866 in
974 840 1129 867 narratione
1142 839 1261 867 secunda
1273 840 1306 867 ad
1319 840 1410 866 vivmn
1424 839 1554 874 exprimit
1568 846 1583 865 a
1600 845 1662 872 pag.
1681 837 1714 864 l5

925 885 959 912 ad
981 885 1026 912 17.
1052 884 1142 921 Auget
1163 886 1345 920 suspicionem
1376 884 1482 915 mortis.
1509 891 1590 918 quam
1613 883 1715 910 obiisse

925 936 979 958 tam
1009 939 1134 962 uxorem,
1162 939 1243 966 quam
1274 931 1358 958 ﬁliam
1376 930 1504 965 conjicio,
1524 930 1595 965 quod
1613 929 1640 955 in
1658 928 1713 956 illis

925 977 1039 1012 prolixis
1055 977 1258 1005 narrationibus
1281 978 1315 1005 de
1336 977 1469 1004 Theoduli
1482 976 1528 1003 lilii
1544 976 1630 1003 variis
1640 975 1712 1002 casi-

925 1022 986 1054 bus,
1015 1026 1042 1049 et
1069 1022 1236 1057 captivitate,
1253 1023 1418 1057 tandemque
1446 1021 1643 1056 redemptione,
1661 1029 1712 1047 nc-

925 1074 1065 1102 quaquam
1093 1067 1190 1094 matris
1215 1067 1330 1101 filiaeque
1353 1067 1520 1099 meminerit,
1554 1074 1604 1093 nec
1623 1065 1655 1092 ad
1668 1073 1715 1092 eas

924 1113 1053 1148 deinceps
1064 1113 1146 1140 ullam
1167 1113 1271 1140 dederit
1289 1114 1445 1148 epistolam,
1465 1121 1528 1140 cum
1544 1113 1577 1139 ad
1595 1111 1716 1139 Theodo-

925 1159 993 1187 siam
1008 1159 1178 1194 μονάζουσαν
1197 1159 1241 1194 (de
1250 1167 1304 1195 qua
1326 1160 1453 1194 superius
1465 1159 1518 1194 egi,
1536 1164 1564 1194 β.
1580 1158 1642 1190 601,
1654 1165 1715 1185 eam

924 1204 1117 1239 reprehensam
1126 1205 1247 1232 referens
1257 1213 1271 1232 a
1279 1211 1374 1232 sancto
1382 1205 1452 1237 viro.
1460 1204 1530 1239 quod
1541 1208 1634 1232 contra
1643 1211 1717 1230 man-

925 1251 1017 1278 datum
1035 1251 1123 1278 sancti
1138 1252 1256 1286 apostoli
1272 1251 1346 1278 Pauli
1361 1252 1434 1279 viros
1453 1251 1562 1279 doceret
1577 1251 1604 1277 in
1620 1249 1715 1277 Eccle-

925 1296 976 1328 sia,
986 1303 1011 1324 c.
1023 1304 1158 1328 xlv,vers.
1179 1297 1233 1330 δικ]
1244 1297 1324 1331 epist.
1338 1295 1347 1323 I
1359 1297 1392 1324 ad
1407 1296 1644 1331 Cor.)scripserit:
1656 1294 1717 1322 Κᾶν

927 1342 1057 1377 μυριάκις
1071 1342 1154 1378 λέγῃς
1172 1343 1220 1377 (ait
1241 1342 1330 1377 Nilus)
1344 1344 1394 1378 τῆς
1410 1341 1606 1377 θηλυδριώδους
1632 1341 1717 1374 ἕξεως

927 1388 1036 1423 μακρὰν
1059 1388 1181 1424 ἀπέχειν,
1205 1388 1322 1415 καὶτῶν
1345 1388 1449 1423 ἀνδρῶν
1476 1388 1611 1423 ὑπάρχειν
1636 1395 1716 1414 σεαυ-

925 1432 975 1467 τὴν
990 1433 1170 1469 στερροτέραν
1182 1434 1253 1460 κατὰ
1269 1433 1315 1460 τὸν
1327 1433 1373 1459 τοῦ
1392 1432 1560 1468 παρθενικοῦ
1575 1433 1717 1469 φρονήμα-

926 1486 971 1509 τος
984 1477 1133 1513 ὲδρασμὸψ
1147 1478 1273 1510 Quamvis
1285 1478 1382 1504 millies
1394 1478 1494 1504 dixeris
1506 1482 1529 1504 te
1539 1478 1615 1512 longe
1628 1476 1718 1503 abesse

85 1523 214 1557 gustinus
238 1523 265 1549 in
287 1522 391 1557 Regula
414 1523 624 1555 monacharum,
641 1522 720 1557 epist.
737 1522 799 1554 108,
816 1523 876 1558 juS-
891 1541 913 1570 ε
929 1531 945 1549 a
963 1523 1075 1558 femineo
1097 1524 1200 1555 habitu,
1216 1528 1240 1550 et
1257 1524 1369 1558 teipsam
1380 1523 1529 1549 hominibus
1541 1523 1715 1555 stabiliorem,

86 1572 161 1594 serat
170 1566 366 1594 :tVestimenta
374 1574 438 1594 vero
448 1571 476 1594 et
488 1567 682 1599 calceamenta,
692 1567 802 1602 quando
815 1568 875 1595 fue-

85 1612 144 1639 rint
158 1612 289 1647 indigenti
305 1612 470 1645 necessaria,
481 1620 535 1639 non
544 1612 680 1644 dili‘erant,
694 1612 745 1640 sub
759 1620 876 1648 quarum

86 1657 210 1685 custodia
227 1661 301 1690 sunt,
317 1665 378 1693 quae
389 1664 556 1694 poscuntur;
571 1668 580 1684 ι
592 1664 618 1686 et
629 1663 740 1687 sanctus
754 1658 876 1687 Athana-

86 1703 147 1731 sius
165 1704 192 1731 in
217 1704 329 1740 Regulis
356 1705 389 1733 de
402 1706 559 1741 virginitate
582 1707 727 1740 servanda,
748 1706 782 1734 ad
795 1707 877 1742 virgi-

86 1758 151 1778 nem
181 1750 251 1778 inter
265 1750 319 1778 alia
341 1752 505 1786 praescribit.
520 1761 530 1778 ι
552 1752 620 1779 Cum
638 1753 747 1780 steteris
773 1754 799 1780 in
815 1760 877 1780 ora-

86 1796 173 1827 tione,
185 1796 266 1831 pedes
278 1797 471 1825 calceamentis
485 1797 619 1825 obductos
632 1798 729 1825 habeto
741 1806 765 1829 ;|
777 1807 802 1832 p.
811 1797 874 1830 401,

87 1842 147 1869 sive
164 1842 190 1868 in
208 1841 287 1877 εὐχῇ.
311 1841 437 1869 Bivarius
456 1842 490 1870 de
507 1842 670 1870 monachatu
690 1842 813 1870 scribens
827 1849 877 1877 pro

87 1886 212 1915 Nitriotis
236 1887 494 1916 sanctimonialibus
528 1888 646 1924 [legulas
668 1888 729 1916 illas
751 1888 877 1916 conditas

88 1940 104 1960 a
118 1938 212 1960 sancto
227 1933 389 1965 Athanasio,
411 1933 521 1965 asserit,
538 1938 563 1960 et
586 1933 714 1967 explicat,
731 1938 760 1960 ut
776 1933 802 1960 in
818 1939 876 1960 sta-

88 1979 208 2007 tionibus
236 1979 301 2006 dum
328 1979 545 2010 communicant,
568 1987 607 2006 eae
628 1979 746 2006 obtectis
760 1979 876 2014 pedibus

88 2025 265 2059 sintpropter
281 2025 472 2052 reverentiam.
488 2024 535 2052 Vel
560 2024 736 2052 Sandaliarie
754 2025 812 2052 istae
827 2032 876 2051 no-

88 2071 197 2098 minatae
226 2071 261 2097 ab
281 2071 374 2106 aliquo
406 2071 466 2099 vico
493 2071 675 2103 Alexandriae,
693 2071 740 2098 ubi
753 2070 876 2098 sandalia

90 2116 249 2152 prostabant
273 2117 391 2149 venalia,
418 2117 574 2152 cujusrnodi
600 2122 660 2145 erat
688 2117 781 2145 Romae
793 2117 872 2145 vicus

91 2161 296 2189 Sandaliarius:
312 2170 337 2190 c.
352 2162 474 2190 Nardino
489 2163 516 2189 in
541 2162 628 2189 Roma
642 2163 763 2197 antiqua,
782 2170 809 2197 p.
824 2162 875 2189 140

924 1570 1006 1604 juxta
1016 1570 1127 1605 virginei
1140 1578 1231 1597 sensus
1252 1570 1418 1603 ﬁrmitatem,
1434 1569 1492 1596 lib..
1512 1576 1529 1596 ιι
1541 1568 1627 1603 Epist.
1643 1568 1717 1595 Alla-

928 1614 1000 1642 tiana
1017 1615 1076 1642 M6.
1090 1615 1166 1643 Unde
1202 1615 1332 1651 virginem
1348 1623 1408 1643 eam
1435 1615 1519 1643 fuisse
1541 1619 1659 1642 constat.
1671 1614 1717 1641 In-

927 1662 1070 1689 nocentius
1096 1661 1205 1696 quidem
1235 1661 1343 1694 tertius,
1366 1661 1412 1688 lib.
1435 1661 1549 1696 t,epist.
1574 1660 1717 1692 187,5ur—

926 1707 1002 1742 gensi
1013 1711 1040 1734 et
1050 1706 1193 1734 Palentino
1207 1707 1344 1742 episcopis
1353 1713 1380 1735 et
1398 1707 1488 1734 abbati
1499 1707 1533 1734 de
1544 1706 1717 1733 Mor-imundo

925 1751 1117 1780 Cisterciensis
1145 1752 1250 1779 ordinis
1272 1752 1409 1784 rescribit,
1427 1759 1461 1779 ne
1473 1751 1618 1779 abbatissae
1632 1751 1717 1779 bene-

925 1798 1018 1826 dicant
1043 1791 1188 1830 moniales,
1211 1805 1300 1832 neque
1319 1797 1508 1825 confessiones
1525 1798 1650 1830 audiant,
1666 1804 1718 1825 nec

926 1844 1075 1879 praedicent
1088 1843 1285 1878 Evangelium;
1301 1852 1364 1872 nam
1381 1844 1444 1871 licet
1456 1844 1613 1871 beatissima
1635 1843 1718 1878 Virgo

925 1890 1032 1926 dignior
1059 1894 1087 1918 et
1110 1890 1286 1918 excellentior
1307 1890 1397 1918 fuerat
1416 1891 1548 1926 apostolis
1569 1889 1717 1921 universis,

925 1944 979 1964 non
995 1941 1085 1964 tamen
1099 1936 1148 1969 illi,
1161 1937 1207 1964 sed
1220 1937 1278 1964 istis
1290 1936 1421 1964 Dominus
1437 1937 1527 1964 claves
1536 1936 1612 1971 regni
1629 1936 1717 1964 coelo-

924 1990 985 2010 rum
998 1982 1137 2010 commisit
1148 1981 1223 2009 :fuse
1231 1987 1344 2010 sanctus
1363 1982 1532 2017 Epiphanius
1543 1983 1591 2010 lib.
1605 1991 1645 2016 ιιι,
1656 1988 1718 2011 κατ’

924 2028 1017 2063 Αἱρεσ.
1033 2027 1060 2059 6,
1076 2028 1207 2055 Adversus
1216 2027 1421 2063 Collyridianox,
1432 2028 1528 2056 haeres.
1543 2028 1589 2058 59,
1607 2037 1654 2056 seu
1671 2028 1718 2057 79-

924 2073 1061 2102 Robertus
1088 2074 1197 2109 quidem
1223 2073 1256 2101 de
1271 2072 1454 2107 Arbrissellis,
1475 2073 1630 2110 Theologus
1641 2075 1718 2103 Pari-

925 2120 1037 2151 sicnsis,
1068 2124 1164 2147 auctor
1197 2119 1249 2146 fuit
1281 2119 1395 2154 insignis
1427 2121 1589 2148 monasterii
1624 2120 1719 2149 Fontis

925 2165 1045 2199 Ebraldi,
1073 2166 1117 2193 cui
1139 2165 1261 2200 praefecit
1280 2166 1459 2198 abbatissam,
1486 2174 1547 2202 quae
1573 2167 1601 2194 in
1622 2175 1719 2195 omnes

91 2213 120 2235 et
131 2208 190 2240 141,
206 2216 239 2236 ex
256 2208 445 2244 inscriptione,
462 2217 494 2236 ac
510 2209 605 2237 Gellio.
616 2209 671 2236 Aut
693 2209 876 2241 fueruntillae,
893 2215 915 2244 ι)
931 2217 987 2239 tum
998 2212 1082 2243 viros,
1093 2216 1148 2238 tum
1162 2211 1278 2238 feminas
1289 2219 1428 2239 summum
1439 2212 1485 2247 jus
1497 2212 1644 2246 obtineret,
1654 2215 1719 2241 bea-

94 2254 128 2282 ad
154 2262 221 2289 quas
237 2256 350 2290 epistola
380 2256 466 2283 sancti
484 2256 608 2292 Gregorii
635 2255 879 2284 Nazianzenidiri-

94 2301 217 2338 gebatur,
247 2301 388 2336 inscripta,
415 2302 607 2338 Εὑλαϐεστὰτῃ
624 2302 672 2329 καὶ
698 2302 742 2328 διὰ
769 2302 879 2329 πάντων

95 2347 286 2384 κεκοσμημὲνῃ
299 2349 329 2375 ὲν
344 2348 454 2384 Χριστῷ
469 2349 630 2384 ἀδελφότητι
643 2350 677 2384 τῇ
695 2348 766 2375 κατὰ
780 2349 880 2376 Σαννα-

91 2393 186 2420 ϐαδίαν
202 2394 250 2420 τοῦ
266 2395 403 2429 μακαρίου
430 2395 582 2422 Λευκαδίου
601 2395 631 2421 ὲν
660 2394 811 2429 μονάξουσι
832 2395 879 2421 καὶ

90 2439 234 2475 παρθένοις
259 2440 437 2475 ἡγιασμένος.
466 2440 598 2476 (Latinus
621 2441 756 2476 interpres
782 2441 878 2468 Billius

89 2485 188 2521 pietate
196 2493 228 2512 ac
239 2485 362 2513 doctrina
375 2486 489 2521 insignis
497 2486 692 2514 Sannabadaar
699 2486 797 2520 effert).
813 2485 879 2513 Utut

89 2533 140 2562 sit,
152 2532 244 2559 vellem
257 2536 287 2559 ut
303 2533 337 2559 ad
360 2532 551 2568 hypotyposim
573 2533 710 2568 pathicam
727 2541 878 2568 exsequen-

89 2578 163 2609 dam,
188 2578 457 2614 exprimendamque,
477 2587 509 2606 ac
526 2579 712 2614 subjiciendos
733 2579 821 2607 oculis
835 2580 877 2607 af-

89 2623 207 2651 fectuum
220 2623 302 2659 655
316 2624 341 2650 in
358 2624 405 2651 illo
418 2624 542 2652 discessu
558 2624 724 2658 multiplices
751 2624 876 2657 effectus,

89 2668 143 2696 Nili
168 2669 235 2696 mihi
258 2669 299 2696 vel
326 2668 441 2697 Joannis
463 2669 652 2706 Chrysostomi
667 2670 795 2697 facundia
812 2678 877 2706 sup-

89 2718 201 2749 peteret,
219 2722 252 2741 ac
275 2715 440 2747 eloquentia,
465 2722 527 2742 cum
548 2715 743 2743 divellerentur
765 2715 875 2749 quidem

89 2759 203 2787 maritus
221 2765 248 2787 et
269 2761 370 2796 conjux
391 2769 476 2789 carne
499 2766 580 2796 atque
607 2769 734 2796 corpore,
757 2761 874 2796 conjun-

90 2809 218 2840 gerentur
237 2810 327 2833 tamen
340 2806 442 2834 arctius
470 2807 562 2833 animo
580 2810 606 2834 ct
623 2806 766 2834 charitate.
782 2806 875 2834 Satius

90 2854 143 2881 est,
160 2851 270 2885 quando
289 2851 342 2879 illis
368 2852 517 2881 destitutus
540 2860 601 2880 sum
624 2852 744 2884 duribus,
772 2852 874 2880 imitari

930 2258 1043 2285 tissima:
1062 2257 1182 2293 Virginis
1197 2257 1241 2285 Dei
1261 2257 1407 2286 Genitricis
1426 2259 1552 2294 exemplo
1566 2259 1717 2286 secundum

930 2304 1011 2331 verba
1025 2303 1138 2337 Christi,
1155 2303 1223 2330 Ecce
1238 2303 1328 2330 Filius
1343 2309 1415 2335 tuus,
1436 2313 1494 2331 ecce
1511 2304 1598 2331 Mater
1614 2309 1671 2337 tua,
1684 2306 1723 2333 ad

931 2357 1033 2376 annum
1050 2348 1081 2376 Ο.
1099 2348 1132 2376 N.
1152 2349 1232 2382 1117,
1260 2349 1298 2376 uti
1330 2349 1452 2377 referunt
1467 2350 1613 2378 cardinalis
1636 2349 1718 2378 Baro-

936 2395 1011 2426 nius,
1022 2403 1056 2421 ex
1070 2402 1160 2429 eoque
1179 2394 1353 2430 Spondanns,
1370 2396 1396 2423 in
1412 2396 1524 2424 dioecesi
1540 2396 1666 2424 Pictavii.
1679 2396 1718 2425 De

929 2440 974 2467 illa
999 2440 1096 2467 Petrus
1123 2440 1324 2473 Cluniacensis,
1344 2441 1392 2468 lib.
1405 2441 1540 2476 In,epist.
1560 2441 1607 2473 ‘27,
1623 2446 1651 2469 et
1666 2442 1718 2469 Pe«

929 2490 989 2513 trus
1008 2486 1152 2518 tZellensis,
1167 2486 1215 2513 lib.
1232 2494 1263 2519 ιι,
1285 2487 1367 2521 epist.
1391 2487 1436 2520 10,
1453 2488 1488 2514 ad
1503 2487 1659 2515 Mathildem
1674 2495 1717 2515 ve—

927 2533 1071 2560 nerabilem
1100 2532 1274 2564 abbatissam,
1290 2534 1378 2568 deque
1405 2534 1453 2560 illo
1475 2533 1556 2568 epist.
1579 2541 1609 2565 ιι,
1632 2533 1675 2565 12,
1690 2537 1718 2561 et

927 2579 974 2606 lib.
992 2587 1021 2610 II,
1040 2579 1120 2613 epist.
1136 2587 1176 2606 III:
1202 2580 1300 2606 Sancta
1316 2587 1426 2614 quoque
1453 2579 1583 2607 Theresia
1603 2580 1716 2607 Patrum

927 2630 1082 2652 nostrorum
1110 2629 1187 2651 :rtale
1216 2625 1380 2652 severiorem
1403 2631 1527 2652 veterum
1557 2625 1717 2653 Carmelita-

926 2678 987 2697 rum
1004 2670 1146 2705 Regulam,
1164 2671 1216 2697 Deo
1246 2670 1363 2702 amante.
1384 2675 1411 2697 et
1424 2669 1472 2696 Pio
1488 2669 1522 2697 IV
1537 2671 1716 2705 approbante.

925 2717 1044 2751 primum
1054 2716 1223 2748 mulieribus,
1236 2716 1319 2752 656
1330 2716 1427 2744 deinde
1443 2717 1508 2743 \‘iris
1519 2717 1717 2745 observandam

925 2763 1075 2798 proposuit.

962 2808 1075 2835 Exstant
1091 2813 1118 2836 et
1131 2809 1251 2843 epistolae
1269 2808 1321 2836 Nili
1333 2809 1365 2836 ad
1377 2809 1549 2837 Anastasiam
1570 2809 1715 2844 virginem,

927 2854 980 2882 333
996 2854 1117 2888 Possini,
1143 2855 1190 2882 lib.
1212 2864 1242 2888 ιι,
1261 2856 1341 2890 epist.
1362 2855 1413 2884 118
1427 2856 1529 2888 Allatii,
1544 2856 1572 2883 in
1587 2863 1641 2891 qua
1655 2863 1715 2883 eam
