3816 6220
314 232 521 349 ’1383

1119 277 1270 340 JOS.
1310 275 1575 338 ΜΑΒΙίΕ
1611 270 1971 335 SUARESII
2011 268 2241 331 LIBER
2281 267 2918 329 CHRONOLOGICUS

3531 256 3671 331 138i.

379 397 726 455 commendat
750 394 822 452 ob
852 393 1090 465 vigilias,
1120 402 1231 447 etc.
1275 392 1405 447 Item
1447 391 1513 446 ad
1542 390 1815 446 Julianam
1844 390 1959 443 vir—
1997 394 2042 449 Α
2072 387 2429 441 demissionis
2446 388 2625 456 specie
2646 395 2919 440 tumentes
2944 385 3291 456 superbiunt,
3323 386 3665 457 'captautque

380 493 583 562 ginem,
607 490 703 545 lib.
728 504 768 554 ι,
805 488 965 558 epist.
992 487 1094 540 165
1118 496 1173 540 et
1195 486 1321 549 164,
1359 484 1651 539 dilaudans
1685 484 1858 553 ipsam
1893 481 1967 536 ob

377 583 688 654 jejunium;
749 580 977 648 insuper
1029 578 1097 632 ad
1128 577 1437 641 Photinam,
1474 586 1529 630 et
1557 577 1684 630 Dor.
1722 575 1963 644 sive(ut

384 675 621 744 opinor)
674 671 741 727 ad
779 671 1133 737 Dorotheam,
1166 669 1260 724 lib.
1290 685 1351 734 ιι,
1396 668 1556 738 epist.
1588 668 1679 732 51,
1706 667 1797 721 ubi
1829 666 1967 736 ἁλη-

381 765 491 829 Θῶς
550 765 659 836 γὰρ
719 763 964 833 (inquit)
1010 759 1358 831 σκηνώματά
1382 778 1442 812 τε
1477 759 1577 812 καὶ
1606 758 1969 828 θυσιαστήρια

381 859 477 913 καὶ
500 858 654 923 ναὸς,
687 859 782 910 καὶ
830 857 1095 927 κειμήλια
1136 854 1269 906 Θεοῦ
1297 852 1386 906 διὰ
1412 853 1510 921 τῆς
1544 850 1843 922 παρθενίας
1873 867 1972 903 περ

382 952 587 1021 φήνατε
615 966 628 979 ⁵
667 949 721 1003 id
741 958 847 1014 est,
877 964 996 1002 vere
1027 961 1249 1015 namque
1278 942 1640 1002 tabernacula,
1678 950 1727 994 et
1747 941 1968 1011 altaria,

380 1053 430 1097 et
458 1041 729 1110 templum,
765 1048 815 1093 et
836 1039 1072 1108 pretiosa
1111 1052 1331 1089 munera
1360 1034 1453 1087 Dei
1491 1050 1581 1102 per
1612 1034 1969 1103 virginitatem

384 1135 739 1204 apparuistis.
810 1130 1024 1185 Helenm
1067 1129 1264 1182 illustri
1315 1127 1476 1196 epist.
1531 1124 1655 1189 170,
1685 1126 1778 1179 lib.
1814 1139 1851 1177 ιι
1883 1124 1972 1177 Al-

384 1226 523 1287 latii,
562 1234 644 1278 est
692 1221 977 1292 inscripta,
1029 1235 1137 1291 qua
1176 1220 1385 1274 solatur
1417 1233 1562 1281 eam,
1593 1227 1848 1286 vetatque
1876 1216 1967 1269 lu-

386 1330 513 1385 gere
564 1329 715 1369 more
754 1312 1036 1383 gentilium
1076 1310 1244 1363 ﬁlium
1285 1309 1528 1374 unicum,
1577 1315 1632 1362 et
1676 1309 1967 1377 optimum,

384 1406 479 1476 qui
537 1405 928 1467 obdormierat,
978 1402 1291 1457 Nicaretum
1332 1417 1448 1467 ;an
1509 1402 1680 1455 ﬁlium
1728 1400 1969 1454 Nieareti

385 1498 662 1563 seriuiari,
704 1499 771 1552 ad
810 1512 975 1566 quem
1006 1504 1259 1551 exararat
1283 1495 1440 1564 epist.
1469 1495 1566 1549 151
1601 1494 1698 1548 lib.
1744 1492 1974 1549 tn?Nec

382 1591 527 1644 enim
556 1590 621 1643 ad
655 1589 965 1643 Niearetum
992 1596 1239 1656 spectare
1265 1601 1487 1653 censeo,
1515 1602 1676 1655 quem
1711 1587 1971 1640 admonet

381 1680 541 1748 epist.
582 1678 711 1739 284,
736 1678 830 1731 lib.
867 1693 925 1730 ιι.
974 1675 1245 1730 Praeterea
1313 1673 1471 1730 Nilus
1541 1673 1743 1729 Juliam
1800 1676 1974 1729 comic

384 1772 576 1825 tissam
635 1770 891 1825 convenit
955 1784 1053 1838 per
1086 1768 1246 1837 epist.
1295 1768 1425 1831 ‘2l3,
1460 1768 1556 1822 lib.
1590 1783 1650 1832 ιι,
1678 1768 1972 1837 obiurgans

383 1876 505 1914 eam
532 1860 675 1929 quod
714 1859 941 1912 nimium
982 1858 1231 1912 studeret
1278 1858 1527 1927 corporis
1564 1858 1840 1917 venustati
1873 1872 1971 1912 cu-

383 1954 602 2019 randze;
640 1967 708 2006 an
766 1952 913 2005 illam
951 1951 1282 2012 Gazensem,
1323 1950 1391 2003 de
1412 1965 1519 2020 qua
1545 1951 1843 2005 cardinalis
1868 1949 1973 2003 Ba-

384 2045 577 2100 ronius
629 2046 696 2098 ad
733 2059 939 2097 annum
985 2043 1049 2097 C.
1085 2041 1152 2095 N.
1182 2043 1309 2105 405,
1335 2041 1430 2096 fol.
1465 2042 1612 2096 179?
1645 2043 1709 2097 ad
1742 2043 1970 2113 Stepha-

384 2139 566 2193 nidem
631 2137 994 2202 comitissam,
1040 2136 1075 2189 Ι,
1130 2152 1205 2201 ιι,
1249 2136 1409 2205 epist.
1469 2134 1597 2198 218,
1652 2134 1815 2203 cujus
1869 2135 1974 2190 ﬁde

384 2231 716 2288 servandum
737 2230 995 2283 maritum
1017 2228 1251 2283 afﬁrmat
1276 2246 1290 2294 ;
1322 2227 1543 2281 viduam
1566 2227 1784 2281 demum
1813 2227 1973 2282 Dios-

385 2323 617 2382 coriam.
659 2321 745 2375 cui
793 2321 965 2374 Deum
1016 2321 1413 2374 subventurum
1463 2319 1721 2387 praesagit
1757 2320 1851 2372 lib.
1907 2334 1969 2383 ιι,

382 2416 545 2484 epist.
583 2414 710 2468 266.
758 2410 993 2466 Nomina
1047 2425 1178 2465 vero
1235 2420 1342 2465 tam
1380 2410 1568 2465 uxoris
1615 2409 1746 2476 Nili,
1804 2425 1970 2479 quam

390 2506 517 2559 ﬁliae
548 2506 720 2559 celata
757 2504 1035 2558 oblivione
1060 2502 1113 2556 in
1155 2503 1337 2569 terris,
1382 2503 1435 2555 in
1468 2502 1782 2557 etelesﬁbus
1810 2503 1971 2555 tabu-

383 2596 452 2651 lis
507 2595 676 2650 fuisse
727 2596 929 2664 scripta
980 2594 1329 2647 crediderim.
1363 2594 1535 2647 Tanta
1572 2593 1676 2647 fuit
1708 2595 1817 2648 Nili
1850 2609 1972 2647 tuo-

384 2687 585 2750 destia,
640 2693 901 2753 tantaque
965 2683 1270 2746 humilitas,
1315 2684 1526 2738 alienus
1550 2685 1767 2750 penitus
1793 2693 1971 2739 erata

382 2778 544 2833 famae
575 2777 831 2847 aucupio,
852 2790 1161 2846 empyream
1185 2775 1460 2830 ambiebat
1482 2777 1967 2842 immortalitatem,

385 2872 501 2941 ipse
556 2884 682 2924 cum
740 2882 932 2932 uxore,
993 2867 1309 2937 liberisque,
1365 2876 1421 2921 et
1474 2868 1726 2938 religiosa
1768 2868 1973 2923 familia

386 2963 554 3033 probe
582 2969 737 3015 norat
756 2974 849 3015 eos
880 2959 974 3030 qui
1004 2974 1201 3013 vanam
1252 2969 1521 3029 spernunt
1554 2960 1811 3030 gloriam,
1842 2961 1972 3015 ade-

2071 480 2290 533 inanem
2327 479 2703 532 adorationem
2735 492 2880 531 novo
2909 493 3109 548 genere
3149 478 3399 533 ambitus
3431 496 3497 533 ex
3558 482 3661 532 mi-

2068 569 2232 633 seria,
2265 584 2331 622 ex
2387 569 2596 634 illuvie,
2644 568 2880 639 ﬁctaque
2952 568 3121 623 animi
3166 570 3536 638 despicientia
3592 581 3667 624 te-

2068 672 2256 732 gentes
2285 662 2471 716 cinere
2503 662 2823 716 monasticae
2864 663 3052 725 vestis,
3112 671 3167 717 et
3214 663 3318 716 vili
3391 663 3667 719 schemate

2071 752 2206 806 illud
2252 752 2568 806 cenodoxire
2600 752 2908 807 incendium
2942 768 3051 823 quo
3081 755 3457 808 exardeseunt
3490 756 3661 814 intus,

2068 859 2247 914 neque
2278 844 2689 908 periclitabatur
2718 846 2771 897 in
2829 845 3184 914 applausibus
3227 846 3351 913 ejus
3384 847 3668 907 sanctitas,

2070 953 2172 992 nec
2202 947 2320 992 erat
2360 939 2659 993 timendum
2682 954 2749 992 ne
2778 940 2964 993 laudes
3021 926 3143 1009 quas
3171 942 3274 1009 ipsi
3313 940 3668 994 ascrihehan-

2070 1041 2181 1097 tur,
2214 1041 2653 1101 corrumperent,
2684 1047 2749 1085 ac
2787 1033 3155 1097 decoquerent
3207 1034 3503 1097 virtutum,
3549 1034 3663 1103 qui-

2071 1124 2174 1179 bus
2199 1134 2426 1179 ornatus
2448 1135 2588 1187 erat,
2632 1125 2792 1179 ﬂores
2835 1134 2889 1179 et
2940 1125 3171 1192 fructus,
3223 1128 3383 1197 quasi
3456 1142 3671 1197 gemma

2072 1230 2445 1287 erumpentes,
2505 1228 2850 1287 mentemque
2920 1220 3195 1289 voluptate
3282 1221 3672 1274 abblandiente

2076 1311 2355 1379 perfusam
2393 1312 2682 1379 plusquam
2718 1327 2813 1379 par
2848 1321 3016 1375 esset,
3077 1322 3133 1365 ut
3191 1312 3354 1380 lapsu
3417 1314 3673 1383 graviore

2074 1412 2277 1466 rueret,
2308 1404 2672 1469 extollerent;
2716 1418 2781 1457 eo
2815 1404 3051 1458 citatiori
3121 1407 3314 1472 gradu,
3376 1421 3439 1460 se
3497 1408 3673 1461 oculis

2073 1510 2262 1549 eorum
2299 1495 2679 1559 subtrahebat,
2717 1504 2771 1549 et
2798 1512 2960 1550 aures
2992 1497 3318 1552 obstruebat
3354 1498 3535 1563 Nilus,
3573 1516 3671 1552 ne-

2074 1604 2180 1657 que
2218 1597 2596 1656 cognatorum,
2634 1598 2727 1642 aut
2753 1590 3067 1655 charorum,
3110 1592 3194 1644 vel
3234 1607 3530 1646 servorum
3592 1594 3669 1645 la-

2075 1679 2277 1748 crymis
2308 1678 2576 1731 tantillum
2609 1678 3046 1747 permoVebatur,
3086 1680 3248 1734 siccis
3304 1681 3424 1749 ipse
3488 1682 3667 1735 oculis

2074 1771 2139 1823 ad
2176 1770 2435 1823 vexillum
2495 1770 2677 1823 crucis
2725 1771 3071 1836 convolabat,
3143 1780 3293 1824 tanto
3356 1772 3673 1825 Solitudinis

2074 1877 2265 1915 amore
2304 1861 2567 1928 ﬂagrabat
2610 1862 2748 1915 aula
2765 1872 3029 1931 pertaesus
3060 1864 3327 1917 lubricum
3356 1882 3373 1931 ;
3404 1865 3673 1919 insonue~

2076 1963 2158 2006 rat
2190 1953 2263 2005 illi
2289 1954 2686 2022 apophthegma
2728 1954 2857 2007 illud
2903 1956 3086 2007 tritum
3123 1972 3137 2007 :
3169 1954 3341 2008 Exeat
3397 1956 3533 2008 aula
3581 1959 3671 2024 qui

2072 2045 2205 2099 volet
2254 2062 2361 2100 esse
2400 2047 2564 2113 pius;
2596 2059 2761 2115 utque
2800 2047 2936 2099 alter
2978 2047 3291 2101 succinuit:
3353 2049 3673 2116 Quicunque

2073 2138 2142 2190 ad
2169 2148 2317 2191 astra
2350 2140 2514 2192 tendit
2553 2150 2603 2193 et
2636 2141 2782 2209 sequi
2808 2141 2955 2209 cupit
2996 2141 3208 2194 virtutis
3233 2142 3394 2194 decus
3422 2159 3671 2206 aureum,

2074 2230 2336 2300 relinquat
2359 2231 2540 2284 aulam
2567 2242 2615 2286 et
2642 2238 2923 2286 wstuantes
2951 2250 3240 2302 purpuras.

2146 2322 2299 2377 Mons
2331 2324 2506 2387 Sinai,
2539 2340 2635 2379 seu
2666 2322 2795 2378 Sina
2824 2334 2907 2379 est
2934 2328 2987 2378 in
3022 2326 3248 2390 Arabia,
3272 2338 3470 2381 sancto
3500 2326 3675 2380 Paule

2072 2415 2322 2482 apostolo
2355 2424 2578 2469 auctore.
2607 2431 2656 2469 c.
2693 2432 2766 2481 tv,
2797 2417 2890 2480 95,
2926 2417 2992 2471 ad
3024 2415 3264 2483 Galatas,
3317 2434 3522 2486 nempe
3576 2419 3677 2472 Pe-

2075 2514 2226 2572 traea,
2264 2507 2355 2560 ubi
2400 2506 2603 2577 μέλανα
2637 2508 2738 2578 ὅρη
2774 2509 3024 2563 locantur
3046 2525 3073 2562 a
3108 2508 3425 2577 Ptolemaeo,
3454 2511 3558 2564 lib.
3616 2528 3670 2578 ν,

2073 2612 2123 2650 c.
2160 2598 2246 2660 17,
2277 2595 2568 2667 Geograph.
2602 2612 2632 2652 e
2673 2608 2863 2654 sancto
2893 2597 3248 2670 Hieronymo.
3284 2598 3536 2654 Sinzeum
3583 2616 3678 2653 vo-

2073 2698 2162 2743 cat
2182 2688 2430 2745 Justinus
2459 2706 2489 2745 e
2520 2690 2719 2761 Trego.
2750 2689 2981 2760 Insignis
3012 2702 3096 2745 est
3122 2691 3213 2745 Dei
3242 2692 3507 2760 alloquiis
3538 2706 3669 2745 cum

2074 2779 2278 2850 Moyse,
2325 2791 2379 2834 et
2439 2780 2557 2849 lege
2586 2782 2780 2835 tradita
2836 2783 3037 2852 populo
3067 2782 3384 2846 lsraelitico,
3421 2784 3679 2853 locisque

2074 2874 2423 2942 sacris,qua*
2454 2874 2661 2927 circum
2694 2873 2981 2939 ﬂorebant,
3059 2889 3091 2928 e
3149 2873 3416 2937 Bellonio,
3473 2876 3579 2929 lib.
3640 2893 3677 2930 tt

2079 2962 2384 3030 Observat.,
2419 2981 2468 3018 c.
2524 2964 2613 3019 6‘2.
2648 2965 2871 3020 Duobus
2899 2964 3141 3033 assurgit
3169 2966 3559 3021 cacuminibus
3585 2982 3675 3021 so-

386 3062 577 3123 pturos
604 3051 1011 3116 veram,omnia
1041 3059 1393 3105 monumenta
1425 3052 1737 3105 mortalium
1779 3053 1969 3107 sublu-
1997 3070 2043 3134 C
2075 3052 2185 3107 lido
2247 3069 2411 3119 saxo,
2493 3062 2547 3109 et
2601 3055 2879 3108 variorum
2955 3056 3202 3109 colorum
3224 3098 3241 3122 ,
3308 3057 3677 3127 granulisque

384 3146 504 3200 nari
538 3144 774 3199 excitata
827 3143 883 3197 in
914 3143 1136 3213 regione
1171 3149 1282 3195 tam
1335 3142 1585 3197 celeriter
1634 3144 1872 3207 absumi,
1904 3159 1969 3199 ac

384 3237 584 3308 perire,
613 3244 846 3290 mortem
884 3235 1036 3290 saxis
1079 3234 1320 3301 evenire,
1359 3236 1819 3306 nominibusque:
1852 3236 1967 3291 for-

384 3330 553 3384 tasSis
596 3329 758 3383 etiam
799 3328 1060 3398 epistolas
1111 3328 1177 3381 ad
1212 3342 1307 3382 eas
1334 3327 1504 3393 dedit,
1538 3328 1630 3383 sed
1673 3329 1967 3384 intercide-

385 3431 514 3475 runt
550 3420 672 3485 illae,
715 3429 775 3474 ut
804 3428 934 3475 sunt
961 3418 1097 3472 varii
1157 3434 1339 3473 rerum
1372 3435 1553 3474 casus.
1591 3420 1843 3490 Deposita
1869 3422 1971 3491 igi-

384 3519 477 3566 tur
519 3512 632 3581 jam
660 3510 941 3582 dignitate,
988 3523 1414 3578 successoreque
1464 3521 1709 3580 accepto,
1740 3512 1970 3567 etbonis

384 3604 637 3670 fortuna,
691 3606 893 3675 quibus
925 3604 1200 3667 allluebat,
1232 3603 1286 3657 in
1334 3604 1649 3659 alimoniam
1698 3621 1971 3677 usumque

384 3714 686 3769 pauperum
737 3698 887 3766 large
943 3696 1275 3759 distributis,
1301 3697 1454 3767 juxta
1482 3699 1768 3753 consilium
1800 3714 1970 3752 evan-

387 3788 622 3858 gelieum
657 3803 672 3852 ;
710 3786 919 3856 peregit
954 3786 1104 3856 pium
1129 3785 1367 3855 felixque
1405 3801 1529 3840 cum
1557 3787 1971 3843 thoriconsorte

386 3878 678 3931 divortium
716 3877 892 3941 Nilus,
934 3886 989 3931 et
1032 3885 1268 3946 quatuor
1304 3877 1381 3931 illi
1408 3878 1761 3933 beatitudinis
1791 3878 1973 3934 candi-

386 3969 519 4033 dati,
574 3968 777 4038 egressi
836 3976 965 4022 sunt
1017 3983 1049 4022 e
1080 3968 1262 4033 domo,
1284 3975 1339 4022 et
1388 3968 1735 4037 cognatione,
1765 3970 1965 4024 unani-

386 4061 549 4116 miter
575 4059 974 4129 conspirantes.
1011 4059 1350 4115 Subannum
1376 4059 1503 4124 405,
1562 4060 1721 4129 pulso
1768 4076 1970 4131 nempe

388 4154 445 4207 in
479 4153 734 4207 exsilium
761 4151 1155 4221 Chrysostomo
1186 4150 1397 4204 Joanne
1418 4160 1657 4220 pastore,
1688 4151 1803 4206 ista:
1839 4168 1971 4209 oves

386 4244 763 4298 voluntarium
818 4243 1105 4297 subierunt
1161 4241 1438 4297 exsilium.
1472 4242 1721 4312 Arripuit
1749 4243 1851 4298 iter
1875 4242 1972 4298 Ni—

389 4338 474 4389 lus
504 4334 569 4388 ad
604 4344 839 4387 montem
884 4333 1032 4387 Sinai
1068 4349 1192 4388 cum
1237 4332 1542 4400 Theodulo,
1589 4334 1751 4388 ambo
1778 4350 1973 4390 mona-

2075 3146 2317 3202 diversas
2337 3147 2535 3218 ﬁguras
2561 3146 2919 3202 referentibus
2940 3149 3196 3203 distincto
3217 3167 3233 3214 ;
3251 3150 3522 3203 excelsior
3548 3168 3675 3219 pars

2079 3238 2229 3293 Sinai
2261 3256 2482 3303 nomen,
2518 3240 2834 3308 depressior
2868 3240 3011 3294 Oreb
3052 3240 3473 3310 appellationem
3546 3258 3672 3295 sor-

2076 3333 2230 3385 titur.
2270 3330 2327 3384 ln
2360 3327 2501 3384 Oreb
2530 3328 2736 3399 Moysis
2758 3370 2774 3394 ,
2805 3330 2895 3399 qui
2945 3329 3115 3401 legem
3146 3332 3216 3385 ibi
3258 3347 3287 3384 a
3314 3330 3423 3385 Deo
3452 3335 3674 3401 accepit

2078 3425 2157 3485 εἰς
2183 3421 2445 3490 διαταγὰς
2487 3421 2762 3489 ἀγγέλων,
2788 3422 2840 3476 id
2878 3430 2985 3487 est,
3036 3423 3101 3476 ad
3130 3424 3510 3492 dispositiones
3568 3444 3672 3477 an-

2077 3514 2333 3581 gelorum,
2366 3512 2479 3566 sive
2511 3510 2909 3579 disponentibus
2971 3512 3194 3580 angelis,
3244 3514 3365 3566 Act.
3418 3529 3519 3577 vlt,
3578 3516 3669 3576 55.

2076 3602 2344 3671 impressa
2371 3600 2572 3669 eﬁigies
2605 3601 2938 3656 adamussim
2962 3602 3141 3656 adhuc
3172 3603 3429 3657 marmori
3458 3616 3667 3659 exstat.

2078 3692 2135 3747 ln
2173 3694 2322 3747 Sinai
2348 3706 2549 3762 corpus
2578 3703 2780 3747 sanctis
2828 3692 3161 3759 Catharinae,
3207 3710 3370 3764 quam
3403 3694 3670 3749 Eeatha-

2077 3787 2274 3853 rinam,
2309 3786 2467 3857 quasi
2520 3784 2683 3854 ἁγίαν
2743 3784 3060 3854 Καθαρίναν
3131 3787 3330 3841 dictam
3400 3790 3666 3853 arbitror,

2078 3878 2184 3933 fuit
2209 3880 2276 3933 ab
2310 3877 2517 3947 angelis
2548 3877 2919 3946 deportatum,
2948 3878 3095 3948 quod
3146 3889 3333 3947 postea
3400 3882 3665 3935 monachi

2078 3973 2475 4027 transtulerunt
2526 3970 2580 4023 in
2615 3970 2779 4023 imam
2817 3969 3059 4023 radicem
3088 3968 3251 4034 Oreb,
3287 3982 3347 4024 ut
3383 3972 3455 4025 ab
3483 3972 3665 4027 hosti-

2078 4062 2183 4119 bus
2212 4074 2385 4117 tutum
2423 4071 2830 4126 conservarent,
2866 4076 2993 4115 arce
3023 4072 3362 4123 constructa,
3404 4080 3435 4118 e
3462 4063 3671 4119 Proco-

2078 4158 2170 4228 pio
2203 4156 2266 4210 de
2295 4154 2598 4209 Iustiniani
2625 4155 2690 4208 A.
2725 4152 3017 4223 Aidiﬁciis,
3051 4153 3343 4211 Combeﬁs.
3379 4171 3437 4225 ι).
3470 4156 3540 4210 54
3566 4155 3670 4209 De—

2080 4247 2496 4302 monstrationis
2525 4246 3035 4316 Constantinopolis
3066 4247 3134 4300 ab
3182 4247 3431 4311 incerto;
3479 4259 3665 4319 typum

2081 4342 2373 4409 utriusque
2402 4339 2606 4394 montis
2638 4338 2912 4408 pollicitus
2964 4340 3141 4393 fuerat
3173 4337 3283 4393 Leo
3312 4341 3553 4395 Allatius
3615 4342 3666 4394 in

386 4427 602 4483 chicum
631 4435 831 4479 statum
878 4425 1188 4491 sublimem,
1217 4436 1382 4494 atque
1405 4426 1714 4495 angelicum
1750 4426 1819 4481 ad
1842 4442 1968 4491 pee-
2001 4431 2047 4488 D
2078 4430 2231 4485 Notis
2267 4430 2334 4485 ad
2361 4431 2633 4485 Eustathii
2667 4431 2991 4485 Antiocheni
3017 4433 3360 4501 patriarchae,
3417 4434 3515 4502 qui
3570 4434 3668 4488 sub

387 4529 509 4572 cata
536 4516 912 4586 expurganda,
934 4517 1276 4585 virtutesque
1299 4517 1577 4585 augendas
1596 4517 1965 4586 aptissimum,

385 4618 443 4666 et
470 4610 537 4665 ad
570 4608 910 4663 iracundiam
963 4609 1056 4663 Dei
1104 4609 1448 4683 placandam,
1492 4609 1817 4679 veniamque
1838 4626 1967 4679 pro-

389 4699 704 4754 merendam
760 4705 1119 4764 assectantes,
1176 4699 1306 4753 dum
1342 4709 1498 4768 parte
1521 4699 1624 4753 alia
1658 4700 1882 4770 conjux,
1914 4710 1970 4756 et

390 4795 499 4849 ﬁlia
548 4794 994 4849 sanctitnoniales
1041 4791 1377 4863 professum
1431 4792 1854 4862 proﬁciscuntur
1899 4793 1968 4848 ad

388 4886 493 4940 Nili
518 4886 721 4940 fluenta
737 4896 791 4940 et
808 4884 1025 4957 Egypti
1047 4885 1415 4949 monasteria;
1436 4898 1614 4953 neque
1637 4884 1815 4953 potuit
1835 4885 1971 4938 ami-

387 4992 576 5032 corum
630 4978 829 5047 pietate
884 4976 1204 5042 illustrium,
1258 4975 1544 5045 ﬁdelisque
1590 4976 1779 5045 populi
1809 4977 1969 5030 turba

390 5070 662 5138 stupentis
699 5070 765 5123 ad
785 5069 1157 5139 spectaculum
1178 5076 1288 5123 tam
1314 5068 1569 5137 gloriosae
1591 5067 1971 5124 conversionis

386 5175 448 5217 se
500 5161 805 5225 continere,
863 5161 997 5230 quin
1027 5175 1193 5215 voces
1242 5161 1446 5215 laetitiae
1470 5169 1637 5215 testes
1676 5167 1731 5213 et
1763 5160 1970 5216 doloris

388 5252 695 5308 effunderet
742 5268 838 5307 ore
866 5253 1049 5322 pleno,
1077 5253 1277 5322 quibus
1310 5262 1420 5306 tam
1458 5252 1622 5323 digna
1666 5252 1821 5321 paria
1852 5266 1973 5321 pro-

388 5357 770 5418 sequerentur,
823 5348 896 5402 ita
955 5357 1017 5401 ut
1061 5348 1243 5401 omnia
1290 5347 1792 5416 Constantinopolis
1820 5361 1973 5401 com-

387 5440 500 5510 pita
531 5441 814 5504 cncomiis,
870 5456 933 5494 ac
960 5441 1217 5509 querelis,
1266 5440 1377 5492 imo
1422 5447 1475 5493 et
1505 5440 1605 5493 vite
1655 5439 1817 5507 regite
1852 5455 1973 5509 pero

389 5539 666 5585 sonarent.
756 5530 814 5583 In
894 5530 1085 5600 primis
1173 5530 1517 5601 gloriationis
1595 5530 1973 5585 immoderata:

387 5617 586 5671 vitium
692 5634 907 5686 semper
984 5634 1205 5684 exosus,
1271 5626 1406 5673 tunc
1493 5619 1841 5687 potissimum
1918 5621 1970 5674 id

389 5706 550 5776 657
571 5707 806 5777 fugiebat
838 5708 1009 5773 Nilus,
1041 5725 1139 5765 nec
1177 5726 1239 5764 ex
1269 5709 1377 5765 illis
1405 5720 1522 5766 erat
1546 5711 1639 5781 qui
1667 5712 1769 5767 sub
1800 5712 1968 5766 animi

2070 4522 2394 4577 Constantio
2424 4522 2489 4575 Α.
2535 4523 2691 4586 vixit,
2751 4531 2806 4577 et
2868 4524 3078 4594 synodo
3125 4522 3361 4581 Nicaeus:
3420 4528 3669 4583 interfuit

2072 4616 2231 4683 (teste
2273 4613 2518 4679 Socrate,
2546 4614 2642 4668 lib.
2679 4628 2719 4680 ι,
2747 4629 2797 4669 e.
2828 4615 2895 4668 15
2920 4614 3068 4671 Hist.
3102 4615 3331 4686 Eccles).
3362 4618 3669 4674 Hexaeme—

2071 4721 2193 4769 ron,
2225 4720 2280 4775 p.
2316 4705 2418 4758 512
2444 4723 2458 4770 ;
2489 4705 2581 4759 sed
2617 4719 2726 4760 non
2760 4709 2907 4760 stetit
2933 4709 3239 4776 promissis,
3274 4725 3457 4779 neque
3507 4728 3668 4781 posse

2072 4807 2261 4870 typum
2298 4799 2453 4852 illum
2477 4814 2505 4852 a
2541 4799 2843 4868 pictoribus
2874 4801 3138 4855 delineari
3194 4800 3390 4857 Petrus
3436 4820 3465 4857 a
3520 4804 3668 4859 Valle

2072 4893 2128 4946 in
2162 4891 2358 4946 Itiner.
2393 4892 2603 4947 Turcic.
2636 4909 2689 4963 p.
2715 4893 2843 4956 2'50,
2871 4894 3125 4950 editionis
3156 4896 3413 4950 secunda:
3444 4896 3663 4963 fatetur,

2071 4984 2165 5038 ubi
2206 4998 2265 5038 se
2286 4984 2553 5038 lustrasse
2591 4995 2831 5040 montem
2880 4994 3176 5056 utrumque
3221 4998 3433 5055 narrat,
3489 5003 3544 5045 et
3582 4992 3665 5045 di-

2070 5075 2299 5143 ligenter
2320 5074 2621 5141 describit;
2650 5074 2970 5132 Eustathius
3009 5088 3190 5133 autem
3218 5094 3338 5143 eos,
3403 5084 3503 5150 qui
3552 5097 3663 5136 :rvo

2072 5181 2176 5221 suo
2217 5166 2643 5235 proﬁciscuntur
2671 5167 2738 5221 ad
2784 5167 2875 5222 il‘la
2927 5168 3045 5222 loca
3077 5169 3239 5239 χάριν
3275 5171 3552 5241 ἱστορίας,
3609 5172 3659 5225 id

2070 5265 2174 5321 est,
2194 5257 2449 5319 discendi,
2484 5258 2565 5311 vel
2598 5258 2798 5311 sciendi
2821 5260 3019 5329 gratia,
3051 5260 3258 5316 formas
3295 5265 3659 5318 tentoriorum

2072 5348 2302 5404 inﬁnita).
2329 5350 2701 5407 multitudinis
2732 5366 2763 5405 a
2812 5354 3009 5422 seipsis
3048 5364 3376 5425 conspectas
3444 5374 3663 5413 asseve-

2072 5456 2197 5495 rare
2228 5441 2398 5496 tradit
2428 5457 2480 5511 p.
2510 5441 2601 5497 90.
2635 5442 2867 5499 Sedente
2898 5456 3090 5501 sancto
3138 5448 3411 5519 Gregorio
3469 5450 3662 5520 Magno

2073 5528 2395 5586 Rusticiana
2431 5533 2655 5600 patricia
2689 5535 2926 5601 perrexit
2950 5537 3018 5590 ad
3070 5547 3309 5592 montem
3346 5537 3502 5605 Sina,
3568 5542 3659 5594 lib.

2074 5639 2158 5686 ιιι,
2195 5638 2243 5677 c.
2285 5623 2353 5677 44
2394 5623 2625 5693 Registr.
2667 5622 2804 5679 Hinc
2832 5618 3051 5695 prodiit,
3099 5639 3152 5683 et
3177 5644 3485 5699 cognomen
3552 5642 3661 5683 ιπε-

2077 5715 2153 5769 xit
2185 5717 2509 5772 Anastasius
2537 5716 2769 5785 Sinaita,
2819 5722 2911 5790 qui
2969 5721 3418 5792 archiepiscopus
3466 5724 3660 5778 Antio-
