3816 6220
135 242 283 307 1335

1493 242 1591 301 DE
1610 242 1781 302 VlTA
1822 241 2071 329 s.N1Lt

3281 206 3427 310 1336'

129 368 381 427 chenus,
406 359 626 430 scripsit
663 357 891 430 Ὀδηγδν
917 358 1185 414 adversus
1212 358 1537 429 Acephalos,
1574 368 1630 414 et
1672 363 1737 415 ad
1768 368 1813 422 Α
1842 361 1933 430 qui
1984 362 2116 414 abiit
2176 361 2230 415 in
2295 359 2555 415 Arabiam
2613 376 2663 416 e.
2722 377 2737 414 l
2792 363 2864 417 ad
2919 362 3161 431 Galatas,
3198 374 3257 420 ut
3322 366 3422 420 do-

127 454 373 512 an..55i
399 454 567 527 658
594 454 749 510 vixit.
780 451 1023 509 Joannes
1052 452 1328 509 Climacus
1384 452 1455 510 50
1510 456 1732 526 gradus,

127 549 347 619 quibus
371 562 661 604 ascensum
691 547 850 602 docet
879 545 948 601 ad
973 546 1383 615 perfectionem,
1411 548 1484 601 ibi
1509 564 1736 618 compo-

130 643 255 697 suit
286 641 354 695 ad
378 655 585 695 annum
606 640 732 703 540,
758 656 790 694 e
817 639 1052 705 Radero,
1071 654 1168 695 seu
1199 655 1230 694 e
1249 638 1503 706 Baronio,
1534 652 1589 695 et
1615 641 1734 696 Bel-

131 736 382 790 larmino
398 734 917 801 cardinalibus;eum
934 743 1173 789 montem
1195 733 1472 789 incoluere
1489 743 1601 788 tum
1622 750 1738 805 per-

131 829 304 882 multi
318 827 595 892 monachi,
610 835 661 881 et
680 841 865 896 supra,
879 836 931 881 et
948 824 1448 881 subtus.Theonam
1462 828 1736 897 comperio

136 920 238 976 Dei
256 921 611 975 miseratione
624 920 1001 990 presbyterum
1020 927 1074 973 et
1088 918 1541 974 ambaseiatorem
1558 919 1733 974 sancti

133 1014 352 1070 montis
380 1012 554 1077 Sinai,
590 1022 644 1067 et
688 1011 858 1067 eremi
884 1011 1115 1076 Raitlne,
1150 1026 1248 1067 seu
1277 1010 1501 1077 Raithu,
1529 1021 1584 1067 et
1608 1027 1735 1066 san-

134 1118 245 1164 ctae
276 1107 522 1163 ecclesiae
570 1103 806 1169 Pharan,
841 1107 935 1175 qui
969 1103 1176 1160 faciens
1205 1119 1535 1173 sermOuem,
1563 1113 1618 1159 et
1638 1120 1736 1175 pro

135 1202 408 1257 omnibus
441 1198 729 1253 monachis
772 1197 1167 1253 exsistentihus
1202 1196 1257 1251 in
1297 1198 1575 1268 praedictis
1601 1197 1736 1253 soli-

134 1295 307 1348 tariis
353 1291 510 1357 locis,
561 1289 917 1361 supplicavit.
974 1298 1028 1344 et
1054 1289 1381 1360 subscripsit
1410 1290 1590 1345 libello
1616 1304 1736 1363 mo-

135 1384 452 1440 nachorum
497 1380 765 1436 Secundae
817 1379 1010 1450 Syriae,
1045 1395 1207 1449 quem
1258 1380 1502 1434 oblatum
1566 1378 1738 1434 Justi-

134 1480 314 1532 niano
338 1474 659 1545 imperatori
694 1473 929 1544 legimus
961 1473 1227 1527 insertum
1287 1473 1488 1527 actioni
1544 1474 1737 1543 prima:

137 1569 343 1639 synodi
386 1568 614 1637 quintae,
646 1582 702 1637 p.
736 1567 844 1635 M;
894 1574 948 1621 et
982 1566 1141 1621 alteri
1173 1565 1357 1620 libello
1391 1566 1457 1620 ad
1483 1565 1733 1620 Mennam

137 1658 650 1729 Constantinopolis
671 1660 1066 1729 patriarcham,
1088 1665 1341 1727 porrecto
1366 1657 1587 1724 ibidem,
1609 1674 1731 1729 pag.

1837 463 1987 508 ceret
2019 452 2168 523 quod
2222 467 2253 506 a
2300 451 2411 508 Deo
2470 454 2769 509 revelatum
2825 452 2930 524 ipsi
2959 454 3162 523 fuerat,
3211 472 3243 513 e
3292 474 3426 514 san-

1835 553 1924 599 ctu
1993 543 2348 617 Hieronymo,
2400 555 2571 615 utque
2628 543 2903 603 Barbaros
2984 546 3192 605 Arabas
3263 565 3428 606 exco-

1836 637 1973 691 leret
2053 638 2120 691 ad
2205 637 2523 708 religionem
2593 638 2964 695 Christianam
3021 642 3426 711 suscipiendam

1833 729 2001 801 659
2056 746 2086 783 e
2140 738 2330 785 sancto
2366 728 2591 805 Joanne
2630 729 3049 801 Chrysostomo,
3112 736 3207 805 qui
3275 747 3431 794 notat

1836 821 1908 875 ibi
1935 822 2110 876 sancti
2150 820 2304 875 Pauli
2332 821 2652 877 modestiam
2702 830 2758 877 et
2788 821 3102 891 fervorem;
3141 835 3294 896 pater
3340 829 3433 885 hic

1837 913 2091 984 filiusque
2126 929 2240 969 suae
2273 929 2489 985 quoque
2526 913 2904 972 conversionis
2925 918 3203 987 exemplo,
3241 935 3431 975 mona-

1835 1006 1970 1062 chos
2008 1007 2153 1074 illos,
2186 1022 2421 1078 quorum
2456 1008 2763 1062 institutum
2800 1017 2929 1064 sunt
2959 1011 3192 1080 amplexi
3222 1014 3430 1069 excita-

1836 1109 1959 1155 rent
1983 1101 2157 1171 magis
2199 1116 2264 1156 ac
2313 1103 2489 1173 magis
2537 1103 2606 1158 ad
2644 1104 2930 1173 pietatem,
2974 1106 3143 1176 inque
3187 1122 3315 1163 vera
3376 1119 3432 1166 et

1835 1192 2149 1249 Christiana
2204 1195 2569 1266 philosophia,
2603 1205 2665 1251 ut
2702 1196 2755 1252 in
2789 1194 2993 1267 Opusc.
3032 1199 3233 1268 primo,
3274 1199 3430 1258 Nilus

1837 1289 1953 1358 ipse
1981 1288 2195 1359 probat,
2224 1288 2391 1359 inque
2417 1288 2635 1344 Narrat.
2665 1306 2721 1360 p.
2749 1290 2806 1357 2,
2836 1291 2889 1345 in
2916 1290 3034 1362 lege
3060 1290 3275 1348 Domini
3310 1310 3433 1351 sese

1836 1398 1960 1437 cum
1986 1382 2098 1437 filio
2126 1392 2462 1448 exercerent,
2485 1399 2648 1454 quam
2680 1383 2824 1439 Deus
2850 1384 2905 1439 in
2936 1396 3120 1442 monte
3153 1386 3307 1442 Sinai
3334 1389 3431 1443 de-

1835 1477 1917 1531 dit
1953 1475 2144 1548 Moysi.
2183 1474 2321 1531 lnibi
2353 1476 2518 1531 etiam
2555 1490 2757 1532 sanetae
2788 1476 3102 1534 Catharinai
3132 1495 3335 1551 corpus
3360 1481 3433 1537 ab

1837 1570 2044 1641 angelis
2071 1569 2307 1624 delatum
2339 1569 2658 1625 mirabiliter
2682 1570 3041 1640 conquiescit,
3066 1588 3188 1642 quae
3211 1575 3435 1631 cmleste

1838 1662 2105 1732 sapientia
2128 1662 2316 1730 ditata,
2346 1662 2703 1732 philosophos
2727 1661 3018 1734 Egyptios
3037 1665 3188 1730 vicit,
3217 1676 3271 1720 et
3299 1680 3435 1721 con-

141 1755 235 1808 16.
270 1751 317 1805 Ε
356 1751 590 1806 summis
621 1749 975 1821 pontificibus
1015 1748 1358 1803 Innocentius
1390 1749 1589 1804 Sextus
1618 1750 1734 1818 epi-
1768 1744 1809 1798 Β
1837 1754 1991 1821 vicit,
2019 1765 2074 1809 et
2108 1756 2175 1809 de
2223 1754 2645 1811 immanissimis
2685 1756 2853 1810 etiam
2902 1759 3192 1814 tormentis
3234 1758 3434 1814 trium-

138 1860 402 1917 scopum,
443 1859 591 1899 nunc
620 1843 1121 1913 archiepiscopum,
1159 1853 1214 1897 et
1275 1840 1475 1897 fratres
1536 1842 1735 1898 Montis

141 1939 301 1994 Sinai
334 1938 439 1995 sub
467 1938 803 2009 protectione
831 1935 975 1991 beati
1028 1936 1173 1990 Petri
1228 1951 1283 1989 et
1334 1944 1538 1991 sanctae
1592 1935 1738 1990 sedis

137 2033 467 2105 apostolicae
498 2032 701 2102 recepit
750 2046 897 2085 anno
929 2031 1275 2100 pontiﬁcatus
1326 2038 1539 2092 octavo,
1597 2042 1738 2099 qua-

138 2138 307 2183 terno
349 2134 546 2195 quarto
590 2124 660 2180 de
720 2123 974 2180 indultis.
1022 2122 1212 2177 Sancti
1258 2121 1504 2192 Gregorii
1561 2120 1738 2191 Magni

138 2219 393 2274 Charitas
423 2232 552 2287 erga
587 2232 879 2288 pauperes,
940 2225 997 2270 et
1032 2216 1359 2269 inexhausta
1414 2213 1739 2277 liberalitas,

140 2313 231 2368 vel
264 2313 399 2366 hinc
431 2310 657 2373 eﬂ‘ulsit,
707 2310 854 2379 quod
907 2308 1201 2363 munificus
1232 2306 1478 2377 pontifex
1511 2321 1611 2376 pro
1639 2305 1743 2360 Ge-

142 2406 524 2470 rontoeomio,
557 2404 611 2459 id
639 2412 746 2469 est,
777 2400 982 2456 Senum
1018 2402 1300 2456 domicilio
1356 2399 1561 2455 montis
1610 2396 1743 2452 Sina

142 2500 306 2555 misit
324 2497 525 2552 Joanni
556 2496 961 2552 abbatis’laenas
997 2511 1109 2560 xvi,
1148 2509 1375 2549 racanas
1407 2510 1536 2559 xxx,
1575 2493 1743 2548 lectos

143 2609 244 2657 xv,
325 2590 562 2661 pretium
622 2604 838 2660 quoque
898 2590 965 2643 de
1019 2588 1265 2644 emendis
1334 2587 1600 2650 culcitris,
1656 2586 1743 2640 vel

144 2684 318 2740 naula
369 2682 539 2747 dedit,
571 2682 737 2752 epist.
788 2679 876 2747 16,
917 2679 1008 2734 lib.
1043 2696 1118 2735 xu
1171 2680 1435 2750 Regest.;
1479 2689 1533 2734 et
1571 2679 1747 2733 Palla-

143 2780 246 2833 dio
300 2776 640 2847 presbytero,
674 2775 743 2830 de
772 2782 960 2830 monte
992 2772 1147 2828 Sinai
1191 2773 1486 2837 cucullam,
1517 2781 1571 2827 et
1602 2773 1719 2826 tuni

145 2885 277 2925 eam
301 2871 368 2924 de
399 2868 780 2923 benedictione
812 2867 990 2922 sancti
1024 2865 1170 2921 Petri
1203 2866 1295 2920 lib.
1313 2881 1428 2930 νιιι,
1459 2866 1618 2934 epist.
1644 2866 1735 2929 45,

147 2960 328 3014 ludie.
364 2960 449 3014 15.
502 2956 703 3013 Narrat
739 2957 979 3013 Joannes
1008 2957 1275 3012 diaconus
1304 2956 1372 3011 de
1415 2956 1589 3026 ipsius
1620 2954 1742 3009 Vita

147 3055 254 3111 lib.
294 3071 354 3118 ιι,
394 3070 446 3108 c.
504 3052 594 3115 52,
662 3066 790 3108 eum
850 3060 959 3106 tam
1012 3048 1430 3120 Hierosolymis,
1474 3063 1638 3118 quam
1690 3048 1744 3101 in

148 3155 344 3202 monte
381 3145 530 3200 Sinai
565 3144 790 3200 famulis
823 3143 915 3199 Dei
979 3142 1284 3214 quotidiani
1322 3140 1523 3204 vietus,
1571 3148 1625 3195 et
1652 3156 1745 3195 vc-

148 3237 402 3296 stimenti
456 3253 671 3308 coptam
732 3236 1001 3292 annaliter
1031 3236 1745 3305 mittendamprocnrasse;

150 3334 255 3388 sed
303 3336 369 3387 de
398 3331 551 3386 lmnis
597 3340 652 3386 et
699 3331 916 3386 racanis
977 3330 1159 3386 fusius
1204 3329 1290 3401 egi
1320 3327 1644 3398 jamdudum
1692 3328 1746 3383 iu

150 3425 557 3481 Dissertatione
591 3440 710 3479 mea
744 3426 811 3479 de
840 3440 1008 3480 aurea
1050 3439 1198 3479 rosa.

233 3519 483 3585 Expediti
522 3532 654 3587 ergo
705 3518 983 3571 laciniosa.-
1031 3519 1155 3572 vita!
1214 3502 1641 3585 impedimentis,
1691 3525 1753 3571 ut

152 3602 408 3672 loquitur
454 3601 826 3656 Tertullianus
863 3600 957 3653 lib.
1005 3616 1055 3652 tv
1090 3600 1359 3653 Adversus
1400 3599 1748 3663 Marcionem,

155 3697 330 3752 idest
411 3695 659 3759 undosae,
716 3696 957 3750 sinuosa:
1009 3703 1064 3747 et
1106 3694 1750 3763 praeruptaucujusmmli

154 3797 286 3843 erat
315 3787 426 3849 illa,
460 3802 582 3857 quae
628 3788 683 3840 in
724 3787 847 3842 aula
870 3784 1057 3841 Graeca
1101 3797 1229 3840 tunc
1265 3788 1561 3856 agebatur,
1595 3784 1752 3839 Nilus

154 3890 219 3936 et
265 3878 585 3935 Theodulus
608 3894 983 3950 perrexerunt
1014 3879 1078 3934 ad
1137 3888 1377 3935 montem
1434 3876 1607 3944 Sinai,
1661 3878 1754 3948 qui

157 3972 497 4041 coujunctus
524 3980 606 4027 est
646 3971 716 4036 ei,
781 3986 902 4040 quae
966 3985 1115 4025 nunc
1173 3979 1257 4025 est
1304 3966 1604 4025 Jerusalem
1655 3968 1754 4039 (ita

155 4066 361 4123 scribit
399 4064 698 4135 Apostolus
729 4062 955 4128 Paulus,
992 4078 1043 4118 c.
1075 4078 1127 4117 ιν
1179 4062 1243 4117 ad
1276 4061 1516 4132 Galatas)
1544 4060 1753 4124 Graece,

160 4162 468 4230 συστοιχεί,
500 4156 750 4211 τουτέστι
779 4152 1099 4223 γειτνιάζει,
1130 4153 1385 4220 ἅπτεται,
1413 4153 1755 4224 propinquus

152 4262 249 4309 est
314 4261 369 4306 et
426 4265 675 4305 annexus
726 4266 741 4303 :
798 4248 880 4304 sic
938 4248 1174 4317 explicat
1244 4254 1470 4301 sanctus
1515 4244 1756 4299 Joannes

156 4349 619 4416 Chrysostomus,
651 4340 736 4397 vel
795 4340 1190 4402 conterminus,
1241 4340 1498 4403 confinis,
1541 4339 1758 4393 deserto

1838 1848 2046 1916 phavit.
2122 1845 2385 1903 Oraverat
2447 1847 2618 1903 Deum
2676 1849 2867 1920 virgo,
2926 1865 3052 1905 cum
3120 1851 3278 1907 miles
3334 1852 3434 1907 de-

1838 1938 2073 1995 collandi
2135 1939 2330 1995 artifex
2395 1940 2675 2009 πάναγνον
2740 1940 2986 2013 κεφαλὴν
3052 1952 3436 2013 amputatttrus

1838 2040 2007 2097 esset,
2036 2046 2104 2087 ne
2138 2046 2339 2102 corpus
2371 2033 2492 2103 ejus
2529 2040 2866 2103 spectaretur
2895 2044 3019 2104 post
3044 2047 3299 2101 mortem,
3337 2052 3437 2092 seu

1841 2124 2163 2190 nudaretur,
2213 2134 2269 2181 et
2321 2124 2687 2195 exponeretu‘r
2737 2127 2978 2182 ludibrio
3022 2129 3340 2199 gentilium,
3381 2138 3438 2186 et

1842 2215 2006 2269 simul
2032 2231 2096 2271 ac
2128 2216 2305 2283 miles,
2345 2217 2491 2287 quod
2528 2216 2745 2287 jussum
2787 2218 2986 2286 fuerat,
3017 2229 3308 2276 exsecutus
3329 2233 3432 2283 est,

1842 2321 1953 2360 non
1990 2308 2167 2362 solum
2197 2308 2507 2378 purissimis
2540 2309 2691 2364 venis
2720 2318 2818 2378 pro
2858 2311 3127 2381 sanguine
3158 2312 3244 2368 lac
3280 2312 3439 2367 efﬂu-

1844 2400 1944 2465 xit,
1986 2400 2079 2456 sed
2115 2415 2315 2472 corpus
2371 2401 2493 2472 ejus
2538 2403 2598 2469 ἐξ
2650 2404 2820 2476 αὐτῆς
2863 2406 2963 2477 τῆς
3007 2405 3156 2477 ὥρας
3196 2406 3302 2471 ἓως
3342 2407 3440 2463 νῦν

1842 2492 2113 2564 διέμεινεν
2142 2493 2375 2549 ἀθέατον
2399 2494 2627 2551 ἅπασιν.
2661 2497 2921 2565 Ἄγγελοι
2955 2498 3067 2569 γὰρ
3099 2499 3438 2571 ἀποτμηθεί-

1845 2602 1947 2657 σης
1962 2586 2132 2657 αὐτῆς
2158 2586 2340 2640 νεύσει
2357 2588 2684 2642 κατάπαντα
2707 2589 2841 2642 Θεοῦ
2872 2589 2948 2653 ὼς
2962 2590 3101 2660 πρὸς
3129 2591 3191 2644 τὸ
3220 2592 3349 2663 ὅρος
3376 2595 3440 2647 τὸ

1841 2678 2003 2733 Σιναῒ
2032 2679 2196 2733 τοῦτο
2226 2679 2692 2751 μετακομίζοντες
2715 2680 3001 2751 ὤφθησαν,
3067 2690 3127 2736 ut
3156 2682 3351 2752 legitur
3381 2684 3436 2738 in

1846 2771 2037 2827 codice
2063 2788 2163 2827 ms.
2195 2772 2540 2829 bibliothecae
2570 2771 2965 2839 Vallicellanae,
2997 2790 3124 2844 pag.
3156 2768 3248 2841 76,
3280 2791 3436 2833 num.

1847 2864 1935 2928 54,
1962 2864 2013 2918 id
2047 2873 2150 2927 est,
2190 2864 2396 2918 Exinde
2425 2864 2493 2917 ad
2536 2864 2631 2918 hoc
2672 2881 2835 2936 usque
2862 2868 3109 2935 temporis
3149 2870 3442 2935 permansit

1847 2956 2113 3010 invisibile
2135 2958 2395 3021 omnibus,
2432 2956 2605 3027 angeli
2632 2973 2878 3028 namque,
2902 2957 2994 3012 ubi
3013 2961 3183 3030 capite
3210 2962 3442 3015 multata

1850 3049 1973 3118 fuit,
1999 3058 2131 3102 nutu
2160 3050 2371 3102 omnino
2399 3048 2496 3103 Dei
2524 3048 2593 3101 ad
2630 3057 2859 3102 montem
2887 3047 3039 3104 Sinai
3072 3059 3443 3121 transportan-

1854 3152 1949 3208 tes,
1990 3143 2085 3197 visi
2114 3152 2258 3196 sunt.
2313 3140 2425 3197 Nec
2491 3141 2708 3212 ambigo
2755 3140 2926 3197 fuisse
2972 3144 3230 3199 custodes
3296 3145 3443 3200 illius

1852 3238 2053 3304 probos
2080 3237 2460 3300 anachoretas,
2486 3235 2581 3305 qui
2604 3235 2943 3290 domicilium
2979 3236 3051 3291 ibi
3089 3237 3348 3307 fixerant;
3377 3255 3444 3294 ex

1852 3344 1963 3398 quo
1982 3330 2127 3384 enim
2158 3328 2469 3384 Christiana
2496 3328 2686 3398 religio
2708 3329 2892 3398 erepit,
2919 3329 2993 3399 pii
3018 3329 3203 3385 fideles
3221 3332 3443 3401 quidam

1852 3421 2094 3487 fuerunt,
2131 3423 2188 3473 ἐν
2236 3421 2496 3491 ἐρημίαις
2546 3420 2915 3491 πλανώμενοι,
2968 3422 3064 3476 καὶ
3109 3423 3303 3493 ὄρεσι,
3348 3426 3446 3478 καὶ

1855 3513 2166 3583 σπηλαίοις,
2187 3512 2282 3566 καὶ
2307 3515 2428 3575 ταῖς
2449 3512 2611 3571 ὀπαῖς
2632 3512 2734 3582 τῆς
2756 3513 2882 3582 γῆς,
2910 3521 2969 3569 ut
2998 3514 3189 3569 scribit
3219 3523 3445 3570 sanctus

1854 3605 2058 3661 Paulus
2092 3606 2158 3660 ad
2184 3604 2347 3660 Hebr.
2380 3620 2500 3675 cap.
2530 3620 2610 3668 xt,
2647 3604 2737 3670 58,
2765 3605 2815 3659 id
2832 3614 2935 3661 est.
2967 3604 3032 3659 In
3064 3606 3445 3662 solitudinibus

1856 3706 2111 3761 errantes,
2134 3706 2182 3751 et
2215 3696 2499 3760 montibus,
2530 3706 2582 3749 et
2609 3697 2892 3766 speluncis,
2922 3706 2973 3751 et
2989 3700 3229 3753 cavernis
3255 3707 3445 3766 terre,

1856 3796 1918 3841 ut
1944 3787 2199 3842 adnotavi
2231 3787 2501 3855 superius.
2535 3785 2696 3841 Certe
2743 3786 3046 3855 imperante
3072 3785 3408 3842 Diocletiano
3428 3830 3445 3855 ,

1857 3890 1910 3935 et
1938 3878 2102 3934 Petro
2129 3878 2550 3933 Alexandrinam
2584 3878 2882 3933 Ecclesiam
2908 3886 3150 3947 regente,
3175 3878 3449 3951 ἀνῃρέθη-

1861 3990 1960 4025 σαν
1985 3972 2350 4043 ἡσυχάζοντες
2372 3973 2430 4024 ὲν
2455 3970 2533 4040 τῷ
2561 3970 2678 4042 ὄρει
2709 3971 2843 4040 Σινᾷ
2889 3967 2957 4039 (Ε
2987 3969 3191 4025 Menaeo
3224 3970 3446 4025 Graeco-

1857 4080 1981 4119 rum
2018 4065 2084 4117 14
2108 4062 2380 4135 Januarii)
2425 4062 2548 4117 caesi
2582 4073 2710 4116 sunt
2741 4062 2972 4116 solitarii
3014 4062 3180 4116 vitam
3225 4073 3448 4135 agentes

1862 4155 2208 4225 tranquillam
2233 4155 2285 4208 in
2312 4164 2497 4209 monte
2537 4153 2689 4207 Sinai
2722 4168 2753 4207 a
2778 4152 3054 4208 Barbaris.
3082 4152 3330 4224 Cumque
3354 4154 3448 4208 Ni-

1861 4247 1944 4302 lus
1980 4254 2033 4301 et
2066 4244 2377 4300 Theodulus
2401 4255 2639 4299 montem
2678 4244 2830 4298 illum
2858 4246 3226 4299 venerandum
3258 4262 3450 4301 ascen-

1861 4340 2073 4402 derent,
2121 4338 2358 4391 arbitror
2400 4336 2701 4390 monachos
2767 4334 2902 4404 ipsis
2939 4336 3132 4390 obvios
3170 4338 3449 4406 excepisse

158 4454 388 4508 nempe,
427 4440 479 4492 in
512 4453 622 4506 quo
651 4444 735 4491 est
776 4450 940 4490 mons
978 4435 1086 4499 ille,
1132 4434 1438 4503 prepinqua
1462 4443 1547 4487 est
1587 4432 1751 4486 Jeru-
1788 4445 1829 4497 ι)
1860 4432 2118 4486 benevole
2152 4431 2364 4494 ambos,
2405 4440 2459 4484 et
2489 4430 2540 4483 in
2586 4430 2927 4484 consortium
2960 4445 3175 4484 sacrum
3214 4430 3449 4485 libenter

158 4534 364 4596 salem,
395 4529 679 4599 interjacet
718 4542 956 4597 namque
1002 4525 1258 4587 ldumaaa,
1314 4539 1433 4593 quae
1466 4533 1575 4578 tota
1604 4538 1758 4575 mou-

165 4638 296 4679 tosa
344 4631 448 4687 est,
495 4632 549 4675 et
586 4622 847 4676 continua
904 4618 1019 4674 fere
1091 4617 1357 4671 montium
1413 4617 1555 4670 serie
1608 4615 1757 4668 Sinai

160 4714 525 4785 conjungitur
569 4712 900 4776 Jerusalem,
939 4726 969 4766 e
1024 4709 1363 4771 Borchardo,
1402 4708 1760 4762 Adrichomio

163 4819 228 4863 et
258 4807 524 4877 Zieglero,
555 4822 650 4876 per
683 4812 941 4859 montana
983 4818 1203 4873 quoque
1232 4801 1431 4855 Judzeaz
1466 4816 1639 4869 usque
1694 4801 1759 4853 ad

165 4908 415 4960 montes,
466 4898 561 4968 qui
594 4906 723 4952 sunt
751 4898 804 4950 in
851 4897 1084 4951 circuitu
1113 4894 1432 4957 Jerusalem,
1465 4894 1622 4959 juxta
1666 4909 1763 4946 va-

168 5004 288 5048 tem
347 4990 572 5061 regium,
620 4989 760 5059 psal.
789 5002 950 5043 cxxtv
987 5006 1000 5055 ;
1037 4988 1118 5040 vel
1149 4996 1290 5042 recta
1348 4986 1765 5040 continuatione

170 5084 395 5141 itineris
460 5083 826 5137 lsraelitaruin
890 5096 988 5151 per
1044 5078 1217 5145 Sinai,
1290 5079 1435 5149 quod
1492 5088 1766 5147 anteaper

174 5176 368 5230 varios
444 5173 725 5228 anfractus
793 5173 1050 5240 viarum,
1101 5186 1157 5229 et
1218 5172 1571 5226 mansionum
1644 5171 1768 5225 ha—

175 5269 465 5332 buerunt;
509 5283 632 5337 qua:
688 5266 957 5320 sententia
1011 5275 1095 5320 est
1146 5265 1318 5319 sancti
1346 5263 1572 5317 Thomae
1594 5263 1767 5332 Aqui—

176 5362 363 5425 natis;
407 5368 501 5412 aut
542 5359 920 5426 similitudine,
986 5359 1100 5413 sive
1164 5362 1507 5428 c0guatioue,
1560 5371 1767 5425 quem—

176 5452 479 5507 admodqu
535 5452 764 5522 exponit
839 5468 871 5507 e
940 5450 1348 5522 Theopliylacto
1424 5459 1478 5503 et
1541 5447 1769 5501 Vatahlo

178 5544 479 5599 Cornelius
544 5559 574 5596 a
638 5543 859 5613 Lapide.
934 5544 1184 5612 Cumque
1242 5542 1317 5596 ibi
1389 5540 1770 5611 pervenissent

181 5636 243 5688 in
322 5634 415 5686 illo
484 5634 749 5702 pt'zecclso
824 5636 1066 5689 culmine
1154 5632 1485 5695 constituti,
1572 5630 1769 5684 vesti-

179 5724 294 5793 giis
361 5722 693 5779 inhaerentes
751 5724 932 5780 sancti
1009 5723 1186 5787 Pauli,
1254 5734 1307 5781 et
1368 5740 1491 5779 eum
1548 5723 1766 5789 imitati,

483 5842 755 5903 PATnOL.
791 5842 908 5901 Gn.
936 5842 1225 5902 LXXIX.

1866 4520 2197 4578 ascivisse.0
2215 4521 2309 4592 qui
2333 4520 2650 4590 complexus
2671 4524 2684 4574 ι
2700 4518 2745 4572 0
2761 4529 2967 4590 quanta
2983 4519 3180 4589 gaudia
3198 4518 3446 4577 fuerunt!

1865 4616 1923 4669 ln
1951 4615 2353 4686 Upusculorum
2372 4614 2576 4680 lodice,
2599 4614 2960 4669 Observabam
2989 4612 3171 4667 varios
3202 4613 3448 4681 ordines,

1866 4720 1965 4760 seu
2002 4705 2202 4777 gradus
2230 4707 2645 4772 monachorum,
2680 4706 2915 4776 primum
2943 4722 2957 4759 :
3002 4704 3369 4776 Ἐγκρατέων,
3397 4707 3451 4761 id

1866 4806 1973 4862 est,
2006 4798 2098 4865 qui
2130 4797 2526 4851 continentiam
2543 4807 2845 4862 servantes,
2880 4798 2965 4852 vel
3008 4798 3451 4867 Ἐγκρατευομέ-

1866 4890 2055 4949 νων,ἱ(1
2070 4899 2173 4954 est,
2194 4897 2555 4959 temperantes
2570 4887 2930 4943 erant.Variis
2943 4897 3123 4944 autem
3140 4889 3457 4943 nominibus

1870 4984 2305 5054 appellabantur,
2349 4982 2650 5035 secundum
2687 4981 2835 5034 varia
2883 4983 3161 5035 exercitia.
3220 4979 3457 5047 Quidam

1870 5076 2175 5142 etenobitae,
2210 5090 2305 5129 seu
2331 5074 2614 5145 synodita-,
2647 5072 2740 5125 alii
2785 5073 3150 5137 anachoretae,
3179 5076 3420 5128 eremitze
3440 5113 3456 5138 ,

1871 5169 2067 5240 stylitte
2093 5206 2108 5229 ,
2142 5168 2192 5221 id
2233 5175 2336 5231 est,
2397 5165 2724 5220 columbarii
2750 5205 2766 5229 ,
2823 5168 3075 5232 κιονῖται,
3121 5165 3454 5233 ἔγκλειστοι,

1870 5262 2091 5327 reclusi,
2160 5260 2597 5331 κουϐουκλήσιοι,
2648 5259 2919 5325 solitarii,
2983 5259 3288 5322 vacantivi,
3323 5260 3457 5313 Θεο-

1872 5353 2069 5419 φιλεῖς,
2120 5366 2231 5420 quo
2276 5350 2494 5403 nomine
2542 5348 2848 5403 Christiani
2880 5350 3113 5419 primum
3156 5351 3456 5406 universitn

1871 5446 2232 5511 vocabantur,
2262 5454 2375 5499 tum
2408 5443 2662 5498 monachi
2694 5444 2996 5511 speciatim,
3045 5444 3241 5498 ’ἱκέται
3292 5460 3461 5499 oran-

1876 5552 1976 5599 tes.
2014 5538 2376 5609 Θεραπευτοιί,
2424 5537 2478 5591 id
2535 5546 2638 5602 est,
2686 5536 2917 5602 famuli,
2949 5547 3113 5606 atque
3151 5538 3291 5592 servi
3331 5538 3461 5606 Dei,

1873 5634 2164 5702 Λαυρῖται,
2218 5631 2268 5685 id
2301 5640 2405 5696 est,
2435 5630 2694 5684 cellarum
2728 5628 2942 5693 incohe,
2971 5628 3161 5693 nonni,
3196 5629 3459 5698 religiosi,

1874 5725 2358 5796 philosophantes,
2405 5731 2602 5794 praeter
2642 5736 2945 5793 gyrovagos
3005 5730 3061 5777 et
3098 5722 3464 5792 eireellioncs,

3153 5832 3277 5929 44¹

2798 5988 2823 5997 κ
