  <div class='ocr_page' id='page_1' title='image "/cluster/home/n/w/nwhite01/storage/ocr_20150623/79/nnc1.0038021404/783.png"; bbox 0 0 3816 6220; ppageno 0'>
   <div class='ocr_carea' id='block_1_1' title="bbox 391 238 526 304">
    <p class='ocr_par' dir='ltr' id='par_1_1' title="bbox 391 238 526 304">
     <span class='ocr_line' id='line_1_1' title="bbox 391 238 526 304; baseline -0.015 0"><span class='ocrx_word' id='word_1_1' title='bbox 391 238 526 304; x_wconf 65' lang='grc' dir='ltr'><strong>13μεῖ7</strong></span> 
     </span>
    </p>
   </div>
   <div class='ocr_carea' id='block_1_2' title="bbox 1095 229 2896 300">
    <p class='ocr_par' dir='ltr' id='par_1_2' title="bbox 1095 229 2896 300">
     <span class='ocr_line' id='line_1_2' title="bbox 1095 229 2896 300; baseline 0.002 -3"><span class='ocrx_word' id='word_1_2' title='bbox 1095 235 1245 297; x_wconf 86' lang='lat' dir='ltr'><strong>JOS.</strong></span> <span class='ocrx_word' id='word_1_3' title='bbox 1283 231 1548 293; x_wconf 62' lang='lat' dir='ltr'><strong>MARI/E</strong></span> <span class='ocrx_word' id='word_1_4' title='bbox 1584 229 1941 291; x_wconf 85' lang='lat' dir='ltr'><strong>SUARESII</strong></span> <span class='ocrx_word' id='word_1_5' title='bbox 1982 230 2213 291; x_wconf 82' lang='lat' dir='ltr'><strong>LIBER</strong></span> <span class='ocrx_word' id='word_1_6' title='bbox 2258 233 2896 300; x_wconf 77' lang='lat' dir='ltr'><strong>CIlﬂONOLOGICUS</strong></span> 
     </span>
    </p>
   </div>
   <div class='ocr_carea' id='block_1_3' title="bbox 3526 239 3682 305">
    <p class='ocr_par' dir='ltr' id='par_1_3' title="bbox 3526 239 3682 305">
     <span class='ocr_line' id='line_1_3' title="bbox 3526 239 3682 305; baseline 0.006 -2"><span class='ocrx_word' id='word_1_7' title='bbox 3526 239 3682 305; x_wconf 70' lang='lat'><strong>1338</strong></span> 
     </span>
    </p>
   </div>
   <div class='ocr_carea' id='block_1_4' title="bbox 386 342 3676 425">
    <p class='ocr_par' dir='ltr' id='par_1_4' title="bbox 386 342 3676 425">
     <span class='ocr_line' id='line_1_4' title="bbox 386 342 3676 425; baseline -0.005 -2"><span class='ocrx_word' id='word_1_8' title='bbox 386 356 479 425; x_wconf 74' lang='grc' dir='ltr'><strong>(Ιιιί</strong></span> <span class='ocrx_word' id='word_1_9' title='bbox 503 350 686 422; x_wconf 56' lang='lat' dir='ltr'><strong>Ponus</strong></span> <span class='ocrx_word' id='word_1_10' title='bbox 726 362 953 405; x_wconf 69' lang='grc' dir='ltr'><strong>θνΐοηθε</strong></span> <span class='ocrx_word' id='word_1_11' title='bbox 980 355 1176 414; x_wconf 63' lang='lat' dir='ltr'><strong>eram;</strong></span> <span class='ocrx_word' id='word_1_12' title='bbox 1231 346 1506 400; x_wconf 71' lang='lat' dir='ltr'><strong>secundus</strong></span> <span class='ocrx_word' id='word_1_13' title='bbox 1526 343 1662 397; x_wconf 74' lang='lat' dir='ltr'><strong>OPdU</strong></span> <span class='ocrx_word' id='word_1_14' title='bbox 1685 351 1800 395; x_wconf 66' lang='lat' dir='ltr'><strong>erat</strong></span> <span class='ocrx_word' id='word_1_15' title='bbox 1824 357 1974 395; x_wconf 62' lang='grc' dir='ltr'>θεοῦ·</span> <span class='ocrx_word' id='word_1_16' title='bbox 2004 346 2046 401; x_wconf 78' lang='grc' dir='ltr'>Α</span> <span class='ocrx_word' id='word_1_17' title='bbox 2081 342 2266 399; x_wconf 80' lang='lat' dir='ltr'><strong>laudes</strong></span> <span class='ocrx_word' id='word_1_18' title='bbox 2303 347 2521 415; x_wconf 80' lang='lat' dir='ltr'><strong>quidem</strong></span> <span class='ocrx_word' id='word_1_19' title='bbox 2552 347 2800 404; x_wconf 86' lang='lat' dir='ltr'><strong>ﬂorentia</strong></span> <span class='ocrx_word' id='word_1_20' title='bbox 2841 351 3083 405; x_wconf 90' lang='lat' dir='ltr'><strong>excitant</strong></span> <span class='ocrx_word' id='word_1_21' title='bbox 3116 351 3356 420; x_wconf 86' lang='lat' dir='ltr'><strong>ingenia,</strong></span> <span class='ocrx_word' id='word_1_22' title='bbox 3398 362 3458 407; x_wconf 91' lang='lat' dir='ltr'><strong>et</strong></span> <span class='ocrx_word' id='word_1_23' title='bbox 3485 356 3558 403; x_wconf 73' lang='lat' dir='ltr'><strong>\i:</strong></span> <span class='ocrx_word' id='word_1_24' title='bbox 3579 364 3676 407; x_wconf 81' lang='lat' dir='ltr'><strong>tus</strong></span> 
     </span>
    </p>
   </div>
   <div class='ocr_carea' id='block_1_5' title="bbox 383 434 1964 513">
    <p class='ocr_par' dir='ltr' id='par_1_5' title="bbox 383 434 1964 513">
     <span class='ocr_line' id='line_1_5' title="bbox 383 434 1964 513; baseline -0.01 -11"><span class='ocrx_word' id='word_1_25' title='bbox 383 458 563 503; x_wconf 88' lang='lat' dir='ltr'><strong>tarum</strong></span> <span class='ocrx_word' id='word_1_26' title='bbox 594 459 705 499; x_wconf 94' lang='lat' dir='ltr'><strong>non</strong></span> <span class='ocrx_word' id='word_1_27' title='bbox 754 441 1049 513; x_wconf 89' lang='lat' dir='ltr'><strong>generatim</strong></span> <span class='ocrx_word' id='word_1_28' title='bbox 1087 448 1423 509; x_wconf 89' lang='lat' dir='ltr'><strong>sumptorum</strong></span> <span class='ocrx_word' id='word_1_29' title='bbox 1446 478 1461 503; x_wconf 93' lang='lat'><strong>,</strong></span> <span class='ocrx_word' id='word_1_30' title='bbox 1498 436 1591 490; x_wconf 90' lang='lat' dir='ltr'><strong>sed</strong></span> <span class='ocrx_word' id='word_1_31' title='bbox 1629 434 1867 505; x_wconf 82' lang='lat' dir='ltr'><strong>proprie,</strong></span> <span class='ocrx_word' id='word_1_32' title='bbox 1900 449 1964 487; x_wconf 90' lang='lat' dir='ltr'><strong>ac</strong></span> 
     </span>
    </p>
   </div>
   <div class='ocr_carea' id='block_1_6' title="bbox 384 523 1969 609">
    <p class='ocr_par' dir='ltr' id='par_1_6' title="bbox 384 523 1969 609">
     <span class='ocr_line' id='line_1_6' title="bbox 384 523 1969 609; baseline -0.011 -17"><span class='ocrx_word' id='word_1_33' title='bbox 384 536 666 609; x_wconf 85' lang='lat' dir='ltr'><strong>pressim,</strong></span> <span class='ocrx_word' id='word_1_34' title='bbox 734 534 827 604; x_wconf 86' lang='lat' dir='ltr'><strong>qui</strong></span> <span class='ocrx_word' id='word_1_35' title='bbox 891 532 962 586; x_wconf 92' lang='lat' dir='ltr'><strong>ad</strong></span> <span class='ocrx_word' id='word_1_36' title='bbox 1046 542 1237 585; x_wconf 90' lang='lat' dir='ltr'><strong>nutum</strong></span> <span class='ocrx_word' id='word_1_37' title='bbox 1298 528 1553 581; x_wconf 87' lang='lat' dir='ltr'><strong>abbatum</strong></span> <span class='ocrx_word' id='word_1_38' title='bbox 1623 533 1677 579; x_wconf 90' lang='lat' dir='ltr'><strong>et</strong></span> <span class='ocrx_word' id='word_1_39' title='bbox 1731 523 1969 593; x_wconf 76' lang='grc' dir='ltr'><strong>ἡγουμέ-</strong></span> 
     </span>
    </p>
   </div>
   <div class='ocr_carea' id='block_1_7' title="bbox 384 617 1967 699">
    <p class='ocr_par' dir='ltr' id='par_1_7' title="bbox 384 617 1967 699">
     <span class='ocr_line' id='line_1_7' title="bbox 384 617 1967 699; baseline -0.011 -16"><span class='ocrx_word' id='word_1_40' title='bbox 384 647 492 683; x_wconf 86' lang='grc' dir='ltr'><strong>νων</strong></span> <span class='ocrx_word' id='word_1_41' title='bbox 517 626 764 699; x_wconf 86' lang='lat' dir='ltr'><strong>jejuniis,</strong></span> <span class='ocrx_word' id='word_1_42' title='bbox 825 623 1169 680; x_wconf 80' lang='lat' dir='ltr'><strong>orationibus</strong></span> <span class='ocrx_word' id='word_1_43' title='bbox 1216 630 1269 676; x_wconf 89' lang='lat' dir='ltr'><strong>et</strong></span> <span class='ocrx_word' id='word_1_44' title='bbox 1297 617 1736 673; x_wconf 77' lang='lat' dir='ltr'><strong>meditationibus</strong></span> <span class='ocrx_word' id='word_1_45' title='bbox 1766 631 1967 669; x_wconf 88' lang='lat' dir='ltr'><strong>vacan-</strong></span> 
     </span>
    </p>
   </div>
   <div class='ocr_carea' id='block_1_8' title="bbox 386 705 1971 779">
    <p class='ocr_par' dir='ltr' id='par_1_8' title="bbox 386 705 1971 779">
     <span class='ocr_line' id='line_1_8' title="bbox 386 705 1971 779; baseline -0.011 -6"><span class='ocrx_word' id='word_1_46' title='bbox 386 728 468 773; x_wconf 86' lang='lat' dir='ltr'><strong>tes</strong></span> <span class='ocrx_word' id='word_1_47' title='bbox 501 717 910 779; x_wconf 84' lang='lat' dir='ltr'><strong>exercebantur,</strong></span> <span class='ocrx_word' id='word_1_48' title='bbox 951 721 1005 767; x_wconf 91' lang='lat' dir='ltr'><strong>et</strong></span> <span class='ocrx_word' id='word_1_49' title='bbox 1031 710 1326 765; x_wconf 69' lang='lat' dir='ltr'><strong>Sarabaitze</strong></span> <span class='ocrx_word' id='word_1_50' title='bbox 1350 708 1509 762; x_wconf 91' lang='lat' dir='ltr'><strong>etiam</strong></span> <span class='ocrx_word' id='word_1_51' title='bbox 1542 705 1971 761; x_wconf 87' lang='lat' dir='ltr'><strong>denominaban-</strong></span> 
     </span>
    </p>
   </div>
   <div class='ocr_carea' id='block_1_9' title="bbox 388 794 1970 875">
    <p class='ocr_par' dir='ltr' id='par_1_9' title="bbox 388 794 1970 875">
     <span class='ocr_line' id='line_1_9' title="bbox 388 794 1970 875; baseline -0.012 -10"><span class='ocrx_word' id='word_1_52' title='bbox 388 819 515 875; x_wconf 92' lang='lat' dir='ltr'><strong>tur;</strong></span> <span class='ocrx_word' id='word_1_53' title='bbox 572 807 764 864; x_wconf 89' lang='lat' dir='ltr'><strong>tertius</strong></span> <span class='ocrx_word' id='word_1_54' title='bbox 822 803 1198 874; x_wconf 79' lang='grc' dir='ltr'>μοναζόντων,</span> <span class='ocrx_word' id='word_1_55' title='bbox 1260 798 1352 868; x_wconf 88' lang='lat' dir='ltr'><strong>qui</strong></span> <span class='ocrx_word' id='word_1_56' title='bbox 1402 797 1626 867; x_wconf 89' lang='lat' dir='ltr'><strong>propius</strong></span> <span class='ocrx_word' id='word_1_57' title='bbox 1659 794 1823 865; x_wconf 80' lang='lat'><strong>660</strong></span> <span class='ocrx_word' id='word_1_58' title='bbox 1879 809 1970 847; x_wconf 87' lang='lat' dir='ltr'><strong>ac-</strong></span> 
     </span>
    </p>
   </div>
   <div class='ocr_carea' id='block_1_10' title="bbox 387 884 1969 954">
    <p class='ocr_par' dir='ltr' id='par_1_10' title="bbox 387 884 1969 954">
     <span class='ocr_line' id='line_1_10' title="bbox 387 884 1969 954; baseline -0.011 -1"><span class='ocrx_word' id='word_1_59' title='bbox 387 900 653 954; x_wconf 83' lang='lat' dir='ltr'><strong>cedebant</strong></span> <span class='ocrx_word' id='word_1_60' title='bbox 683 898 748 952; x_wconf 90' lang='lat' dir='ltr'><strong>ad</strong></span> <span class='ocrx_word' id='word_1_61' title='bbox 774 893 1183 953; x_wconf 89' lang='lat' dir='ltr'><strong>monachatum,</strong></span> <span class='ocrx_word' id='word_1_62' title='bbox 1209 898 1261 943; x_wconf 89' lang='lat' dir='ltr'><strong>et</strong></span> <span class='ocrx_word' id='word_1_63' title='bbox 1288 896 1492 942; x_wconf 89' lang='lat' dir='ltr'><strong>vestem</strong></span> <span class='ocrx_word' id='word_1_64' title='bbox 1520 886 1816 939; x_wconf 85' lang='lat' dir='ltr'><strong>induebant</strong></span> <span class='ocrx_word' id='word_1_65' title='bbox 1838 884 1969 936; x_wconf 89' lang='lat' dir='ltr'><strong>reli-</strong></span> 
     </span>
    </p>
   </div>
   <div class='ocr_carea' id='block_1_11' title="bbox 390 976 1970 1061">
    <p class='ocr_par' dir='ltr' id='par_1_11' title="bbox 390 976 1970 1061">
     <span class='ocr_line' id='line_1_11' title="bbox 390 976 1970 1061; baseline -0.011 -15"><span class='ocrx_word' id='word_1_66' title='bbox 390 993 596 1061; x_wconf 84' lang='lat' dir='ltr'><strong>giosam</strong></span> <span class='ocrx_word' id='word_1_67' title='bbox 618 1008 633 1055; x_wconf 94' lang='lat'><strong>;</strong></span> <span class='ocrx_word' id='word_1_68' title='bbox 657 998 884 1059; x_wconf 89' lang='lat' dir='ltr'><strong>quartus</strong></span> <span class='ocrx_word' id='word_1_69' title='bbox 926 984 1341 1046; x_wconf 86' lang='lat' dir='ltr'><strong>monachorum,</strong></span> <span class='ocrx_word' id='word_1_70' title='bbox 1377 979 1469 1050; x_wconf 89' lang='lat' dir='ltr'><strong>qui</strong></span> <span class='ocrx_word' id='word_1_71' title='bbox 1495 977 1796 1032; x_wconf 87' lang='lat' dir='ltr'><strong>monastico</strong></span> <span class='ocrx_word' id='word_1_72' title='bbox 1832 976 1970 1029; x_wconf 89' lang='lat' dir='ltr'><strong>ami-</strong></span> 
     </span>
    </p>
   </div>
   <div class='ocr_carea' id='block_1_12' title="bbox 391 1068 1971 1144">
    <p class='ocr_par' dir='ltr' id='par_1_12' title="bbox 391 1068 1971 1144">
     <span class='ocr_line' id='line_1_12' title="bbox 391 1068 1971 1144; baseline -0.012 -7"><span class='ocrx_word' id='word_1_73' title='bbox 391 1083 674 1137; x_wconf 90' lang='lat' dir='ltr'><strong>ciebantur</strong></span> <span class='ocrx_word' id='word_1_74' title='bbox 703 1078 912 1144; x_wconf 89' lang='lat' dir='ltr'><strong>habitu,</strong></span> <span class='ocrx_word' id='word_1_75' title='bbox 939 1086 993 1132; x_wconf 90' lang='lat' dir='ltr'><strong>et</strong></span> <span class='ocrx_word' id='word_1_76' title='bbox 1031 1074 1471 1133; x_wconf 90' lang='lat' dir='ltr'><strong>attondehantur,</strong></span> <span class='ocrx_word' id='word_1_77' title='bbox 1497 1085 1671 1138; x_wconf 91' lang='lat' dir='ltr'><strong>neque</strong></span> <span class='ocrx_word' id='word_1_78' title='bbox 1685 1068 1971 1123; x_wconf 87' lang='lat' dir='ltr'><strong>continen-</strong></span> 
     </span>
    </p>
   </div>
   <div class='ocr_carea' id='block_1_13' title="bbox 392 1159 1967 1237">
    <p class='ocr_par' dir='ltr' id='par_1_13' title="bbox 392 1159 1967 1237">
     <span class='ocr_line' id='line_1_13' title="bbox 392 1159 1967 1237; baseline -0.012 -9"><span class='ocrx_word' id='word_1_79' title='bbox 392 1176 525 1228; x_wconf 85' lang='lat' dir='ltr'><strong>tiam</strong></span> <span class='ocrx_word' id='word_1_80' title='bbox 580 1182 828 1237; x_wconf 87' lang='lat' dir='ltr'><strong>tantum,</strong></span> <span class='ocrx_word' id='word_1_81' title='bbox 884 1167 979 1223; x_wconf 89' lang='lat' dir='ltr'><strong>sed</strong></span> <span class='ocrx_word' id='word_1_82' title='bbox 1035 1173 1456 1237; x_wconf 83' lang='lat' dir='ltr'><strong>paupertatem,</strong></span> <span class='ocrx_word' id='word_1_83' title='bbox 1520 1168 1574 1214; x_wconf 91' lang='lat' dir='ltr'><strong>et</strong></span> <span class='ocrx_word' id='word_1_84' title='bbox 1598 1159 1967 1214; x_wconf 85' lang='lat' dir='ltr'><strong>obedientiam</strong></span> 
     </span>
    </p>
   </div>
   <div class='ocr_carea' id='block_1_14' title="bbox 394 1249 1969 1323">
    <p class='ocr_par' dir='ltr' id='par_1_14' title="bbox 394 1249 1969 1323">
     <span class='ocr_line' id='line_1_14' title="bbox 394 1249 1969 1323; baseline -0.012 -1"><span class='ocrx_word' id='word_1_85' title='bbox 394 1264 770 1322; x_wconf 76' lang='lat' dir='ltr'><strong>custodiebant</strong></span> <span class='ocrx_word' id='word_1_86' title='bbox 814 1258 1170 1315; x_wconf 89' lang='lat' dir='ltr'><strong>adamussim.</strong></span> <span class='ocrx_word' id='word_1_87' title='bbox 1224 1256 1283 1309; x_wconf 89' lang='lat' dir='ltr'><strong>In</strong></span> <span class='ocrx_word' id='word_1_88' title='bbox 1342 1253 1571 1323; x_wconf 81' lang='lat' dir='ltr'><strong>singulis</strong></span> <span class='ocrx_word' id='word_1_89' title='bbox 1620 1260 1799 1305; x_wconf 89' lang='lat' dir='ltr'><strong>autem</strong></span> <span class='ocrx_word' id='word_1_90' title='bbox 1847 1249 1969 1303; x_wconf 89' lang='lat' dir='ltr'><strong>istis</strong></span> 
     </span>
    </p>
   </div>
   <div class='ocr_carea' id='block_1_15' title="bbox 391 1342 1970 1431">
    <p class='ocr_par' dir='ltr' id='par_1_15' title="bbox 391 1342 1970 1431">
     <span class='ocr_line' id='line_1_15' title="bbox 391 1342 1970 1431; baseline -0.013 -18"><span class='ocrx_word' id='word_1_91' title='bbox 391 1358 649 1431; x_wconf 79' lang='lat' dir='ltr'><strong>gradibus</strong></span> <span class='ocrx_word' id='word_1_92' title='bbox 699 1362 846 1409; x_wconf 90' lang='lat' dir='ltr'><strong>certa</strong></span> <span class='ocrx_word' id='word_1_93' title='bbox 899 1360 1205 1420; x_wconf 90' lang='lat' dir='ltr'><strong>temporum</strong></span> <span class='ocrx_word' id='word_1_94' title='bbox 1254 1346 1556 1417; x_wconf 78' lang='lat' dir='ltr'><strong>praestituta</strong></span> <span class='ocrx_word' id='word_1_95' title='bbox 1599 1352 1759 1397; x_wconf 89' lang='lat' dir='ltr'><strong>erant</strong></span> <span class='ocrx_word' id='word_1_96' title='bbox 1800 1342 1970 1395; x_wconf 88' lang='lat' dir='ltr'><strong>inter-</strong></span> 
     </span>
    </p>
   </div>
   <div class='ocr_carea' id='block_1_16' title="bbox 386 1431 1971 1511">
    <p class='ocr_par' dir='ltr' id='par_1_16' title="bbox 386 1431 1971 1511">
     <span class='ocr_line' id='line_1_16' title="bbox 386 1431 1971 1511; baseline -0.012 -10"><span class='ocrx_word' id='word_1_97' title='bbox 386 1449 552 1511; x_wconf 78' lang='lat' dir='ltr'><strong>valla,</strong></span> <span class='ocrx_word' id='word_1_98' title='bbox 577 1453 635 1499; x_wconf 91' lang='lat' dir='ltr'><strong>ut</strong></span> <span class='ocrx_word' id='word_1_99' title='bbox 667 1440 1046 1503; x_wconf 89' lang='lat' dir='ltr'><strong>animadverti,</strong></span> <span class='ocrx_word' id='word_1_100' title='bbox 1073 1453 1127 1507; x_wconf 91' lang='lat' dir='ltr'><strong>p.</strong></span> <span class='ocrx_word' id='word_1_101' title='bbox 1155 1436 1278 1491; x_wconf 80' lang='grc'>601.</span> <span class='ocrx_word' id='word_1_102' title='bbox 1318 1434 1391 1488; x_wconf 85' lang='lat' dir='ltr'><strong>Ea</strong></span> <span class='ocrx_word' id='word_1_103' title='bbox 1416 1448 1547 1487; x_wconf 90' lang='lat' dir='ltr'><strong>vero</strong></span> <span class='ocrx_word' id='word_1_104' title='bbox 1579 1431 1971 1486; x_wconf 89' lang='lat' dir='ltr'><strong>contraheban-</strong></span> 
     </span>
    </p>
   </div>
   <div class='ocr_carea' id='block_1_17' title="bbox 391 1522 1969 1599">
    <p class='ocr_par' dir='ltr' id='par_1_17' title="bbox 391 1522 1969 1599">
     <span class='ocr_line' id='line_1_17' title="bbox 391 1522 1969 1599; baseline -0.011 -6"><span class='ocrx_word' id='word_1_105' title='bbox 391 1536 480 1595; x_wconf 67' lang='grc' dir='ltr'><strong>εἴη*</strong></span> <span class='ocrx_word' id='word_1_106' title='bbox 504 1536 814 1599; x_wconf 88' lang='lat' dir='ltr'><strong>interdum;</strong></span> <span class='ocrx_word' id='word_1_107' title='bbox 878 1546 1004 1585; x_wconf 91' lang='lat' dir='ltr'><strong>nam</strong></span> <span class='ocrx_word' id='word_1_108' title='bbox 1046 1527 1309 1582; x_wconf 85' lang='lat' dir='ltr'><strong>Joannem</strong></span> <span class='ocrx_word' id='word_1_109' title='bbox 1361 1524 1662 1579; x_wconf 80' lang='lat' dir='ltr'><strong>Climacum</strong></span> <span class='ocrx_word' id='word_1_110' title='bbox 1702 1522 1770 1576; x_wconf 90' lang='lat' dir='ltr'><strong>ab</strong></span> <span class='ocrx_word' id='word_1_111' title='bbox 1804 1536 1969 1588; x_wconf 86' lang='lat' dir='ltr'><strong>opere</strong></span> 
     </span>
    </p>
   </div>
   <div class='ocr_carea' id='block_1_18' title="bbox 390 1616 1964 1688">
    <p class='ocr_par' dir='ltr' id='par_1_18' title="bbox 390 1616 1964 1688">
     <span class='ocr_line' id='line_1_18' title="bbox 390 1616 1964 1688; baseline -0.01 -3"><span class='ocrx_word' id='word_1_112' title='bbox 390 1636 593 1687; x_wconf 91' lang='lat' dir='ltr'><strong>dictum</strong></span> <span class='ocrx_word' id='word_1_113' title='bbox 649 1626 948 1688; x_wconf 89' lang='lat' dir='ltr'><strong>Scalarem,</strong></span> <span class='ocrx_word' id='word_1_114' title='bbox 977 1631 1032 1677; x_wconf 92' lang='lat' dir='ltr'><strong>et</strong></span> <span class='ocrx_word' id='word_1_115' title='bbox 1086 1637 1115 1676; x_wconf 92' lang='lat' dir='ltr'><strong>a</strong></span> <span class='ocrx_word' id='word_1_116' title='bbox 1157 1634 1383 1674; x_wconf 89' lang='lat' dir='ltr'><strong>munere</strong></span> <span class='ocrx_word' id='word_1_117' title='bbox 1442 1616 1854 1680; x_wconf 90' lang='lat' dir='ltr'><strong>scholasticum,</strong></span> <span class='ocrx_word' id='word_1_118' title='bbox 1908 1616 1964 1669; x_wconf 93' lang='lat' dir='ltr'><strong>in</strong></span> 
     </span>
    </p>
   </div>
   <div class='ocr_carea' id='block_1_19' title="bbox 393 1706 1964 1782">
    <p class='ocr_par' dir='ltr' id='par_1_19' title="bbox 393 1706 1964 1782">
     <span class='ocr_line' id='line_1_19' title="bbox 393 1706 1964 1782; baseline -0.01 -7"><span class='ocrx_word' id='word_1_119' title='bbox 393 1721 720 1775; x_wconf 87' lang='lat' dir='ltr'><strong>monachum</strong></span> <span class='ocrx_word' id='word_1_120' title='bbox 745 1716 913 1771; x_wconf 91' lang='lat' dir='ltr'><strong>fuisse</strong></span> <span class='ocrx_word' id='word_1_121' title='bbox 930 1721 1223 1782; x_wconf 88' lang='lat' dir='ltr'><strong>receptum,</strong></span> <span class='ocrx_word' id='word_1_122' title='bbox 1251 1718 1303 1763; x_wconf 92' lang='lat' dir='ltr'><strong>et</strong></span> <span class='ocrx_word' id='word_1_123' title='bbox 1330 1717 1625 1770; x_wconf 82' lang='lat' dir='ltr'><strong>attonsum,</strong></span> <span class='ocrx_word' id='word_1_124' title='bbox 1653 1706 1964 1774; x_wconf 87' lang='lat' dir='ltr'><strong>amictuque</strong></span> 
     </span>
    </p>
   </div>
   <div class='ocr_carea' id='block_1_20' title="bbox 394 1795 1969 1870">
    <p class='ocr_par' dir='ltr' id='par_1_20' title="bbox 394 1795 1969 1870">
     <span class='ocr_line' id='line_1_20' title="bbox 394 1795 1969 1870; baseline -0.011 -4"><span class='ocrx_word' id='word_1_125' title='bbox 394 1810 697 1866; x_wconf 86' lang='lat' dir='ltr'><strong>mouastico</strong></span> <span class='ocrx_word' id='word_1_126' title='bbox 754 1808 1010 1860; x_wconf 89' lang='lat' dir='ltr'><strong>donatum</strong></span> <span class='ocrx_word' id='word_1_127' title='bbox 1054 1800 1293 1870; x_wconf 86' lang='lat' dir='ltr'><strong>comperi</strong></span> <span class='ocrx_word' id='word_1_128' title='bbox 1345 1799 1463 1868; x_wconf 83' lang='lat' dir='ltr'><strong>ejus</strong></span> <span class='ocrx_word' id='word_1_129' title='bbox 1504 1799 1557 1851; x_wconf 92' lang='lat' dir='ltr'><strong>in</strong></span> <span class='ocrx_word' id='word_1_130' title='bbox 1608 1795 1753 1859; x_wconf 82' lang='lat' dir='ltr'><strong>Vita,</strong></span> <span class='ocrx_word' id='word_1_131' title='bbox 1804 1812 1969 1866; x_wconf 91' lang='lat' dir='ltr'><strong>quam</strong></span> 
     </span>
    </p>
   </div>
   <div class='ocr_carea' id='block_1_21' title="bbox 398 1890 1970 1957">
    <p class='ocr_par' dir='ltr' id='par_1_21' title="bbox 398 1890 1970 1957">
     <span class='ocr_line' id='line_1_21' title="bbox 398 1890 1970 1957; baseline -0.009 -2"><span class='ocrx_word' id='word_1_132' title='bbox 398 1902 584 1956; x_wconf 87' lang='lat' dir='ltr'><strong>Daniel</strong></span> <span class='ocrx_word' id='word_1_133' title='bbox 646 1898 907 1952; x_wconf 82' lang='lat' dir='ltr'><strong>Raithuni</strong></span> <span class='ocrx_word' id='word_1_134' title='bbox 965 1894 1202 1950; x_wconf 74' lang='lat' dir='ltr'><strong>ctenobii</strong></span> <span class='ocrx_word' id='word_1_135' title='bbox 1262 1891 1566 1945; x_wconf 86' lang='lat' dir='ltr'><strong>monachus</strong></span> <span class='ocrx_word' id='word_1_136' title='bbox 1620 1890 1970 1957; x_wconf 79' lang='lat' dir='ltr'><strong>conscripsit,</strong></span> 
     </span>
    </p>
   </div>
   <div class='ocr_carea' id='block_1_22' title="bbox 395 1980 1971 2064">
    <p class='ocr_par' dir='ltr' id='par_1_22' title="bbox 395 1980 1971 2064">
     <span class='ocr_line' id='line_1_22' title="bbox 395 1980 1971 2064; baseline -0.011 -16"><span class='ocrx_word' id='word_1_137' title='bbox 395 2004 630 2064; x_wconf 82' lang='lat' dir='ltr'><strong>quatuor</strong></span> <span class='ocrx_word' id='word_1_138' title='bbox 655 2005 829 2045; x_wconf 90' lang='lat' dir='ltr'><strong>annos</strong></span> <span class='ocrx_word' id='word_1_139' title='bbox 867 2004 990 2042; x_wconf 91' lang='lat' dir='ltr'><strong>cum</strong></span> <span class='ocrx_word' id='word_1_140' title='bbox 1017 1985 1291 2057; x_wconf 86' lang='lat' dir='ltr'><strong>posuisset</strong></span> <span class='ocrx_word' id='word_1_141' title='bbox 1314 1982 1370 2035; x_wconf 91' lang='lat' dir='ltr'><strong>in</strong></span> <span class='ocrx_word' id='word_1_142' title='bbox 1399 1982 1672 2043; x_wconf 88' lang='lat' dir='ltr'><strong>tirocinio,</strong></span> <span class='ocrx_word' id='word_1_143' title='bbox 1706 1989 1760 2034; x_wconf 78' lang='lat' dir='ltr'><strong>et</strong></span> <span class='ocrx_word' id='word_1_144' title='bbox 1799 1980 1971 2033; x_wconf 85' lang='lat' dir='ltr'><strong>Isido-</strong></span> 
     </span>
    </p>
   </div>
   <div class='ocr_carea' id='block_1_23' title="bbox 396 2070 1972 2145">
    <p class='ocr_par' dir='ltr' id='par_1_23' title="bbox 396 2070 1972 2145">
     <span class='ocr_line' id='line_1_23' title="bbox 396 2070 1972 2145; baseline -0.013 -4"><span class='ocrx_word' id='word_1_145' title='bbox 396 2102 517 2141; x_wconf 92' lang='lat' dir='ltr'><strong>rum</strong></span> <span class='ocrx_word' id='word_1_146' title='bbox 562 2082 986 2137; x_wconf 77' lang='lat' dir='ltr'><strong>Alexandrinum</strong></span> <span class='ocrx_word' id='word_1_147' title='bbox 1031 2092 1153 2133; x_wconf 90' lang='lat' dir='ltr'><strong>cum</strong></span> <span class='ocrx_word' id='word_1_148' title='bbox 1187 2084 1393 2145; x_wconf 89' lang='lat' dir='ltr'><strong>septem</strong></span> <span class='ocrx_word' id='word_1_149' title='bbox 1424 2073 1695 2142; x_wconf 78' lang='lat' dir='ltr'><strong>exegisset</strong></span> <span class='ocrx_word' id='word_1_150' title='bbox 1740 2073 1790 2125; x_wconf 95' lang='lat' dir='ltr'><strong>in</strong></span> <span class='ocrx_word' id='word_1_151' title='bbox 1844 2070 1972 2128; x_wconf 80' lang='lat' dir='ltr'><strong>Bai-</strong></span> 
     </span>
    </p>
   </div>
   <div class='ocr_carea' id='block_1_24' title="bbox 396 2160 1975 2235">
    <p class='ocr_par' dir='ltr' id='par_1_24' title="bbox 396 2160 1975 2235">
     <span class='ocr_line' id='line_1_24' title="bbox 396 2160 1975 2235; baseline -0.009 -6"><span class='ocrx_word' id='word_1_152' title='bbox 396 2178 569 2230; x_wconf 81' lang='lat' dir='ltr'><strong>thuno</strong></span> <span class='ocrx_word' id='word_1_153' title='bbox 601 2171 870 2227; x_wconf 78' lang='lat' dir='ltr'><strong>C(BllOblO.</strong></span> <span class='ocrx_word' id='word_1_154' title='bbox 906 2167 1086 2222; x_wconf 89' lang='lat' dir='ltr'><strong>Nilum</strong></span> <span class='ocrx_word' id='word_1_155' title='bbox 1122 2180 1218 2235; x_wconf 91' lang='lat' dir='ltr'><strong>ego</strong></span> <span class='ocrx_word' id='word_1_156' title='bbox 1247 2172 1302 2220; x_wconf 93' lang='lat' dir='ltr'><strong>et</strong></span> <span class='ocrx_word' id='word_1_157' title='bbox 1344 2163 1686 2217; x_wconf 88' lang='lat' dir='ltr'><strong>&#39;I‘heodulum</strong></span> <span class='ocrx_word' id='word_1_158' title='bbox 1727 2176 1831 2214; x_wconf 93' lang='lat' dir='ltr'><strong>non</strong></span> <span class='ocrx_word' id='word_1_159' title='bbox 1880 2160 1975 2215; x_wconf 90' lang='lat' dir='ltr'><strong>ob-</strong></span> 
     </span>
    </p>
   </div>
   <div class='ocr_carea' id='block_1_25' title="bbox 396 2253 1973 2334">
    <p class='ocr_par' dir='ltr' id='par_1_25' title="bbox 396 2253 1973 2334">
     <span class='ocr_line' id='line_1_25' title="bbox 396 2253 1973 2334; baseline -0.011 -11"><span class='ocrx_word' id='word_1_160' title='bbox 396 2282 647 2323; x_wconf 73' lang='lat' dir='ltr'><strong>servasse</strong></span> <span class='ocrx_word' id='word_1_161' title='bbox 694 2263 965 2334; x_wconf 82' lang='lat' dir='ltr'><strong>graduum</strong></span> <span class='ocrx_word' id='word_1_162' title='bbox 1035 2259 1264 2313; x_wconf 89' lang='lat' dir='ltr'><strong>istorum</strong></span> <span class='ocrx_word' id='word_1_163' title='bbox 1319 2255 1632 2310; x_wconf 85' lang='lat' dir='ltr'><strong>discrimina</strong></span> <span class='ocrx_word' id='word_1_164' title='bbox 1694 2253 1973 2323; x_wconf 87' lang='lat' dir='ltr'><strong>suspicor,</strong></span> 
     </span>
    </p>
   </div>
   <div class='ocr_carea' id='block_1_26' title="bbox 394 2343 1975 2423">
    <p class='ocr_par' dir='ltr' id='par_1_26' title="bbox 394 2343 1975 2423">
     <span class='ocr_line' id='line_1_26' title="bbox 394 2343 1975 2423; baseline -0.01 -10"><span class='ocrx_word' id='word_1_165' title='bbox 394 2358 766 2413; x_wconf 88' lang='lat' dir='ltr'><strong>continentem</strong></span> <span class='ocrx_word' id='word_1_166' title='bbox 799 2353 997 2423; x_wconf 88' lang='lat' dir='ltr'><strong>quippe</strong></span> <span class='ocrx_word' id='word_1_167' title='bbox 1033 2349 1222 2413; x_wconf 91' lang='lat' dir='ltr'><strong>fuisse,</strong></span> <span class='ocrx_word' id='word_1_168' title='bbox 1250 2362 1377 2402; x_wconf 92' lang='lat' dir='ltr'><strong>cum</strong></span> <span class='ocrx_word' id='word_1_169' title='bbox 1403 2354 1585 2415; x_wconf 79' lang='lat' dir='ltr'><strong>ageret</strong></span> <span class='ocrx_word' id='word_1_170' title='bbox 1619 2345 1797 2399; x_wconf 90' lang='lat' dir='ltr'><strong>adhuc</strong></span> <span class='ocrx_word' id='word_1_171' title='bbox 1827 2343 1975 2398; x_wconf 86' lang='lat' dir='ltr'><strong>Con-</strong></span> 
     </span>
    </p>
   </div>
   <div class='ocr_carea' id='block_1_27' title="bbox 398 2434 1978 2515">
    <p class='ocr_par' dir='ltr' id='par_1_27' title="bbox 398 2434 1978 2515">
     <span class='ocr_line' id='line_1_27' title="bbox 398 2434 1978 2515; baseline -0.009 -12"><span class='ocrx_word' id='word_1_172' title='bbox 398 2444 752 2515; x_wconf 85' lang='lat' dir='ltr'><strong>stantinopoli</strong></span> <span class='ocrx_word' id='word_1_173' title='bbox 797 2458 862 2497; x_wconf 85' lang='lat' dir='ltr'><strong>ex</strong></span> <span class='ocrx_word' id='word_1_174' title='bbox 906 2453 1177 2496; x_wconf 90' lang='lat' dir='ltr'><strong>consensu</strong></span> <span class='ocrx_word' id='word_1_175' title='bbox 1205 2435 1453 2505; x_wconf 79' lang='lat' dir='ltr'><strong>conjugis</strong></span> <span class='ocrx_word' id='word_1_176' title='bbox 1490 2434 1672 2489; x_wconf 88' lang='lat' dir='ltr'><strong>Nilum</strong></span> <span class='ocrx_word' id='word_1_177' title='bbox 1697 2474 1711 2499; x_wconf 93' lang='lat'><strong>,</strong></span> <span class='ocrx_word' id='word_1_178' title='bbox 1747 2434 1890 2488; x_wconf 87' lang='lat' dir='ltr'><strong>sicut</strong></span> <span class='ocrx_word' id='word_1_179' title='bbox 1923 2442 1978 2488; x_wconf 90' lang='lat' dir='ltr'><strong>et</strong></span> 
     </span>
    </p>
   </div>
   <div class='ocr_carea' id='block_1_28' title="bbox 398 2524 1977 2594">
    <p class='ocr_par' dir='ltr' id='par_1_28' title="bbox 398 2524 1977 2594">
     <span class='ocr_line' id='line_1_28' title="bbox 398 2524 1977 2594; baseline -0.01 0"><span class='ocrx_word' id='word_1_180' title='bbox 398 2538 737 2594; x_wconf 84' lang='lat' dir='ltr'><strong>Theodulum</strong></span> <span class='ocrx_word' id='word_1_181' title='bbox 777 2532 1126 2590; x_wconf 69' lang='lat' dir='ltr'><strong>continentia:</strong></span> <span class='ocrx_word' id='word_1_182' title='bbox 1153 2527 1475 2583; x_wconf 88' lang='lat' dir='ltr'><strong>innutritum</strong></span> <span class='ocrx_word' id='word_1_183' title='bbox 1499 2525 1803 2580; x_wconf 86' lang='lat' dir='ltr'><strong>adolevisse</strong></span> <span class='ocrx_word' id='word_1_184' title='bbox 1828 2524 1977 2579; x_wconf 86' lang='lat' dir='ltr'><strong>arbi-</strong></span> 
     </span>
    </p>
   </div>
   <div class='ocr_carea' id='block_1_29' title="bbox 396 2619 1979 2696">
    <p class='ocr_par' dir='ltr' id='par_1_29' title="bbox 396 2619 1979 2696">
     <span class='ocr_line' id='line_1_29' title="bbox 396 2619 1979 2696; baseline -0.01 -8"><span class='ocrx_word' id='word_1_185' title='bbox 396 2644 532 2696; x_wconf 84' lang='lat' dir='ltr'><strong>tror,</strong></span> <span class='ocrx_word' id='word_1_186' title='bbox 551 2628 953 2696; x_wconf 87' lang='lat' dir='ltr'><strong>asceticamque</strong></span> <span class='ocrx_word' id='word_1_187' title='bbox 968 2625 1133 2678; x_wconf 82' lang='lat' dir='ltr'><strong>vitam</strong></span> <span class='ocrx_word' id='word_1_188' title='bbox 1155 2630 1447 2691; x_wconf 89' lang='lat' dir='ltr'><strong>utrumque</strong></span> <span class='ocrx_word' id='word_1_189' title='bbox 1463 2619 1794 2690; x_wconf 84' lang='lat' dir='ltr'><strong>professum,</strong></span> <span class='ocrx_word' id='word_1_190' title='bbox 1818 2620 1979 2690; x_wconf 78' lang='grc' dir='ltr'>μονάο</span> 
     </span>
    </p>
   </div>
   <div class='ocr_carea' id='block_1_30' title="bbox 397 2711 1978 2791">
    <p class='ocr_par' dir='ltr' id='par_1_30' title="bbox 397 2711 1978 2791">
     <span class='ocr_line' id='line_1_30' title="bbox 397 2711 1978 2791; baseline -0.009 -12"><span class='ocrx_word' id='word_1_191' title='bbox 397 2726 587 2789; x_wconf 73' lang='grc' dir='ltr'><strong>ζον-σας</strong></span> <span class='ocrx_word' id='word_1_192' title='bbox 618 2721 782 2791; x_wconf 80' lang='lat' dir='ltr'><strong>igitur</strong></span> <span class='ocrx_word' id='word_1_193' title='bbox 807 2720 944 2771; x_wconf 90' lang='lat' dir='ltr'><strong>istos</strong></span> <span class='ocrx_word' id='word_1_194' title='bbox 974 2723 1212 2769; x_wconf 91' lang='lat' dir='ltr'><strong>montem</strong></span> <span class='ocrx_word' id='word_1_195' title='bbox 1247 2711 1314 2766; x_wconf 89' lang='lat' dir='ltr'><strong>ad</strong></span> <span class='ocrx_word' id='word_1_196' title='bbox 1352 2711 1529 2777; x_wconf 90' lang='lat' dir='ltr'><strong>Sinai,</strong></span> <span class='ocrx_word' id='word_1_197' title='bbox 1560 2711 1708 2765; x_wconf 89' lang='lat' dir='ltr'><strong>velut</strong></span> <span class='ocrx_word' id='word_1_198' title='bbox 1745 2711 1812 2765; x_wconf 89' lang='lat' dir='ltr'><strong>ad</strong></span> <span class='ocrx_word' id='word_1_199' title='bbox 1850 2726 1978 2780; x_wconf 88' lang='lat' dir='ltr'><strong>por-</strong></span> 
     </span>
    </p>
   </div>
   <div class='ocr_carea' id='block_1_31' title="bbox 396 2801 1978 2882">
    <p class='ocr_par' dir='ltr' id='par_1_31' title="bbox 396 2801 1978 2882">
     <span class='ocr_line' id='line_1_31' title="bbox 396 2801 1978 2882; baseline -0.009 -13"><span class='ocrx_word' id='word_1_200' title='bbox 396 2825 515 2869; x_wconf 91' lang='lat' dir='ltr'><strong>tum</strong></span> <span class='ocrx_word' id='word_1_201' title='bbox 548 2810 743 2882; x_wconf 89' lang='lat' dir='ltr'><strong>quietis</strong></span> <span class='ocrx_word' id='word_1_202' title='bbox 775 2804 1049 2875; x_wconf 91' lang='lat' dir='ltr'><strong>appulisse</strong></span> <span class='ocrx_word' id='word_1_203' title='bbox 1081 2802 1215 2857; x_wconf 88' lang='lat' dir='ltr'><strong>mihi</strong></span> <span class='ocrx_word' id='word_1_204' title='bbox 1260 2816 1588 2871; x_wconf 90' lang='lat' dir='ltr'><strong>persuasum</strong></span> <span class='ocrx_word' id='word_1_205' title='bbox 1622 2808 1726 2866; x_wconf 90' lang='lat' dir='ltr'><strong>est,</strong></span> <span class='ocrx_word' id='word_1_206' title='bbox 1758 2814 1825 2855; x_wconf 92' lang='lat' dir='ltr'><strong>eo</strong></span> <span class='ocrx_word' id='word_1_207' title='bbox 1858 2801 1978 2871; x_wconf 91' lang='lat' dir='ltr'><strong>ipso</strong></span> 
     </span>
    </p>
   </div>
   <div class='ocr_carea' id='block_1_32' title="bbox 386 2891 1979 2963">
    <p class='ocr_par' dir='ltr' id='par_1_32' title="bbox 386 2891 1979 2963">
     <span class='ocr_line' id='line_1_32' title="bbox 386 2891 1979 2963; baseline -0.011 -2"><span class='ocrx_word' id='word_1_208' title='bbox 386 2920 541 2961; x_wconf 82' lang='lat' dir='ltr'><strong>.anno</strong></span> <span class='ocrx_word' id='word_1_209' title='bbox 573 2901 676 2955; x_wconf 72' lang='lat'><strong>405</strong></span> <span class='ocrx_word' id='word_1_210' title='bbox 703 2899 764 2953; x_wconf 90' lang='lat' dir='ltr'><strong>C.</strong></span> <span class='ocrx_word' id='word_1_211' title='bbox 800 2896 899 2963; x_wconf 91' lang='lat' dir='ltr'><strong>.N.,</strong></span> <span class='ocrx_word' id='word_1_212' title='bbox 922 2911 953 2951; x_wconf 92' lang='lat' dir='ltr'><strong>e</strong></span> <span class='ocrx_word' id='word_1_213' title='bbox 985 2892 1445 2950; x_wconf 78' lang='lat' dir='ltr'><strong>sollicitudinibus</strong></span> <span class='ocrx_word' id='word_1_214' title='bbox 1477 2891 1707 2947; x_wconf 86' lang='lat' dir='ltr'><strong>terrenis</strong></span> <span class='ocrx_word' id='word_1_215' title='bbox 1751 2891 1806 2945; x_wconf 91' lang='lat' dir='ltr'><strong>in</strong></span> <span class='ocrx_word' id='word_1_216' title='bbox 1846 2892 1979 2947; x_wconf 91' lang='lat' dir='ltr'><strong>soli-</strong></span> 
     </span>
    </p>
   </div>
   <div class='ocr_carea' id='block_1_33' title="bbox 400 2987 1978 3062">
    <p class='ocr_par' dir='ltr' id='par_1_33' title="bbox 400 2987 1978 3062">
     <span class='ocr_line' id='line_1_33' title="bbox 400 2987 1978 3062; baseline -0.008 -8"><span class='ocrx_word' id='word_1_217' title='bbox 400 3000 634 3062; x_wconf 86' lang='lat' dir='ltr'><strong>tudines,</strong></span> <span class='ocrx_word' id='word_1_218' title='bbox 667 3005 770 3050; x_wconf 86' lang='lat' dir='ltr'><strong>ete</strong></span> <span class='ocrx_word' id='word_1_219' title='bbox 815 2991 966 3047; x_wconf 85' lang='lat' dir='ltr'><strong>sellis</strong></span> <span class='ocrx_word' id='word_1_220' title='bbox 1000 2988 1354 3060; x_wconf 71' lang='lat' dir='ltr'><strong>prazfectoriis</strong></span> <span class='ocrx_word' id='word_1_221' title='bbox 1385 2989 1438 3042; x_wconf 93' lang='lat' dir='ltr'><strong>in</strong></span> <span class='ocrx_word' id='word_1_222' title='bbox 1472 2987 1640 3041; x_wconf 91' lang='lat' dir='ltr'><strong>cellas</strong></span> <span class='ocrx_word' id='word_1_223' title='bbox 1673 2987 1978 3041; x_wconf 90' lang='lat' dir='ltr'><strong>eremiticas</strong></span> 
     </span>
    </p>
   </div>
   <div class='ocr_carea' id='block_1_34' title="bbox 400 3076 1980 3161">
    <p class='ocr_par' dir='ltr' id='par_1_34' title="bbox 400 3076 1980 3161">
     <span class='ocr_line' id='line_1_34' title="bbox 400 3076 1980 3161; baseline -0.009 -16"><span class='ocrx_word' id='word_1_224' title='bbox 400 3088 685 3161; x_wconf 83' lang='lat' dir='ltr'><strong>migrando</strong></span> <span class='ocrx_word' id='word_1_225' title='bbox 716 3098 882 3139; x_wconf 53' lang='lat' dir='ltr'><strong>acum</strong></span> <span class='ocrx_word' id='word_1_226' title='bbox 906 3082 996 3136; x_wconf 83' lang='lat' dir='ltr'><strong>alii</strong></span> <span class='ocrx_word' id='word_1_227' title='bbox 1027 3079 1272 3149; x_wconf 87' lang='lat' dir='ltr'><strong>Byzantii</strong></span> <span class='ocrx_word' id='word_1_228' title='bbox 1297 3094 1416 3134; x_wconf 90' lang='lat' dir='ltr'><strong>sese</strong></span> <span class='ocrx_word' id='word_1_229' title='bbox 1442 3077 1496 3131; x_wconf 91' lang='lat' dir='ltr'><strong>iu</strong></span> <span class='ocrx_word' id='word_1_230' title='bbox 1525 3091 1730 3130; x_wconf 88' lang='lat' dir='ltr'><strong>oceano</strong></span> <span class='ocrx_word' id='word_1_231' title='bbox 1762 3076 1980 3131; x_wconf 84' lang='lat' dir='ltr'><strong>delicia-</strong></span> 
     </span>
    </p>
   </div>
   <div class='ocr_carea' id='block_1_35' title="bbox 399 3168 1979 3244">
    <p class='ocr_par' dir='ltr' id='par_1_35' title="bbox 399 3168 1979 3244">
     <span class='ocr_line' id='line_1_35' title="bbox 399 3168 1979 3244; baseline -0.009 -8"><span class='ocrx_word' id='word_1_232' title='bbox 399 3198 521 3237; x_wconf 80' lang='lat' dir='ltr'><strong>rum</strong></span> <span class='ocrx_word' id='word_1_233' title='bbox 582 3187 637 3233; x_wconf 92' lang='lat' dir='ltr'><strong>et</strong></span> <span class='ocrx_word' id='word_1_234' title='bbox 666 3177 1002 3244; x_wconf 83' lang='lat' dir='ltr'><strong>voluptatum</strong></span> <span class='ocrx_word' id='word_1_235' title='bbox 1034 3170 1419 3237; x_wconf 76' lang='lat' dir='ltr'><strong>volutant,jilli</strong></span> <span class='ocrx_word' id='word_1_236' title='bbox 1451 3168 1765 3223; x_wconf 69' lang='lat' dir='ltr'><strong>coelestibus</strong></span> <span class='ocrx_word' id='word_1_237' title='bbox 1808 3170 1979 3222; x_wconf 90' lang='lat' dir='ltr'><strong>medi-</strong></span> 
     </span>
    </p>
   </div>
   <div class='ocr_carea' id='block_1_36' title="bbox 402 3259 1979 3331">
    <p class='ocr_par' dir='ltr' id='par_1_36' title="bbox 402 3259 1979 3331">
     <span class='ocr_line' id='line_1_36' title="bbox 402 3259 1979 3331; baseline -0.008 -4"><span class='ocrx_word' id='word_1_238' title='bbox 402 3270 701 3327; x_wconf 89' lang='lat' dir='ltr'><strong>tationibus</strong></span> <span class='ocrx_word' id='word_1_239' title='bbox 736 3266 862 3321; x_wconf 87' lang='lat' dir='ltr'><strong>elati</strong></span> <span class='ocrx_word' id='word_1_240' title='bbox 898 3264 1121 3317; x_wconf 89' lang='lat' dir='ltr'><strong>volitant</strong></span> <span class='ocrx_word' id='word_1_241' title='bbox 1155 3262 1222 3315; x_wconf 90' lang='lat' dir='ltr'><strong>ad</strong></span> <span class='ocrx_word' id='word_1_242' title='bbox 1274 3259 1619 3331; x_wconf 87' lang='lat' dir='ltr'><strong>paradisum;</strong></span> <span class='ocrx_word' id='word_1_243' title='bbox 1674 3259 1801 3313; x_wconf 91' lang='lat' dir='ltr'><strong>dum</strong></span> <span class='ocrx_word' id='word_1_244' title='bbox 1842 3260 1979 3315; x_wconf 90' lang='lat' dir='ltr'><strong>alios</strong></span> 
     </span>
    </p>
   </div>
   <div class='ocr_carea' id='block_1_37' title="bbox 401 3349 1978 3417">
    <p class='ocr_par' dir='ltr' id='par_1_37' title="bbox 401 3349 1978 3417">
     <span class='ocr_line' id='line_1_37' title="bbox 401 3349 1978 3417; baseline -0.009 0"><span class='ocrx_word' id='word_1_245' title='bbox 401 3363 593 3417; x_wconf 88' lang='lat' dir='ltr'><strong>molles</strong></span> <span class='ocrx_word' id='word_1_246' title='bbox 615 3359 740 3415; x_wconf 89' lang='lat' dir='ltr'><strong>lecti</strong></span> <span class='ocrx_word' id='word_1_247' title='bbox 781 3356 1126 3412; x_wconf 87' lang='lat' dir='ltr'><strong>lascivientes</strong></span> <span class='ocrx_word' id='word_1_248' title='bbox 1173 3352 1508 3415; x_wconf 90' lang='lat' dir='ltr'><strong>obvolvunt,</strong></span> <span class='ocrx_word' id='word_1_249' title='bbox 1540 3349 1660 3403; x_wconf 90' lang='lat' dir='ltr'><strong>illos</strong></span> <span class='ocrx_word' id='word_1_250' title='bbox 1695 3364 1978 3404; x_wconf 87' lang='lat' dir='ltr'><strong>sacrorum</strong></span> 
     </span>
    </p>
   </div>
   <div class='ocr_carea' id='block_1_38' title="bbox 401 3441 1980 3512">
    <p class='ocr_par' dir='ltr' id='par_1_38' title="bbox 401 3441 1980 3512">
     <span class='ocr_line' id='line_1_38' title="bbox 401 3441 1980 3512; baseline -0.011 0"><span class='ocrx_word' id='word_1_251' title='bbox 401 3458 663 3512; x_wconf 84' lang='lat' dir='ltr'><strong>librorum</strong></span> <span class='ocrx_word' id='word_1_252' title='bbox 686 3452 846 3507; x_wconf 90' lang='lat' dir='ltr'><strong>lectio</strong></span> <span class='ocrx_word' id='word_1_253' title='bbox 862 3446 1172 3510; x_wconf 83' lang='lat' dir='ltr'><strong>detinebat,</strong></span> <span class='ocrx_word' id='word_1_254' title='bbox 1199 3459 1298 3498; x_wconf 91' lang='lat' dir='ltr'><strong>nec</strong></span> <span class='ocrx_word' id='word_1_255' title='bbox 1318 3443 1386 3498; x_wconf 79' lang='lat' dir='ltr'><strong>ad</strong></span> <span class='ocrx_word' id='word_1_256' title='bbox 1404 3441 1738 3512; x_wconf 87' lang='lat' dir='ltr'><strong>episc0pales</strong></span> <span class='ocrx_word' id='word_1_257' title='bbox 1756 3442 1808 3494; x_wconf 92' lang='lat' dir='ltr'><strong>th</strong></span> <span class='ocrx_word' id='word_1_258' title='bbox 1818 3457 1980 3495; x_wconf 90' lang='lat' dir='ltr'><strong>rouos</strong></span> 
     </span>
    </p>
   </div>
   <div class='ocr_carea' id='block_1_39' title="bbox 402 3532 1979 3613">
    <p class='ocr_par' dir='ltr' id='par_1_39' title="bbox 402 3532 1979 3613">
     <span class='ocr_line' id='line_1_39' title="bbox 402 3532 1979 3613; baseline -0.011 -10"><span class='ocrx_word' id='word_1_259' title='bbox 402 3549 529 3604; x_wconf 89' lang='lat' dir='ltr'><strong>inde</strong></span> <span class='ocrx_word' id='word_1_260' title='bbox 565 3562 632 3601; x_wconf 92' lang='lat' dir='ltr'><strong>se.</strong></span> <span class='ocrx_word' id='word_1_261' title='bbox 656 3544 769 3613; x_wconf 89' lang='lat' dir='ltr'><strong>rapi</strong></span> <span class='ocrx_word' id='word_1_262' title='bbox 803 3540 1170 3611; x_wconf 87' lang='lat' dir='ltr'><strong>patiebantur,</strong></span> <span class='ocrx_word' id='word_1_263' title='bbox 1202 3537 1294 3592; x_wconf 88' lang='lat' dir='ltr'><strong>sed</strong></span> <span class='ocrx_word' id='word_1_264' title='bbox 1353 3535 1546 3589; x_wconf 89' lang='lat' dir='ltr'><strong>rastris</strong></span> <span class='ocrx_word' id='word_1_265' title='bbox 1575 3542 1630 3587; x_wconf 87' lang='lat' dir='ltr'><strong>et</strong></span> <span class='ocrx_word' id='word_1_266' title='bbox 1657 3533 1887 3587; x_wconf 89' lang='lat' dir='ltr'><strong>sarculis</strong></span> <span class='ocrx_word' id='word_1_267' title='bbox 1924 3532 1979 3585; x_wconf 92' lang='lat' dir='ltr'><strong>in</strong></span> 
     </span>
    </p>
   </div>
   <div class='ocr_carea' id='block_1_40' title="bbox 402 3623 1981 3695">
    <p class='ocr_par' dir='ltr' id='par_1_40' title="bbox 402 3623 1981 3695">
     <span class='ocr_line' id='line_1_40' title="bbox 402 3623 1981 3695; baseline -0.011 -1"><span class='ocrx_word' id='word_1_268' title='bbox 402 3636 713 3695; x_wconf 74' lang='lat' dir='ltr'><strong>excolendis</strong></span> <span class='ocrx_word' id='word_1_269' title='bbox 747 3631 977 3687; x_wconf 88' lang='lat' dir='ltr'><strong>hortulis</strong></span> <span class='ocrx_word' id='word_1_270' title='bbox 1008 3638 1210 3683; x_wconf 87' lang='lat' dir='ltr'><strong>terram</strong></span> <span class='ocrx_word' id='word_1_271' title='bbox 1241 3641 1525 3680; x_wconf 89' lang='lat' dir='ltr'><strong>areuosam</strong></span> <span class='ocrx_word' id='word_1_272' title='bbox 1561 3623 1898 3685; x_wconf 76' lang='lat' dir='ltr'><strong>eﬂ‘odientes,</strong></span> <span class='ocrx_word' id='word_1_273' title='bbox 1927 3631 1981 3677; x_wconf 87' lang='lat' dir='ltr'><strong>et</strong></span> 
     </span>
    </p>
   </div>
   <div class='ocr_carea' id='block_1_41' title="bbox 404 3714 1981 3795">
    <p class='ocr_par' dir='ltr' id='par_1_41' title="bbox 404 3714 1981 3795">
     <span class='ocr_line' id='line_1_41' title="bbox 404 3714 1981 3795; baseline -0.014 -9"><span class='ocrx_word' id='word_1_274' title='bbox 404 3739 584 3786; x_wconf 87' lang='lat' dir='ltr'><strong>rostra</strong></span> <span class='ocrx_word' id='word_1_275' title='bbox 622 3724 984 3795; x_wconf 86' lang='lat' dir='ltr'><strong>despicientes</strong></span> <span class='ocrx_word' id='word_1_276' title='bbox 1004 3717 1247 3773; x_wconf 88' lang='lat' dir='ltr'><strong>victricis</strong></span> <span class='ocrx_word' id='word_1_277' title='bbox 1270 3716 1468 3786; x_wconf 75' lang='lat' dir='ltr'><strong>linguae</strong></span> <span class='ocrx_word' id='word_1_278' title='bbox 1496 3714 1766 3783; x_wconf 91' lang='lat' dir='ltr'><strong>opulentis</strong></span> <span class='ocrx_word' id='word_1_279' title='bbox 1795 3727 1981 3782; x_wconf 83' lang='lat' dir='ltr'><strong>perso-</strong></span> 
     </span>
    </p>
   </div>
   <div class='ocr_carea' id='block_1_42' title="bbox 403 3802 1978 3878">
    <p class='ocr_par' dir='ltr' id='par_1_42' title="bbox 403 3802 1978 3878">
     <span class='ocr_line' id='line_1_42' title="bbox 403 3802 1978 3878; baseline -0.013 -2"><span class='ocrx_word' id='word_1_280' title='bbox 403 3820 586 3876; x_wconf 88' lang='lat' dir='ltr'><strong>nantia</strong></span> <span class='ocrx_word' id='word_1_281' title='bbox 616 3813 966 3876; x_wconf 86' lang='lat' dir='ltr'><strong>dictionibus,</strong></span> <span class='ocrx_word' id='word_1_282' title='bbox 991 3818 1243 3878; x_wconf 88' lang='lat' dir='ltr'><strong>astraque</strong></span> <span class='ocrx_word' id='word_1_283' title='bbox 1272 3802 1978 3875; x_wconf 88' lang='lat' dir='ltr'><strong>aspicientes,Conditorem</strong></span> 
     </span>
    </p>
   </div>
   <div class='ocr_carea' id='block_1_43' title="bbox 404 3890 1981 3965">
    <p class='ocr_par' dir='ltr' id='par_1_43' title="bbox 404 3890 1981 3965">
     <span class='ocr_line' id='line_1_43' title="bbox 404 3890 1981 3965; baseline -0.014 -1"><span class='ocrx_word' id='word_1_284' title='bbox 404 3921 595 3964; x_wconf 86' lang='lat' dir='ltr'><strong>eorum</strong></span> <span class='ocrx_word' id='word_1_285' title='bbox 623 3893 1350 3965; x_wconf 34' lang='lat' dir='ltr'><strong>dilaudabant.psalmodiis,</strong></span> <span class='ocrx_word' id='word_1_286' title='bbox 1399 3891 1620 3962; x_wconf 91' lang='lat' dir='ltr'><strong>hymnis</strong></span> <span class='ocrx_word' id='word_1_287' title='bbox 1677 3899 1732 3945; x_wconf 85' lang='lat' dir='ltr'><strong>et</strong></span> <span class='ocrx_word' id='word_1_288' title='bbox 1767 3890 1981 3944; x_wconf 86' lang='lat' dir='ltr'><strong>oratio-</strong></span> 
     </span>
    </p>
   </div>
   <div class='ocr_carea' id='block_1_44' title="bbox 406 3982 1983 4062">
    <p class='ocr_par' dir='ltr' id='par_1_44' title="bbox 406 3982 1983 4062">
     <span class='ocr_line' id='line_1_44' title="bbox 406 3982 1983 4062; baseline -0.012 -9"><span class='ocrx_word' id='word_1_289' title='bbox 406 4000 602 4058; x_wconf 90' lang='lat' dir='ltr'><strong>nibus,</strong></span> <span class='ocrx_word' id='word_1_290' title='bbox 636 3995 703 4048; x_wconf 91' lang='lat' dir='ltr'><strong>de</strong></span> <span class='ocrx_word' id='word_1_291' title='bbox 739 3992 940 4062; x_wconf 89' lang='lat' dir='ltr'><strong>quibus</strong></span> <span class='ocrx_word' id='word_1_292' title='bbox 974 3997 1083 4042; x_wconf 89' lang='lat' dir='ltr'><strong>tam</strong></span> <span class='ocrx_word' id='word_1_293' title='bbox 1121 3986 1306 4040; x_wconf 90' lang='lat' dir='ltr'><strong>utilem</strong></span> <span class='ocrx_word' id='word_1_294' title='bbox 1339 3992 1631 4038; x_wconf 88' lang='lat' dir='ltr'><strong>tractatum</strong></span> <span class='ocrx_word' id='word_1_295' title='bbox 1672 3982 1983 4051; x_wconf 84' lang='lat' dir='ltr'><strong>composuit</strong></span> 
     </span>
    </p>
   </div>
   <div class='ocr_carea' id='block_1_45' title="bbox 406 4071 1983 4142">
    <p class='ocr_par' dir='ltr' id='par_1_45' title="bbox 406 4071 1983 4142">
     <span class='ocr_line' id='line_1_45' title="bbox 406 4071 1983 4142; baseline -0.011 -1"><span class='ocrx_word' id='word_1_296' title='bbox 406 4086 583 4141; x_wconf 84' lang='lat' dir='ltr'><strong>Nilus.</strong></span> <span class='ocrx_word' id='word_1_297' title='bbox 607 4081 714 4136; x_wconf 88' lang='lat' dir='ltr'><strong>Nec</strong></span> <span class='ocrx_word' id='word_1_298' title='bbox 733 4081 877 4135; x_wconf 89' lang='lat' dir='ltr'><strong>enim</strong></span> <span class='ocrx_word' id='word_1_299' title='bbox 898 4077 1183 4141; x_wconf 88' lang='lat' dir='ltr'><strong>vilitatem,</strong></span> <span class='ocrx_word' id='word_1_300' title='bbox 1199 4083 1252 4128; x_wconf 93' lang='lat' dir='ltr'><strong>et</strong></span> <span class='ocrx_word' id='word_1_301' title='bbox 1267 4072 1632 4142; x_wconf 90' lang='lat' dir='ltr'><strong>asperitatem,</strong></span> <span class='ocrx_word' id='word_1_302' title='bbox 1654 4085 1718 4125; x_wconf 90' lang='lat' dir='ltr'><strong>ac</strong></span> <span class='ocrx_word' id='word_1_303' title='bbox 1744 4071 1983 4124; x_wconf 86' lang='lat' dir='ltr'><strong>illuviem</strong></span> 
     </span>
    </p>
   </div>
   <div class='ocr_carea' id='block_1_46' title="bbox 409 4162 1986 4239">
    <p class='ocr_par' dir='ltr' id='par_1_46' title="bbox 409 4162 1986 4239">
     <span class='ocr_line' id='line_1_46' title="bbox 409 4162 1986 4239; baseline -0.011 -10"><span class='ocrx_word' id='word_1_304' title='bbox 409 4177 663 4239; x_wconf 87' lang='lat' dir='ltr'><strong>vestium,</strong></span> <span class='ocrx_word' id='word_1_305' title='bbox 694 4170 993 4225; x_wconf 83' lang='lat' dir='ltr'><strong>nuditatem</strong></span> <span class='ocrx_word' id='word_1_306' title='bbox 1032 4168 1249 4238; x_wconf 88' lang='lat' dir='ltr'><strong>pedum,</strong></span> <span class='ocrx_word' id='word_1_307' title='bbox 1284 4180 1390 4235; x_wconf 89' lang='lat' dir='ltr'><strong>qua</strong></span> <span class='ocrx_word' id='word_1_308' title='bbox 1420 4163 1814 4219; x_wconf 70' lang='lat' dir='ltr'><strong>aemulabantur</strong></span> <span class='ocrx_word' id='word_1_309' title='bbox 1840 4162 1986 4232; x_wconf 81' lang='lat' dir='ltr'><strong>Any-</strong></span> 
     </span>
    </p>
   </div>
   <div class='ocr_carea' id='block_1_47' title="bbox 410 4254 1985 4338">
    <p class='ocr_par' dir='ltr' id='par_1_47' title="bbox 410 4254 1985 4338">
     <span class='ocr_line' id='line_1_47' title="bbox 410 4254 1985 4338; baseline -0.01 -17"><span class='ocrx_word' id='word_1_310' title='bbox 410 4268 644 4338; x_wconf 76' lang='lat' dir='ltr'><strong>punitas,</strong></span> <span class='ocrx_word' id='word_1_311' title='bbox 686 4263 738 4317; x_wconf 90' lang='lat' dir='ltr'><strong>id</strong></span> <span class='ocrx_word' id='word_1_312' title='bbox 764 4270 868 4328; x_wconf 90' lang='lat' dir='ltr'><strong>est,</strong></span> <span class='ocrx_word' id='word_1_313' title='bbox 893 4259 1247 4314; x_wconf 82' lang='lat' dir='ltr'><strong>Excalceatos</strong></span> <span class='ocrx_word' id='word_1_314' title='bbox 1278 4254 1753 4324; x_wconf 84' lang='lat' dir='ltr'><strong>Constantinopoli</strong></span> <span class='ocrx_word' id='word_1_315' title='bbox 1782 4254 1985 4323; x_wconf 85' lang='lat' dir='ltr'><strong>degen-</strong></span> 
     </span>
    </p>
   </div>
   <div class='ocr_carea' id='block_1_48' title="bbox 414 4345 2059 4430">
    <p class='ocr_par' dir='ltr' id='par_1_48' title="bbox 414 4345 2059 4430">
     <span class='ocr_line' id='line_1_48' title="bbox 414 4345 2059 4430; baseline -0.009 -18"><span class='ocrx_word' id='word_1_316' title='bbox 414 4370 495 4413; x_wconf 91' lang='lat' dir='ltr'><strong>tes</strong></span> <span class='ocrx_word' id='word_1_317' title='bbox 518 4358 570 4410; x_wconf 93' lang='lat' dir='ltr'><strong>in</strong></span> <span class='ocrx_word' id='word_1_318' title='bbox 604 4352 938 4409; x_wconf 89' lang='lat' dir='ltr'><strong>monasterio</strong></span> <span class='ocrx_word' id='word_1_319' title='bbox 960 4349 1142 4403; x_wconf 91' lang='lat' dir='ltr'><strong>Sancti</strong></span> <span class='ocrx_word' id='word_1_320' title='bbox 1164 4347 1459 4410; x_wconf 85' lang='lat' dir='ltr'><strong>Thalassii,</strong></span> <span class='ocrx_word' id='word_1_321' title='bbox 1487 4347 1643 4415; x_wconf 90' lang='lat' dir='ltr'><strong>cujus</strong></span> <span class='ocrx_word' id='word_1_322' title='bbox 1668 4345 1981 4399; x_wconf 83' lang='lat' dir='ltr'><strong>archiman-</strong></span> <span class='ocrx_word' id='word_1_323' title='bbox 2006 4377 2059 4430; x_wconf 51' lang='grc' dir='ltr'><strong>,υ</strong></span> 
     </span>
    </p>
   </div>
   <div class='ocr_carea' id='block_1_49' title="bbox 413 4436 1984 4516">
    <p class='ocr_par' dir='ltr' id='par_1_49' title="bbox 413 4436 1984 4516">
     <span class='ocr_line' id='line_1_49' title="bbox 413 4436 1984 4516; baseline -0.01 -12"><span class='ocrx_word' id='word_1_324' title='bbox 413 4450 582 4504; x_wconf 87' lang='lat' dir='ltr'><strong>drites</strong></span> <span class='ocrx_word' id='word_1_325' title='bbox 634 4445 914 4516; x_wconf 85' lang='lat' dir='ltr'><strong>presbyter</strong></span> <span class='ocrx_word' id='word_1_326' title='bbox 979 4441 1247 4512; x_wconf 89' lang='lat' dir='ltr'><strong>Diogenes</strong></span> <span class='ocrx_word' id='word_1_327' title='bbox 1297 4438 1626 4507; x_wconf 88' lang='lat' dir='ltr'><strong>subscripsit</strong></span> <span class='ocrx_word' id='word_1_328' title='bbox 1677 4436 1859 4490; x_wconf 91' lang='lat' dir='ltr'><strong>libello</strong></span> <span class='ocrx_word' id='word_1_329' title='bbox 1917 4436 1984 4489; x_wconf 91' lang='lat' dir='ltr'><strong>ad</strong></span> 
     </span>
    </p>
   </div>
   <div class='ocr_carea' id='block_1_50' title="bbox 410 4529 1987 4607">
    <p class='ocr_par' dir='ltr' id='par_1_50' title="bbox 410 4529 1987 4607">
     <span class='ocr_line' id='line_1_50' title="bbox 410 4529 1987 4607; baseline -0.01 -12"><span class='ocrx_word' id='word_1_330' title='bbox 410 4541 673 4595; x_wconf 87' lang='lat' dir='ltr'><strong>Joannem</strong></span> <span class='ocrx_word' id='word_1_331' title='bbox 707 4535 1090 4607; x_wconf 86' lang='lat' dir='ltr'><strong>patriarcham,</strong></span> <span class='ocrx_word' id='word_1_332' title='bbox 1124 4540 1230 4587; x_wconf 89' lang='lat' dir='ltr'><strong>act.</strong></span> <span class='ocrx_word' id='word_1_333' title='bbox 1264 4547 1279 4585; x_wconf 85' lang='grc' dir='ltr'>ι</span> <span class='ocrx_word' id='word_1_334' title='bbox 1310 4530 1509 4585; x_wconf 91' lang='lat' dir='ltr'><strong>concil.</strong></span> <span class='ocrx_word' id='word_1_335' title='bbox 1537 4545 1590 4592; x_wconf 93' lang='lat' dir='ltr'><strong>v,</strong></span> <span class='ocrx_word' id='word_1_336' title='bbox 1623 4545 1673 4597; x_wconf 90' lang='lat' dir='ltr'><strong>p.</strong></span> <span class='ocrx_word' id='word_1_337' title='bbox 1714 4529 1805 4591; x_wconf 58' lang='grc' dir='ltr'><strong>ΞΟ,</strong></span> <span class='ocrx_word' id='word_1_338' title='bbox 1833 4529 1987 4581; x_wconf 87' lang='lat' dir='ltr'><strong>obla-</strong></span> 
     </span>
    </p>
   </div>
   <div class='ocr_carea' id='block_1_51' title="bbox 412 4619 1991 4701">
    <p class='ocr_par' dir='ltr' id='par_1_51' title="bbox 412 4619 1991 4701">
     <span class='ocr_line' id='line_1_51' title="bbox 412 4619 1991 4701; baseline -0.009 -14"><span class='ocrx_word' id='word_1_339' title='bbox 412 4642 501 4697; x_wconf 92' lang='lat' dir='ltr'><strong>to;</strong></span> <span class='ocrx_word' id='word_1_340' title='bbox 539 4630 771 4701; x_wconf 84' lang='lat' dir='ltr'><strong>vigilias,</strong></span> <span class='ocrx_word' id='word_1_341' title='bbox 828 4626 1029 4696; x_wconf 91' lang='lat' dir='ltr'><strong>quibus</strong></span> <span class='ocrx_word' id='word_1_342' title='bbox 1076 4625 1482 4678; x_wconf 83' lang='lat' dir='ltr'><strong>Acoemetenses</strong></span> <span class='ocrx_word' id='word_1_343' title='bbox 1520 4619 1991 4688; x_wconf 78' lang='lat' dir='ltr'><strong>Constantinopoli</strong></span> 
     </span>
    </p>
   </div>
   <div class='ocr_carea' id='block_1_52' title="bbox 411 4708 1995 4793">
    <p class='ocr_par' dir='ltr' id='par_1_52' title="bbox 411 4708 1995 4793">
     <span class='ocr_line' id='line_1_52' title="bbox 411 4708 1995 4793; baseline -0.011 -18"><span class='ocrx_word' id='word_1_344' title='bbox 411 4735 633 4793; x_wconf 85' lang='lat' dir='ltr'><strong>quoque</strong></span> <span class='ocrx_word' id='word_1_345' title='bbox 644 4719 981 4773; x_wconf 89' lang='lat' dir='ltr'><strong>diversantes</strong></span> <span class='ocrx_word' id='word_1_346' title='bbox 997 4712 1419 4781; x_wconf 79' lang='lat' dir='ltr'><strong>exsuperahant,</strong></span> <span class='ocrx_word' id='word_1_347' title='bbox 1440 4710 1686 4778; x_wconf 85' lang='lat' dir='ltr'><strong>eloquar,</strong></span> <span class='ocrx_word' id='word_1_348' title='bbox 1710 4710 1903 4769; x_wconf 89' lang='lat' dir='ltr'><strong>luctus,</strong></span> <span class='ocrx_word' id='word_1_349' title='bbox 1924 4708 1995 4759; x_wconf 56' lang='lat' dir='ltr'><strong>la-</strong></span> 
     </span>
    </p>
   </div>
   <div class='ocr_carea' id='block_1_53' title="bbox 413 4798 1996 4883">
    <p class='ocr_par' dir='ltr' id='par_1_53' title="bbox 413 4798 1996 4883">
     <span class='ocr_line' id='line_1_53' title="bbox 413 4798 1996 4883; baseline -0.012 -15"><span class='ocrx_word' id='word_1_350' title='bbox 413 4827 649 4883; x_wconf 81' lang='lat' dir='ltr'><strong>crymas,</strong></span> <span class='ocrx_word' id='word_1_351' title='bbox 666 4809 919 4879; x_wconf 71' lang='lat' dir='ltr'><strong>suspiria,</strong></span> <span class='ocrx_word' id='word_1_352' title='bbox 936 4807 1203 4876; x_wconf 90' lang='lat' dir='ltr'><strong>planctus,</strong></span> <span class='ocrx_word' id='word_1_353' title='bbox 1219 4813 1272 4857; x_wconf 90' lang='lat' dir='ltr'><strong>et</strong></span> <span class='ocrx_word' id='word_1_354' title='bbox 1287 4802 1517 4870; x_wconf 84' lang='lat' dir='ltr'><strong>ﬂagella.</strong></span> <span class='ocrx_word' id='word_1_355' title='bbox 1536 4801 1735 4870; x_wconf 90' lang='lat' dir='ltr'><strong>quibus</strong></span> <span class='ocrx_word' id='word_1_356' title='bbox 1746 4798 1996 4851; x_wconf 79' lang='grc' dir='ltr'><strong>ὑπωπιά-</strong></span> 
     </span>
    </p>
   </div>
   <div class='ocr_carea' id='block_1_54' title="bbox 414 4887 1993 4971">
    <p class='ocr_par' dir='ltr' id='par_1_54' title="bbox 414 4887 1993 4971">
     <span class='ocr_line' id='line_1_54' title="bbox 414 4887 1993 4971; baseline -0.011 -14"><span class='ocrx_word' id='word_1_357' title='bbox 414 4908 565 4971; x_wconf 62' lang='lat' dir='ltr'><strong>{erat</strong></span> <span class='ocrx_word' id='word_1_358' title='bbox 595 4900 753 4971; x_wconf 84' lang='grc' dir='ltr'>σῶμα</span> <span class='ocrx_word' id='word_1_359' title='bbox 786 4902 879 4952; x_wconf 71' lang='grc' dir='ltr'>καὶ</span> <span class='ocrx_word' id='word_1_360' title='bbox 901 4896 1348 4962; x_wconf 79' lang='grc' dir='ltr'>δουλαγωγεῖται,</span> <span class='ocrx_word' id='word_1_361' title='bbox 1376 4892 1451 4944; x_wconf 93' lang='lat' dir='ltr'><strong>uti</strong></span> <span class='ocrx_word' id='word_1_362' title='bbox 1482 4888 1683 4943; x_wconf 84' lang='lat' dir='ltr'><strong>Paulus</strong></span> <span class='ocrx_word' id='word_1_363' title='bbox 1718 4887 1885 4942; x_wconf 87' lang='lat' dir='ltr'><strong>lCor.</strong></span> <span class='ocrx_word' id='word_1_364' title='bbox 1915 4903 1993 4951; x_wconf 80' lang='lat' dir='ltr'><strong>ix,</strong></span> 
     </span>
    </p>
   </div>
   <div class='ocr_carea' id='block_1_55' title="bbox 413 4982 1995 5062">
    <p class='ocr_par' dir='ltr' id='par_1_55' title="bbox 413 4982 1995 5062">
     <span class='ocr_line' id='line_1_55' title="bbox 413 4982 1995 5062; baseline -0.013 -9"><span class='ocrx_word' id='word_1_365' title='bbox 413 4998 503 5062; x_wconf 76' lang='grc'><strong>27,</strong></span> <span class='ocrx_word' id='word_1_366' title='bbox 542 4996 590 5049; x_wconf 90' lang='lat' dir='ltr'><strong>id</strong></span> <span class='ocrx_word' id='word_1_367' title='bbox 618 5004 718 5059; x_wconf 88' lang='lat' dir='ltr'><strong>est,</strong></span> <span class='ocrx_word' id='word_1_368' title='bbox 752 4992 969 5045; x_wconf 80' lang='lat' dir='ltr'><strong>lividum</strong></span> <span class='ocrx_word' id='word_1_369' title='bbox 992 4989 1051 5055; x_wconf 84' lang='lat' dir='ltr'><strong>[it</strong></span> <span class='ocrx_word' id='word_1_370' title='bbox 1083 5002 1273 5056; x_wconf 79' lang='lat' dir='ltr'><strong>corpus</strong></span> <span class='ocrx_word' id='word_1_371' title='bbox 1302 4994 1351 5038; x_wconf 88' lang='lat' dir='ltr'><strong>et</strong></span> <span class='ocrx_word' id='word_1_372' title='bbox 1380 4986 1433 5037; x_wconf 89' lang='lat' dir='ltr'><strong>in</strong></span> <span class='ocrx_word' id='word_1_373' title='bbox 1463 4984 1765 5037; x_wconf 73' lang='lat' dir='ltr'><strong>servitutem</strong></span> <span class='ocrx_word' id='word_1_374' title='bbox 1797 4982 1995 5051; x_wconf 83' lang='lat' dir='ltr'><strong>redigi-</strong></span> 
     </span>
    </p>
   </div>
   <div class='ocr_carea' id='block_1_56' title="bbox 416 5073 1995 5157">
    <p class='ocr_par' dir='ltr' id='par_1_56' title="bbox 416 5073 1995 5157">
     <span class='ocr_line' id='line_1_56' title="bbox 416 5073 1995 5157; baseline -0.013 -12"><span class='ocrx_word' id='word_1_375' title='bbox 416 5103 523 5153; x_wconf 88' lang='lat' dir='ltr'><strong>tur,</strong></span> <span class='ocrx_word' id='word_1_376' title='bbox 567 5086 928 5146; x_wconf 75' lang='lat' dir='ltr'><strong>chamzeunia,</strong></span> <span class='ocrx_word' id='word_1_377' title='bbox 965 5084 1016 5137; x_wconf 90' lang='lat' dir='ltr'><strong>id</strong></span> <span class='ocrx_word' id='word_1_378' title='bbox 1047 5092 1150 5157; x_wconf 87' lang='lat' dir='ltr'><strong>est,</strong></span> <span class='ocrx_word' id='word_1_379' title='bbox 1200 5079 1487 5134; x_wconf 86' lang='lat' dir='ltr'><strong>decubitus</strong></span> <span class='ocrx_word' id='word_1_380' title='bbox 1535 5076 1706 5137; x_wconf 86' lang='lat' dir='ltr'><strong>humi,</strong></span> <span class='ocrx_word' id='word_1_381' title='bbox 1755 5073 1995 5144; x_wconf 82' lang='lat' dir='ltr'><strong>genuﬂe-</strong></span> 
     </span>
    </p>
   </div>
   <div class='ocr_carea' id='block_1_57' title="bbox 416 5167 1995 5247">
    <p class='ocr_par' dir='ltr' id='par_1_57' title="bbox 416 5167 1995 5247">
     <span class='ocr_line' id='line_1_57' title="bbox 416 5167 1995 5247; baseline -0.012 -9"><span class='ocrx_word' id='word_1_382' title='bbox 416 5184 648 5247; x_wconf 73' lang='lat' dir='ltr'><strong>xiones;</strong></span> <span class='ocrx_word' id='word_1_383' title='bbox 685 5176 1047 5247; x_wconf 82' lang='grc' dir='ltr'>γονυκλίσεις,</span> <span class='ocrx_word' id='word_1_384' title='bbox 1097 5172 1405 5244; x_wconf 82' lang='grc' dir='ltr'><strong>μετανοίας,</strong></span> <span class='ocrx_word' id='word_1_385' title='bbox 1446 5185 1542 5224; x_wconf 90' lang='lat' dir='ltr'><strong>seu</strong></span> <span class='ocrx_word' id='word_1_386' title='bbox 1566 5167 1995 5237; x_wconf 22' lang='lat' dir='ltr'><strong>.prostrationes,</strong></span> 
     </span>
    </p>
   </div>
   <div class='ocr_carea' id='block_1_58' title="bbox 418 5259 2000 5343">
    <p class='ocr_par' dir='ltr' id='par_1_58' title="bbox 418 5259 2000 5343">
     <span class='ocr_line' id='line_1_58' title="bbox 418 5259 2000 5343; baseline -0.011 -15"><span class='ocrx_word' id='word_1_387' title='bbox 418 5290 484 5328; x_wconf 90' lang='lat' dir='ltr'><strong>ac</strong></span> <span class='ocrx_word' id='word_1_388' title='bbox 507 5274 742 5343; x_wconf 85' lang='lat' dir='ltr'><strong>denique</strong></span> <span class='ocrx_word' id='word_1_389' title='bbox 789 5269 1026 5334; x_wconf 88' lang='lat' dir='ltr'><strong>silentia,</strong></span> <span class='ocrx_word' id='word_1_390' title='bbox 1080 5275 1134 5321; x_wconf 91' lang='lat' dir='ltr'><strong>et</strong></span> <span class='ocrx_word' id='word_1_391' title='bbox 1175 5263 1404 5334; x_wconf 80' lang='lat' dir='ltr'><strong>jejunia,</strong></span> <span class='ocrx_word' id='word_1_392' title='bbox 1452 5259 1835 5329; x_wconf 79' lang='lat' dir='ltr'><strong>xerophagias,</strong></span> <span class='ocrx_word' id='word_1_393' title='bbox 1884 5259 2000 5312; x_wconf 89' lang='lat' dir='ltr'><strong>sive</strong></span> 
     </span>
    </p>
   </div>
   <div class='ocr_carea' id='block_1_59' title="bbox 420 5349 2000 5429">
    <p class='ocr_par' dir='ltr' id='par_1_59' title="bbox 420 5349 2000 5429">
     <span class='ocr_line' id='line_1_59' title="bbox 420 5349 2000 5429; baseline -0.011 -11"><span class='ocrx_word' id='word_1_394' title='bbox 420 5365 605 5419; x_wconf 90' lang='lat' dir='ltr'><strong>aridas</strong></span> <span class='ocrx_word' id='word_1_395' title='bbox 681 5377 838 5417; x_wconf 89' lang='lat' dir='ltr'><strong>escas</strong></span> <span class='ocrx_word' id='word_1_396' title='bbox 892 5370 1057 5429; x_wconf 86' lang='lat' dir='ltr'><strong>atque</strong></span> <span class='ocrx_word' id='word_1_397' title='bbox 1108 5357 1369 5411; x_wconf 87' lang='lat' dir='ltr'><strong>siccatas.</strong></span> <span class='ocrx_word' id='word_1_398' title='bbox 1447 5353 1677 5418; x_wconf 84' lang='lat' dir='ltr'><strong>Quando</strong></span> <span class='ocrx_word' id='word_1_399' title='bbox 1738 5352 1854 5419; x_wconf 88' lang='lat' dir='ltr'><strong>ipse</strong></span> <span class='ocrx_word' id='word_1_400' title='bbox 1905 5349 2000 5401; x_wconf 81' lang='lat' dir='ltr'><strong>Ni-</strong></span> 
     </span>
    </p>
   </div>
   <div class='ocr_carea' id='block_1_60' title="bbox 422 5440 1999 5523">
    <p class='ocr_par' dir='ltr' id='par_1_60' title="bbox 422 5440 1999 5523">
     <span class='ocr_line' id='line_1_60' title="bbox 422 5440 1999 5523; baseline -0.011 -12"><span class='ocrx_word' id='word_1_401' title='bbox 422 5457 509 5511; x_wconf 89' lang='lat' dir='ltr'><strong>lus</strong></span> <span class='ocrx_word' id='word_1_402' title='bbox 547 5455 752 5516; x_wconf 85' lang='lat' dir='ltr'><strong>tacuit,</strong></span> <span class='ocrx_word' id='word_1_403' title='bbox 792 5468 893 5523; x_wconf 87' lang='lat' dir='ltr'><strong>ego</strong></span> <span class='ocrx_word' id='word_1_404' title='bbox 951 5464 1171 5521; x_wconf 89' lang='lat' dir='ltr'><strong>quoque</strong></span> <span class='ocrx_word' id='word_1_405' title='bbox 1216 5445 1522 5516; x_wconf 68' lang='lat' dir='ltr'><strong>praeteribo.</strong></span> <span class='ocrx_word' id='word_1_406' title='bbox 1580 5441 1856 5513; x_wconf 82' lang='grc' dir='ltr'>Ἀνεμώνη</span> <span class='ocrx_word' id='word_1_407' title='bbox 1902 5440 1999 5494; x_wconf 87' lang='lat' dir='ltr'><strong>llos</strong></span> 
     </span>
    </p>
   </div>
   <div class='ocr_carea' id='block_1_61' title="bbox 425 5531 1997 5615">
    <p class='ocr_par' dir='ltr' id='par_1_61' title="bbox 425 5531 1997 5615">
     <span class='ocr_line' id='line_1_61' title="bbox 425 5531 1997 5615; baseline -0.011 -16"><span class='ocrx_word' id='word_1_408' title='bbox 425 5555 511 5599; x_wconf 89' lang='lat' dir='ltr'><strong>est</strong></span> <span class='ocrx_word' id='word_1_409' title='bbox 540 5545 633 5615; x_wconf 87' lang='lat' dir='ltr'><strong>qui</strong></span> <span class='ocrx_word' id='word_1_410' title='bbox 674 5553 831 5598; x_wconf 89' lang='lat' dir='ltr'><strong>vento</strong></span> <span class='ocrx_word' id='word_1_411' title='bbox 876 5541 1134 5611; x_wconf 85' lang='lat' dir='ltr'><strong>aperitur,</strong></span> <span class='ocrx_word' id='word_1_412' title='bbox 1167 5538 1309 5606; x_wconf 86' lang='lat' dir='ltr'><strong>apud</strong></span> <span class='ocrx_word' id='word_1_413' title='bbox 1336 5535 1739 5597; x_wconf 81' lang='lat' dir='ltr'><strong>Dioscuridem;</strong></span> <span class='ocrx_word' id='word_1_414' title='bbox 1774 5531 1997 5602; x_wconf 82' lang='lat' dir='ltr'><strong>symbo-</strong></span> 
     </span>
    </p>
   </div>
   <div class='ocr_carea' id='block_1_62' title="bbox 426 5621 1992 5690">
    <p class='ocr_par' dir='ltr' id='par_1_62' title="bbox 426 5621 1992 5690">
     <span class='ocr_line' id='line_1_62' title="bbox 426 5621 1992 5690; baseline -0.013 0"><span class='ocrx_word' id='word_1_415' title='bbox 426 5634 539 5690; x_wconf 87' lang='lat' dir='ltr'><strong>lum</strong></span> <span class='ocrx_word' id='word_1_416' title='bbox 568 5647 689 5689; x_wconf 79' lang='lat' dir='ltr'><strong>esse</strong></span> <span class='ocrx_word' id='word_1_417' title='bbox 714 5631 969 5686; x_wconf 83' lang='lat' dir='ltr'><strong>vanitatis</strong></span> <span class='ocrx_word' id='word_1_418' title='bbox 1019 5627 1291 5681; x_wconf 82' lang='lat' dir='ltr'><strong>Lucianus</strong></span> <span class='ocrx_word' id='word_1_419' title='bbox 1330 5639 1453 5678; x_wconf 89' lang='lat' dir='ltr'><strong>cum</strong></span> <span class='ocrx_word' id='word_1_420' title='bbox 1486 5624 1671 5677; x_wconf 86' lang='lat' dir='ltr'><strong>llorcm</strong></span> <span class='ocrx_word' id='word_1_421' title='bbox 1712 5621 1948 5674; x_wconf 86' lang='lat' dir='ltr'><strong>aflirmat</strong></span> <span class='ocrx_word' id='word_1_422' title='bbox 1978 5635 1992 5670; x_wconf 74' lang='grc' dir='ltr'>ς</span> 
     </span>
    </p>
   </div>
   <div class='ocr_carea' id='block_1_63' title="bbox 2075 444 3681 515">
    <p class='ocr_par' dir='ltr' id='par_1_63' title="bbox 2075 444 3681 515">
     <span class='ocr_line' id='line_1_63' title="bbox 2075 444 3681 515; baseline -0.001 -18"><span class='ocrx_word' id='word_1_423' title='bbox 2075 445 2288 499; x_wconf 85' lang='lat' dir='ltr'><strong>laudata</strong></span> <span class='ocrx_word' id='word_1_424' title='bbox 2324 446 2542 509; x_wconf 88' lang='lat' dir='ltr'><strong>crescit,</strong></span> <span class='ocrx_word' id='word_1_425' title='bbox 2574 446 2856 515; x_wconf 82' lang='lat' dir='ltr'><strong>gloriaque</strong></span> <span class='ocrx_word' id='word_1_426' title='bbox 2885 444 3042 498; x_wconf 89' lang='lat' dir='ltr'><strong>habet</strong></span> <span class='ocrx_word' id='word_1_427' title='bbox 3078 444 3416 498; x_wconf 83' lang='lat' dir='ltr'><strong>immensum</strong></span> <span class='ocrx_word' id='word_1_428' title='bbox 3449 448 3681 507; x_wconf 80' lang='lat' dir='ltr'><strong>calcar,</strong></span> 
     </span>
    </p>
   </div>
   <div class='ocr_carea' id='block_1_64' title="bbox 2072 536 3681 604">
    <p class='ocr_par' dir='ltr' id='par_1_64' title="bbox 2072 536 3681 604">
     <span class='ocr_line' id='line_1_64' title="bbox 2072 536 3681 604; baseline -0.002 -14"><span class='ocrx_word' id='word_1_429' title='bbox 2072 547 2132 590; x_wconf 91' lang='lat' dir='ltr'><strong>ut</strong></span> <span class='ocrx_word' id='word_1_430' title='bbox 2157 537 2245 589; x_wconf 80' lang='lat' dir='ltr'><strong>illo</strong></span> <span class='ocrx_word' id='word_1_431' title='bbox 2276 538 2496 601; x_wconf 83' lang='lat' dir='ltr'><strong>cecinit,</strong></span> <span class='ocrx_word' id='word_1_432' title='bbox 2526 552 2626 591; x_wconf 90' lang='lat' dir='ltr'><strong>nec</strong></span> <span class='ocrx_word' id='word_1_433' title='bbox 2649 538 2757 590; x_wconf 88' lang='lat' dir='ltr'><strong>ulla</strong></span> <span class='ocrx_word' id='word_1_434' title='bbox 2783 546 2865 590; x_wconf 90' lang='lat' dir='ltr'><strong>est</strong></span> <span class='ocrx_word' id='word_1_435' title='bbox 2896 542 3045 589; x_wconf 88' lang='lat' dir='ltr'><strong>tanta</strong></span> <span class='ocrx_word' id='word_1_436' title='bbox 3071 536 3383 599; x_wconf 89' lang='lat' dir='ltr'><strong>humilitas,</strong></span> <span class='ocrx_word' id='word_1_437' title='bbox 3407 552 3531 604; x_wconf 65' lang='lat' dir='ltr'><strong>qua:</strong></span> <span class='ocrx_word' id='word_1_438' title='bbox 3562 551 3681 588; x_wconf 84' lang='lat' dir='ltr'><strong>non</strong></span> 
     </span>
    </p>
   </div>
   <div class='ocr_carea' id='block_1_65' title="bbox 2071 626 3683 700">
    <p class='ocr_par' dir='ltr' id='par_1_65' title="bbox 2071 626 3683 700">
     <span class='ocr_line' id='line_1_65' title="bbox 2071 626 3683 700; baseline -0.002 -17"><span class='ocrx_word' id='word_1_439' title='bbox 2071 639 2327 700; x_wconf 84' lang='lat' dir='ltr'><strong>tangatur</strong></span> <span class='ocrx_word' id='word_1_440' title='bbox 2379 629 2567 699; x_wconf 62' lang='lat' dir='ltr'><strong>gloriae</strong></span> <span class='ocrx_word' id='word_1_441' title='bbox 2621 628 2931 690; x_wconf 85' lang='lat' dir='ltr'><strong>dulcedine,</strong></span> <span class='ocrx_word' id='word_1_442' title='bbox 2976 627 3131 696; x_wconf 85' lang='lat' dir='ltr'><strong>juxta</strong></span> <span class='ocrx_word' id='word_1_443' title='bbox 3179 626 3466 691; x_wconf 80' lang='lat' dir='ltr'><strong>Valerium</strong></span> <span class='ocrx_word' id='word_1_444' title='bbox 3522 626 3683 679; x_wconf 75' lang='lat' dir='ltr'><strong>Max.</strong></span> 
     </span>
    </p>
   </div>
   <div class='ocr_carea' id='block_1_66' title="bbox 2071 716 3681 786">
    <p class='ocr_par' dir='ltr' id='par_1_66' title="bbox 2071 716 3681 786">
     <span class='ocr_line' id='line_1_66' title="bbox 2071 716 3681 786; baseline -0.005 -12"><span class='ocrx_word' id='word_1_445' title='bbox 2071 720 2171 774; x_wconf 91' lang='lat' dir='ltr'><strong>lib.</strong></span> <span class='ocrx_word' id='word_1_446' title='bbox 2230 734 2352 784; x_wconf 82' lang='lat' dir='ltr'><strong>\‘lll,</strong></span> <span class='ocrx_word' id='word_1_447' title='bbox 2422 734 2545 786; x_wconf 88' lang='lat' dir='ltr'><strong>cap.</strong></span> <span class='ocrx_word' id='word_1_448' title='bbox 2600 717 2687 773; x_wconf 73' lang='grc'><strong>14.</strong></span> <span class='ocrx_word' id='word_1_449' title='bbox 2731 716 3121 773; x_wconf 89' lang='lat' dir='ltr'><strong>Themistoclis</strong></span> <span class='ocrx_word' id='word_1_450' title='bbox 3168 716 3401 769; x_wconf 83' lang='lat' dir='ltr'><strong>auribus</strong></span> <span class='ocrx_word' id='word_1_451' title='bbox 3454 716 3681 768; x_wconf 85' lang='lat' dir='ltr'><strong>nullum</strong></span> 
     </span>
    </p>
   </div>
   <div class='ocr_carea' id='block_1_67' title="bbox 2071 809 3686 879">
    <p class='ocr_par' dir='ltr' id='par_1_67' title="bbox 2071 809 3686 879">
     <span class='ocr_line' id='line_1_67' title="bbox 2071 809 3686 879; baseline -0.009 -5"><span class='ocrx_word' id='word_1_452' title='bbox 2071 834 2322 875; x_wconf 88' lang='lat' dir='ltr'><strong>acroama</strong></span> <span class='ocrx_word' id='word_1_453' title='bbox 2370 815 2630 870; x_wconf 88' lang='lat' dir='ltr'><strong>libentius</strong></span> <span class='ocrx_word' id='word_1_454' title='bbox 2670 812 3063 876; x_wconf 86' lang='lat' dir='ltr'><strong>excipiebatur,</strong></span> <span class='ocrx_word' id='word_1_455' title='bbox 3109 825 3271 879; x_wconf 86' lang='lat' dir='ltr'><strong>quam</strong></span> <span class='ocrx_word' id='word_1_456' title='bbox 3334 809 3502 873; x_wconf 91' lang='lat' dir='ltr'><strong>illud,</strong></span> <span class='ocrx_word' id='word_1_457' title='bbox 3564 822 3686 874; x_wconf 86' lang='lat' dir='ltr'><strong>quo</strong></span> 
     </span>
    </p>
   </div>
   <div class='ocr_carea' id='block_1_68' title="bbox 2072 897 3688 971">
    <p class='ocr_par' dir='ltr' id='par_1_68' title="bbox 2072 897 3688 971">
     <span class='ocr_line' id='line_1_68' title="bbox 2072 897 3688 971; baseline -0.009 -8"><span class='ocrx_word' id='word_1_458' title='bbox 2072 910 2220 963; x_wconf 90' lang='lat' dir='ltr'><strong>illius</strong></span> <span class='ocrx_word' id='word_1_459' title='bbox 2257 905 2667 961; x_wconf 86' lang='lat' dir='ltr'><strong>celebrabantur</strong></span> <span class='ocrx_word' id='word_1_460' title='bbox 2706 901 2921 971; x_wconf 88' lang='lat' dir='ltr'><strong>egregia</strong></span> <span class='ocrx_word' id='word_1_461' title='bbox 2965 898 3231 953; x_wconf 81' lang='lat' dir='ltr'><strong>facinora.</strong></span> <span class='ocrx_word' id='word_1_462' title='bbox 3261 897 3514 952; x_wconf 78' lang='lat' dir='ltr'><strong>Joannes</strong></span> <span class='ocrx_word' id='word_1_463' title='bbox 3556 898 3688 966; x_wconf 81' lang='lat' dir='ltr'><strong>ipse</strong></span> 
     </span>
    </p>
   </div>
   <div class='ocr_carea' id='block_1_69' title="bbox 2070 990 3689 1067">
    <p class='ocr_par' dir='ltr' id='par_1_69' title="bbox 2070 990 3689 1067">
     <span class='ocr_line' id='line_1_69' title="bbox 2070 990 3689 1067; baseline -0.009 -13"><span class='ocrx_word' id='word_1_464' title='bbox 2070 997 2212 1054; x_wconf 75' lang='lat' dir='ltr'><strong>XXII</strong></span> <span class='ocrx_word' id='word_1_465' title='bbox 2248 1012 2382 1067; x_wconf 89' lang='lat' dir='ltr'><strong>papa</strong></span> <span class='ocrx_word' id='word_1_466' title='bbox 2405 994 2587 1050; x_wconf 85' lang='lat' dir='ltr'><strong>fassus</strong></span> <span class='ocrx_word' id='word_1_467' title='bbox 2615 1003 2701 1048; x_wconf 91' lang='lat' dir='ltr'><strong>est</strong></span> <span class='ocrx_word' id='word_1_468' title='bbox 2734 1008 2794 1045; x_wconf 89' lang='lat' dir='ltr'><strong>se</strong></span> <span class='ocrx_word' id='word_1_469' title='bbox 2820 990 3121 1054; x_wconf 87' lang='lat' dir='ltr'><strong>blanditiis,</strong></span> <span class='ocrx_word' id='word_1_470' title='bbox 3144 990 3304 1059; x_wconf 76' lang='lat'><strong>661</strong></span> <span class='ocrx_word' id='word_1_471' title='bbox 3340 1004 3487 1056; x_wconf 89' lang='lat' dir='ltr'><strong>quas</strong></span> <span class='ocrx_word' id='word_1_472' title='bbox 3516 1003 3689 1040; x_wconf 72' lang='lat' dir='ltr'><strong>aver-</strong></span> 
     </span>
    </p>
   </div>
   <div class='ocr_carea' id='block_1_70' title="bbox 2072 1078 3683 1154">
    <p class='ocr_par' dir='ltr' id='par_1_70' title="bbox 2072 1078 3683 1154">
     <span class='ocr_line' id='line_1_70' title="bbox 2072 1078 3683 1154; baseline -0.011 -6"><span class='ocrx_word' id='word_1_473' title='bbox 2072 1093 2316 1154; x_wconf 86' lang='lat' dir='ltr'><strong>sabatur,</strong></span> <span class='ocrx_word' id='word_1_474' title='bbox 2355 1086 2714 1143; x_wconf 90' lang='lat' dir='ltr'><strong>nihilominus</strong></span> <span class='ocrx_word' id='word_1_475' title='bbox 2746 1080 3069 1145; x_wconf 89' lang='lat' dir='ltr'><strong>demulceri,</strong></span> <span class='ocrx_word' id='word_1_476' title='bbox 3100 1088 3155 1135; x_wconf 90' lang='lat' dir='ltr'><strong>et</strong></span> <span class='ocrx_word' id='word_1_477' title='bbox 3188 1079 3473 1134; x_wconf 89' lang='lat' dir='ltr'><strong>interdum</strong></span> <span class='ocrx_word' id='word_1_478' title='bbox 3514 1078 3683 1147; x_wconf 87' lang='lat' dir='ltr'><strong>capi;</strong></span> 
     </span>
    </p>
   </div>
   <div class='ocr_carea' id='block_1_71' title="bbox 1990 1168 3688 1257">
    <p class='ocr_par' dir='ltr' id='par_1_71' title="bbox 1990 1168 3688 1257">
     <span class='ocr_line' id='line_1_71' title="bbox 1990 1168 3688 1257; baseline -0.015 -13"><span class='ocrx_word' id='word_1_479' title='bbox 1990 1226 2003 1231; x_wconf 68' lang='grc' dir='ltr'>ι</span> <span class='ocrx_word' id='word_1_480' title='bbox 2070 1190 2269 1257; x_wconf 54' lang='lat' dir='ltr'><strong>sapius</strong></span> <span class='ocrx_word' id='word_1_481' title='bbox 2299 1184 2403 1239; x_wconf 65' lang='lat' dir='ltr'><strong>illae</strong></span> <span class='ocrx_word' id='word_1_482' title='bbox 2436 1180 2665 1249; x_wconf 67' lang='lat' dir='ltr'><strong>repulsae</strong></span> <span class='ocrx_word' id='word_1_483' title='bbox 2698 1175 2911 1230; x_wconf 89' lang='lat' dir='ltr'><strong>tandem</strong></span> <span class='ocrx_word' id='word_1_484' title='bbox 2940 1188 3007 1227; x_wconf 83' lang='lat' dir='ltr'><strong>ex</strong></span> <span class='ocrx_word' id='word_1_485' title='bbox 3033 1172 3235 1225; x_wconf 89' lang='lat' dir='ltr'><strong>Seneca</strong></span> <span class='ocrx_word' id='word_1_486' title='bbox 3266 1172 3452 1223; x_wconf 83' lang='lat' dir='ltr'><strong>solent</strong></span> <span class='ocrx_word' id='word_1_487' title='bbox 3482 1168 3688 1221; x_wconf 85' lang='lat' dir='ltr'><strong>admit-</strong></span> 
     </span>
    </p>
   </div>
   <div class='ocr_carea' id='block_1_72' title="bbox 2073 1260 3683 1346">
    <p class='ocr_par' dir='ltr' id='par_1_72' title="bbox 2073 1260 3683 1346">
     <span class='ocr_line' id='line_1_72' title="bbox 2073 1260 3683 1346; baseline -0.017 -8"><span class='ocrx_word' id='word_1_488' title='bbox 2073 1285 2134 1339; x_wconf 91' lang='lat' dir='ltr'><strong>ti.</strong></span> <span class='ocrx_word' id='word_1_489' title='bbox 2179 1273 2612 1346; x_wconf 80' lang='grc' dir='ltr'>Ἐξανεμοῦσοαι</span> <span class='ocrx_word' id='word_1_490' title='bbox 2660 1279 2841 1323; x_wconf 88' lang='lat' dir='ltr'><strong>tamen</strong></span> <span class='ocrx_word' id='word_1_491' title='bbox 2871 1266 3129 1320; x_wconf 90' lang='lat' dir='ltr'><strong>dicuntur</strong></span> <span class='ocrx_word' id='word_1_492' title='bbox 3178 1270 3416 1331; x_wconf 87' lang='lat' dir='ltr'><strong>segetes,</strong></span> <span class='ocrx_word' id='word_1_493' title='bbox 3451 1260 3683 1314; x_wconf 81' lang='lat' dir='ltr'><strong>eventi-</strong></span> 
     </span>
    </p>
   </div>
   <div class='ocr_carea' id='block_1_73' title="bbox 2069 1352 3685 1431">
    <p class='ocr_par' dir='ltr' id='par_1_73' title="bbox 2069 1352 3685 1431">
     <span class='ocr_line' id='line_1_73' title="bbox 2069 1352 3685 1431; baseline -0.017 -2"><span class='ocrx_word' id='word_1_494' title='bbox 2069 1374 2171 1430; x_wconf 87' lang='lat' dir='ltr'><strong>lari</strong></span> <span class='ocrx_word' id='word_1_495' title='bbox 2215 1370 2460 1431; x_wconf 90' lang='lat' dir='ltr'><strong>scilicet,</strong></span> <span class='ocrx_word' id='word_1_496' title='bbox 2494 1379 2557 1418; x_wconf 88' lang='lat' dir='ltr'><strong>ac</strong></span> <span class='ocrx_word' id='word_1_497' title='bbox 2586 1359 2885 1421; x_wconf 76' lang='lat' dir='ltr'><strong>exsuﬂlari,</strong></span> <span class='ocrx_word' id='word_1_498' title='bbox 2919 1357 3167 1410; x_wconf 76' lang='lat' dir='ltr'><strong>daemone</strong></span> <span class='ocrx_word' id='word_1_499' title='bbox 3190 1353 3418 1407; x_wconf 85' lang='lat' dir='ltr'><strong>inflante</strong></span> <span class='ocrx_word' id='word_1_500' title='bbox 3448 1370 3464 1405; x_wconf 87' lang='lat'>:</span> <span class='ocrx_word' id='word_1_501' title='bbox 3499 1352 3685 1405; x_wconf 86' lang='lat' dir='ltr'><strong>nimio</strong></span> 
     </span>
    </p>
   </div>
   <div class='ocr_carea' id='block_1_74' title="bbox 2069 1444 3682 1522">
    <p class='ocr_par' dir='ltr' id='par_1_74' title="bbox 2069 1444 3682 1522">
     <span class='ocr_line' id='line_1_74' title="bbox 2069 1444 3682 1522; baseline -0.017 0"><span class='ocrx_word' id='word_1_502' title='bbox 2069 1464 2271 1522; x_wconf 92' lang='lat' dir='ltr'><strong>etenim</strong></span> <span class='ocrx_word' id='word_1_503' title='bbox 2305 1468 2586 1515; x_wconf 77' lang='lat' dir='ltr'><strong>ventorum</strong></span> <span class='ocrx_word' id='word_1_504' title='bbox 2623 1452 2755 1506; x_wconf 86' lang='lat' dir='ltr'><strong>ﬂatu</strong></span> <span class='ocrx_word' id='word_1_505' title='bbox 2776 1457 3132 1508; x_wconf 87' lang='lat' dir='ltr'><strong>evacuantur,</strong></span> <span class='ocrx_word' id='word_1_506' title='bbox 3165 1454 3221 1500; x_wconf 91' lang='lat' dir='ltr'><strong>et</strong></span> <span class='ocrx_word' id='word_1_507' title='bbox 3244 1444 3682 1504; x_wconf 87' lang='lat' dir='ltr'><strong>exinaniuutur,</strong></span> 
     </span>
    </p>
   </div>
   <div class='ocr_carea' id='block_1_75' title="bbox 2070 1535 3682 1630">
    <p class='ocr_par' dir='ltr' id='par_1_75' title="bbox 2070 1535 3682 1630">
     <span class='ocr_line' id='line_1_75' title="bbox 2070 1535 3682 1630; baseline -0.018 -17"><span class='ocrx_word' id='word_1_508' title='bbox 2070 1556 2346 1630; x_wconf 63' lang='lat' dir='ltr'><strong>praecipue</strong></span> <span class='ocrx_word' id='word_1_509' title='bbox 2390 1551 2519 1605; x_wconf 92' lang='lat' dir='ltr'><strong>dum</strong></span> <span class='ocrx_word' id='word_1_510' title='bbox 2566 1549 2965 1602; x_wconf 88' lang='lat' dir='ltr'><strong>maturescunt,</strong></span> <span class='ocrx_word' id='word_1_511' title='bbox 3002 1538 3147 1609; x_wconf 87' lang='lat' dir='ltr'><strong>apud</strong></span> <span class='ocrx_word' id='word_1_512' title='bbox 3180 1535 3682 1605; x_wconf 69' lang='lat' dir='ltr'><strong>Theophrastum;</strong></span> 
     </span>
    </p>
   </div>
   <div class='ocr_carea' id='block_1_76' title="bbox 2070 1628 3683 1713">
    <p class='ocr_par' dir='ltr' id='par_1_76' title="bbox 2070 1628 3683 1713">
     <span class='ocr_line' id='line_1_76' title="bbox 2070 1628 3683 1713; baseline -0.019 -8"><span class='ocrx_word' id='word_1_513' title='bbox 2070 1628 2145 1705; x_wconf 84' lang='lat' dir='ltr'><strong>ita</strong></span> <span class='ocrx_word' id='word_1_514' title='bbox 2175 1647 2341 1703; x_wconf 90' lang='lat' dir='ltr'><strong>nimia</strong></span> <span class='ocrx_word' id='word_1_515' title='bbox 2365 1640 2635 1713; x_wconf 80' lang='lat' dir='ltr'><strong>praeconia</strong></span> <span class='ocrx_word' id='word_1_516' title='bbox 2666 1636 2927 1692; x_wconf 84' lang='lat' dir='ltr'><strong>clariores</strong></span> <span class='ocrx_word' id='word_1_517' title='bbox 2955 1632 3169 1686; x_wconf 89' lang='lat' dir='ltr'><strong>animos</strong></span> <span class='ocrx_word' id='word_1_518' title='bbox 3193 1628 3431 1692; x_wconf 89' lang='lat' dir='ltr'><strong>nudant,</strong></span> <span class='ocrx_word' id='word_1_519' title='bbox 3457 1637 3514 1681; x_wconf 90' lang='lat' dir='ltr'><strong>et</strong></span> <span class='ocrx_word' id='word_1_520' title='bbox 3547 1643 3683 1694; x_wconf 84' lang='lat' dir='ltr'><strong>spo-</strong></span> 
     </span>
    </p>
   </div>
   <div class='ocr_carea' id='block_1_77' title="bbox 2071 1723 3683 1796">
    <p class='ocr_par' dir='ltr' id='par_1_77' title="bbox 2071 1723 3683 1796">
     <span class='ocr_line' id='line_1_77' title="bbox 2071 1723 3683 1796; baseline -0.017 0"><span class='ocrx_word' id='word_1_521' title='bbox 2071 1743 2206 1796; x_wconf 88' lang='lat' dir='ltr'><strong>liant</strong></span> <span class='ocrx_word' id='word_1_522' title='bbox 2257 1737 2516 1791; x_wconf 91' lang='lat' dir='ltr'><strong>virtutum</strong></span> <span class='ocrx_word' id='word_1_523' title='bbox 2570 1728 2858 1784; x_wconf 90' lang='lat' dir='ltr'><strong>fructibus.</strong></span> <span class='ocrx_word' id='word_1_524' title='bbox 2909 1723 3175 1793; x_wconf 79' lang='lat' dir='ltr'><strong>Vergunt,</strong></span> <span class='ocrx_word' id='word_1_525' title='bbox 3220 1728 3275 1775; x_wconf 93' lang='lat' dir='ltr'><strong>et</strong></span> <span class='ocrx_word' id='word_1_526' title='bbox 3322 1723 3683 1789; x_wconf 80' lang='lat' dir='ltr'><strong>propendent</strong></span> 
     </span>
    </p>
   </div>
   <div class='ocr_carea' id='block_1_78' title="bbox 2071 1811 3682 1906">
    <p class='ocr_par' dir='ltr' id='par_1_78' title="bbox 2071 1811 3682 1906">
     <span class='ocr_line' id='line_1_78' title="bbox 2071 1811 3682 1906; baseline -0.017 -18"><span class='ocrx_word' id='word_1_527' title='bbox 2071 1833 2345 1906; x_wconf 87' lang='lat' dir='ltr'><strong>pleniores</strong></span> <span class='ocrx_word' id='word_1_528' title='bbox 2375 1827 2554 1881; x_wconf 61' lang='lat' dir='ltr'><strong>arista:</strong></span> <span class='ocrx_word' id='word_1_529' title='bbox 2591 1823 2657 1877; x_wconf 88' lang='lat' dir='ltr'><strong>ad</strong></span> <span class='ocrx_word' id='word_1_530' title='bbox 2687 1822 2938 1880; x_wconf 87' lang='lat' dir='ltr'><strong>humum,</strong></span> <span class='ocrx_word' id='word_1_531' title='bbox 2965 1817 3041 1871; x_wconf 92' lang='lat' dir='ltr'><strong>ita</strong></span> <span class='ocrx_word' id='word_1_532' title='bbox 3068 1815 3164 1885; x_wconf 94' lang='lat' dir='ltr'><strong>qui</strong></span> <span class='ocrx_word' id='word_1_533' title='bbox 3199 1813 3406 1868; x_wconf 88' lang='lat' dir='ltr'><strong>virtute</strong></span> <span class='ocrx_word' id='word_1_534' title='bbox 3422 1820 3560 1865; x_wconf 88' lang='lat' dir='ltr'><strong>sunt</strong></span> <span class='ocrx_word' id='word_1_535' title='bbox 3590 1811 3682 1863; x_wconf 55' lang='lat' dir='ltr'><strong>in-</strong></span> 
     </span>
    </p>
   </div>
   <div class='ocr_carea' id='block_1_79' title="bbox 2072 1901 3681 1994">
    <p class='ocr_par' dir='ltr' id='par_1_79' title="bbox 2072 1901 3681 1994">
     <span class='ocr_line' id='line_1_79' title="bbox 2072 1901 3681 1994; baseline -0.018 -13"><span class='ocrx_word' id='word_1_536' title='bbox 2072 1901 2279 1994; x_wconf 79' lang='lat' dir='ltr'><strong>signes,</strong></span> <span class='ocrx_word' id='word_1_537' title='bbox 2325 1918 2643 1975; x_wconf 85' lang='lat' dir='ltr'><strong>humiliores</strong></span> <span class='ocrx_word' id='word_1_538' title='bbox 2682 1912 2953 1975; x_wconf 84' lang='lat' dir='ltr'><strong>evadunt;</strong></span> <span class='ocrx_word' id='word_1_539' title='bbox 2987 1907 3184 1962; x_wconf 88' lang='lat' dir='ltr'><strong>hirudo</strong></span> <span class='ocrx_word' id='word_1_540' title='bbox 3213 1905 3422 1975; x_wconf 89' lang='lat' dir='ltr'><strong>quippe</strong></span> <span class='ocrx_word' id='word_1_541' title='bbox 3469 1901 3681 1955; x_wconf 81' lang='lat' dir='ltr'><strong>Joanni</strong></span> 
     </span>
    </p>
   </div>
   <div class='ocr_carea' id='block_1_80' title="bbox 2072 1995 3681 2083">
    <p class='ocr_par' dir='ltr' id='par_1_80' title="bbox 2072 1995 3681 2083">
     <span class='ocr_line' id='line_1_80' title="bbox 2072 1995 3681 2083; baseline -0.016 -11"><span class='ocrx_word' id='word_1_542' title='bbox 2072 2019 2316 2072; x_wconf 89' lang='lat' dir='ltr'><strong>Climaco</strong></span> <span class='ocrx_word' id='word_1_543' title='bbox 2338 2019 2421 2067; x_wconf 91' lang='lat' dir='ltr'><strong>est</strong></span> <span class='ocrx_word' id='word_1_544' title='bbox 2441 2023 2581 2083; x_wconf 62' lang='lat' dir='ltr'><strong>vana</strong></span> <span class='ocrx_word' id='word_1_545' title='bbox 2614 2005 2803 2076; x_wconf 89' lang='lat' dir='ltr'><strong>gloria,</strong></span> <span class='ocrx_word' id='word_1_546' title='bbox 2841 2014 2894 2056; x_wconf 90' lang='lat' dir='ltr'><strong>et</strong></span> <span class='ocrx_word' id='word_1_547' title='bbox 2925 2016 2954 2054; x_wconf 89' lang='lat' dir='ltr'><strong>a</strong></span> <span class='ocrx_word' id='word_1_548' title='bbox 2992 1999 3199 2055; x_wconf 69' lang='lat' dir='ltr'><strong>Graecis</strong></span> <span class='ocrx_word' id='word_1_549' title='bbox 3234 1996 3379 2051; x_wconf 90' lang='lat' dir='ltr'><strong>inter</strong></span> <span class='ocrx_word' id='word_1_550' title='bbox 3412 1995 3681 2063; x_wconf 85' lang='lat' dir='ltr'><strong>capitalia</strong></span> 
     </span>
    </p>
   </div>
   <div class='ocr_carea' id='block_1_81' title="bbox 2076 2088 3683 2167">
    <p class='ocr_par' dir='ltr' id='par_1_81' title="bbox 2076 2088 3683 2167">
     <span class='ocr_line' id='line_1_81' title="bbox 2076 2088 3683 2167; baseline -0.017 -2"><span class='ocrx_word' id='word_1_551' title='bbox 2076 2112 2205 2165; x_wconf 90' lang='lat' dir='ltr'><strong>vitia</strong></span> <span class='ocrx_word' id='word_1_552' title='bbox 2266 2114 2606 2165; x_wconf 87' lang='lat' dir='ltr'><strong>recensetur,</strong></span> <span class='ocrx_word' id='word_1_553' title='bbox 2659 2108 2718 2154; x_wconf 89' lang='lat' dir='ltr'><strong>ut</strong></span> <span class='ocrx_word' id='word_1_554' title='bbox 2767 2096 2881 2167; x_wconf 90' lang='lat' dir='ltr'><strong>jam</strong></span> <span class='ocrx_word' id='word_1_555' title='bbox 2936 2091 3195 2163; x_wconf 62' lang='lat' dir='ltr'><strong>prmfatus</strong></span> <span class='ocrx_word' id='word_1_556' title='bbox 3240 2104 3390 2151; x_wconf 89' lang='lat' dir='ltr'><strong>sum,</strong></span> <span class='ocrx_word' id='word_1_557' title='bbox 3442 2096 3504 2141; x_wconf 89' lang='lat' dir='ltr'><strong>et</strong></span> <span class='ocrx_word' id='word_1_558' title='bbox 3557 2088 3683 2155; x_wconf 77' lang='lat' dir='ltr'><strong>ipse</strong></span> 
     </span>
    </p>
   </div>
   <div class='ocr_carea' id='block_1_82' title="bbox 2076 2178 3681 2263">
    <p class='ocr_par' dir='ltr' id='par_1_82' title="bbox 2076 2178 3681 2263">
     <span class='ocr_line' id='line_1_82' title="bbox 2076 2178 3681 2263; baseline -0.019 -4"><span class='ocrx_word' id='word_1_559' title='bbox 2076 2210 2298 2259; x_wconf 88' lang='lat' dir='ltr'><strong>sanctus</strong></span> <span class='ocrx_word' id='word_1_560' title='bbox 2350 2197 2525 2260; x_wconf 89' lang='lat' dir='ltr'><strong>Nilus,</strong></span> <span class='ocrx_word' id='word_1_561' title='bbox 2572 2208 2627 2263; x_wconf 90' lang='lat' dir='ltr'><strong>p.</strong></span> <span class='ocrx_word' id='word_1_562' title='bbox 2666 2191 2770 2255; x_wconf 80' lang='lat'><strong>&#39;56,</strong></span> <span class='ocrx_word' id='word_1_563' title='bbox 2811 2194 3015 2241; x_wconf 89' lang='lat' dir='ltr'><strong>narrat.</strong></span> <span class='ocrx_word' id='word_1_564' title='bbox 3069 2185 3125 2246; x_wconf 81' lang='lat'><strong>&#39;5,</strong></span> <span class='ocrx_word' id='word_1_565' title='bbox 3180 2181 3249 2235; x_wconf 91' lang='lat' dir='ltr'><strong>ab</strong></span> <span class='ocrx_word' id='word_1_566' title='bbox 3276 2195 3340 2234; x_wconf 86' lang='lat' dir='ltr'><strong>ea</strong></span> <span class='ocrx_word' id='word_1_567' title='bbox 3384 2178 3681 2246; x_wconf 73' lang='lat' dir='ltr'><strong>corrumpi</strong></span> 
     </span>
    </p>
   </div>
   <div class='ocr_carea' id='block_1_83' title="bbox 2074 2272 3677 2355">
    <p class='ocr_par' dir='ltr' id='par_1_83' title="bbox 2074 2272 3677 2355">
     <span class='ocr_line' id='line_1_83' title="bbox 2074 2272 3677 2355; baseline -0.018 -4"><span class='ocrx_word' id='word_1_568' title='bbox 2074 2306 2222 2351; x_wconf 87' lang='lat' dir='ltr'><strong>recte</strong></span> <span class='ocrx_word' id='word_1_569' title='bbox 2252 2293 2419 2355; x_wconf 87' lang='lat' dir='ltr'><strong>facta,</strong></span> <span class='ocrx_word' id='word_1_570' title='bbox 2449 2298 2748 2353; x_wconf 89' lang='lat' dir='ltr'><strong>veramque</strong></span> <span class='ocrx_word' id='word_1_571' title='bbox 2791 2280 3018 2351; x_wconf 88' lang='lat' dir='ltr'><strong>gloriam</strong></span> <span class='ocrx_word' id='word_1_572' title='bbox 3057 2275 3180 2330; x_wconf 87' lang='lat' dir='ltr'><strong>fuse</strong></span> <span class='ocrx_word' id='word_1_573' title='bbox 3208 2273 3402 2327; x_wconf 87' lang='lat' dir='ltr'><strong>tradit.</strong></span> <span class='ocrx_word' id='word_1_574' title='bbox 3428 2272 3677 2340; x_wconf 80' lang='lat' dir='ltr'><strong>Pmprio</strong></span> 
     </span>
    </p>
   </div>
   <div class='ocr_carea' id='block_1_84' title="bbox 2075 2364 3683 2460">
    <p class='ocr_par' dir='ltr' id='par_1_84' title="bbox 2075 2364 3683 2460">
     <span class='ocr_line' id='line_1_84' title="bbox 2075 2364 3683 2460; baseline -0.021 -15"><span class='ocrx_word' id='word_1_575' title='bbox 2075 2385 2377 2460; x_wconf 71' lang='lat' dir='ltr'><strong>przesertim</strong></span> <span class='ocrx_word' id='word_1_576' title='bbox 2418 2377 2685 2437; x_wconf 89' lang='lat' dir='ltr'><strong>sordescit</strong></span> <span class='ocrx_word' id='word_1_577' title='bbox 2720 2375 2841 2428; x_wconf 89' lang='lat' dir='ltr'><strong>laus</strong></span> <span class='ocrx_word' id='word_1_578' title='bbox 2876 2372 2928 2424; x_wconf 93' lang='lat' dir='ltr'><strong>in</strong></span> <span class='ocrx_word' id='word_1_579' title='bbox 2960 2384 3090 2432; x_wconf 90' lang='lat' dir='ltr'><strong>ore;</strong></span> <span class='ocrx_word' id='word_1_580' title='bbox 3121 2365 3268 2420; x_wconf 88' lang='lat' dir='ltr'><strong>unde</strong></span> <span class='ocrx_word' id='word_1_581' title='bbox 3310 2372 3547 2418; x_wconf 87' lang='lat' dir='ltr'><strong>sanctus</strong></span> <span class='ocrx_word' id='word_1_582' title='bbox 3578 2364 3683 2432; x_wconf 71' lang='lat' dir='ltr'><strong>Cy-</strong></span> 
     </span>
    </p>
   </div>
   <div class='ocr_carea' id='block_1_85' title="bbox 2077 2456 3683 2554">
    <p class='ocr_par' dir='ltr' id='par_1_85' title="bbox 2077 2456 3683 2554">
     <span class='ocr_line' id='line_1_85' title="bbox 2077 2456 3683 2554; baseline -0.021 -17"><span class='ocrx_word' id='word_1_583' title='bbox 2077 2456 2304 2554; x_wconf 78' lang='lat' dir='ltr'><strong>prianus</strong></span> <span class='ocrx_word' id='word_1_584' title='bbox 2341 2476 2407 2530; x_wconf 88' lang='lat' dir='ltr'><strong>ad</strong></span> <span class='ocrx_word' id='word_1_585' title='bbox 2443 2475 2709 2528; x_wconf 88' lang='lat' dir='ltr'><strong>Donatum</strong></span> <span class='ocrx_word' id='word_1_586' title='bbox 2743 2465 2935 2521; x_wconf 88' lang='lat' dir='ltr'><strong>scribit</strong></span> <span class='ocrx_word' id='word_1_587' title='bbox 2990 2462 3239 2515; x_wconf 90' lang='lat' dir='ltr'><strong>odiosam</strong></span> <span class='ocrx_word' id='word_1_588' title='bbox 3276 2472 3399 2512; x_wconf 91' lang='lat' dir='ltr'><strong>esse</strong></span> <span class='ocrx_word' id='word_1_589' title='bbox 3434 2456 3496 2509; x_wconf 92' lang='lat' dir='ltr'><strong>in</strong></span> <span class='ocrx_word' id='word_1_590' title='bbox 3552 2471 3683 2523; x_wconf 82' lang='lat' dir='ltr'><strong>prn-</strong></span> 
     </span>
    </p>
   </div>
   <div class='ocr_carea' id='block_1_86' title="bbox 2077 2548 3679 2648">
    <p class='ocr_par' dir='ltr' id='par_1_86' title="bbox 2077 2548 3679 2648">
     <span class='ocr_line' id='line_1_86' title="bbox 2077 2548 3679 2648; baseline -0.022 -17"><span class='ocrx_word' id='word_1_591' title='bbox 2077 2548 2226 2648; x_wconf 79' lang='lat' dir='ltr'><strong>prias</strong></span> <span class='ocrx_word' id='word_1_592' title='bbox 2256 2570 2443 2626; x_wconf 88' lang='lat' dir='ltr'><strong>laudes</strong></span> <span class='ocrx_word' id='word_1_593' title='bbox 2466 2564 2854 2635; x_wconf 89' lang='lat' dir='ltr'><strong>jactationem;</strong></span> <span class='ocrx_word' id='word_1_594' title='bbox 2880 2566 2934 2612; x_wconf 92' lang='lat' dir='ltr'><strong>et</strong></span> <span class='ocrx_word' id='word_1_595' title='bbox 2962 2555 3174 2608; x_wconf 85' lang='lat' dir='ltr'><strong>Plinius</strong></span> <span class='ocrx_word' id='word_1_596' title='bbox 3202 2551 3415 2622; x_wconf 87' lang='lat' dir='ltr'><strong>junior,</strong></span> <span class='ocrx_word' id='word_1_597' title='bbox 3456 2548 3566 2601; x_wconf 88' lang='lat' dir='ltr'><strong>lib.</strong></span> <span class='ocrx_word' id='word_1_598' title='bbox 3616 2562 3679 2609; x_wconf 84' lang='lat' dir='ltr'><strong>ll,</strong></span> 
     </span>
    </p>
   </div>
   <div class='ocr_carea' id='block_1_87' title="bbox 2077 2642 3683 2737">
    <p class='ocr_par' dir='ltr' id='par_1_87' title="bbox 2077 2642 3683 2737">
     <span class='ocr_line' id='line_1_87' title="bbox 2077 2642 3683 2737; baseline -0.019 -15"><span class='ocrx_word' id='word_1_599' title='bbox 2077 2642 2239 2737; x_wconf 79' lang='lat' dir='ltr'><strong>epist.</strong></span> <span class='ocrx_word' id='word_1_600' title='bbox 2270 2663 2324 2729; x_wconf 88' lang='lat'><strong>9,</strong></span> <span class='ocrx_word' id='word_1_601' title='bbox 2356 2660 2504 2732; x_wconf 91' lang='lat' dir='ltr'><strong>quod</strong></span> <span class='ocrx_word' id='word_1_602' title='bbox 2533 2654 2882 2725; x_wconf 79' lang='lat' dir='ltr'><strong>magniﬁcum</strong></span> <span class='ocrx_word' id='word_1_603' title='bbox 2912 2648 3180 2703; x_wconf 84' lang='lat' dir='ltr'><strong>referente</strong></span> <span class='ocrx_word' id='word_1_604' title='bbox 3214 2645 3319 2699; x_wconf 89' lang='lat' dir='ltr'><strong>alio</strong></span> <span class='ocrx_word' id='word_1_605' title='bbox 3353 2643 3521 2705; x_wconf 85' lang='lat' dir='ltr'><strong>foret,</strong></span> <span class='ocrx_word' id='word_1_606' title='bbox 3558 2642 3683 2708; x_wconf 83' lang='lat' dir='ltr'><strong>ipso</strong></span> 
     </span>
    </p>
   </div>
   <div class='ocr_carea' id='block_1_88' title="bbox 2079 2735 3680 2829">
    <p class='ocr_par' dir='ltr' id='par_1_88' title="bbox 2079 2735 3680 2829">
     <span class='ocr_line' id='line_1_88' title="bbox 2079 2735 3680 2829; baseline -0.017 -18"><span class='ocrx_word' id='word_1_607' title='bbox 2079 2735 2173 2829; x_wconf 79' lang='lat' dir='ltr'><strong>qui</strong></span> <span class='ocrx_word' id='word_1_608' title='bbox 2207 2755 2375 2827; x_wconf 86' lang='lat' dir='ltr'><strong>gessit</strong></span> <span class='ocrx_word' id='word_1_609' title='bbox 2407 2750 2697 2810; x_wconf 87' lang='lat' dir='ltr'><strong>referente,</strong></span> <span class='ocrx_word' id='word_1_610' title='bbox 2726 2756 3047 2807; x_wconf 84' lang='lat' dir='ltr'><strong>vanescere;</strong></span> <span class='ocrx_word' id='word_1_611' title='bbox 3081 2746 3337 2805; x_wconf 91' lang='lat' dir='ltr'><strong>recteque</strong></span> <span class='ocrx_word' id='word_1_612' title='bbox 3374 2735 3680 2793; x_wconf 86' lang='lat' dir='ltr'><strong>Salomon,</strong></span> 
     </span>
    </p>
   </div>
   <div class='ocr_carea' id='block_1_89' title="bbox 2079 2826 3682 2911">
    <p class='ocr_par' dir='ltr' id='par_1_89' title="bbox 2079 2826 3682 2911">
     <span class='ocr_line' id='line_1_89' title="bbox 2079 2826 3682 2911; baseline -0.021 -4"><span class='ocrx_word' id='word_1_613' title='bbox 2079 2826 2129 2907; x_wconf 74' lang='lat' dir='ltr'><strong>c.</strong></span> <span class='ocrx_word' id='word_1_614' title='bbox 2155 2826 2287 2911; x_wconf 77' lang='lat' dir='ltr'><strong>xxii,</strong></span> <span class='ocrx_word' id='word_1_615' title='bbox 2308 2862 2357 2900; x_wconf 88' lang='lat' dir='ltr'><strong>v.</strong></span> <span class='ocrx_word' id='word_1_616' title='bbox 2377 2844 2411 2897; x_wconf 68' lang='grc'>2</span> <span class='ocrx_word' id='word_1_617' title='bbox 2428 2839 2845 2896; x_wconf 85' lang='lat' dir='ltr'><strong>Proverbiorum</strong></span> <span class='ocrx_word' id='word_1_618' title='bbox 2865 2835 3143 2894; x_wconf 91' lang='lat' dir='ltr'><strong>admonet,</strong></span> <span class='ocrx_word' id='word_1_619' title='bbox 3160 2826 3605 2897; x_wconf 75' lang='grc' dir='ltr'><strong>Ἐγκωμιαξέτω</strong></span> <span class='ocrx_word' id='word_1_620' title='bbox 3622 2842 3682 2876; x_wconf 74' lang='grc' dir='ltr'><strong>σε</strong></span> 
     </span>
    </p>
   </div>
   <div class='ocr_carea' id='block_1_90' title="bbox 2079 2918 3684 3006">
    <p class='ocr_par' dir='ltr' id='par_1_90' title="bbox 2079 2918 3684 3006">
     <span class='ocr_line' id='line_1_90' title="bbox 2079 2918 3684 3006; baseline -0.018 -9"><span class='ocrx_word' id='word_1_621' title='bbox 2079 2948 2107 2998; x_wconf 88' lang='grc' dir='ltr'>ὁ</span> <span class='ocrx_word' id='word_1_622' title='bbox 2126 2944 2316 3004; x_wconf 76' lang='grc' dir='ltr'>πέλας,</span> <span class='ocrx_word' id='word_1_623' title='bbox 2338 2943 2433 2992; x_wconf 66' lang='grc' dir='ltr'>καὶ</span> <span class='ocrx_word' id='word_1_624' title='bbox 2458 2937 2532 3006; x_wconf 85' lang='grc' dir='ltr'>μὴ</span> <span class='ocrx_word' id='word_1_625' title='bbox 2558 2933 2616 2986; x_wconf 86' lang='grc' dir='ltr'>τὸ</span> <span class='ocrx_word' id='word_1_626' title='bbox 2644 2931 2734 2984; x_wconf 78' lang='grc' dir='ltr'><strong>σὺν</strong></span> <span class='ocrx_word' id='word_1_627' title='bbox 2755 2925 3242 2997; x_wconf 74' lang='grc' dir='ltr'>στόμα,ἁλλὸτριος</span> <span class='ocrx_word' id='word_1_628' title='bbox 3275 2924 3367 2974; x_wconf 73' lang='grc' dir='ltr'>καὶ</span> <span class='ocrx_word' id='word_1_629' title='bbox 3388 2918 3465 2989; x_wconf 83' lang='grc' dir='ltr'>μὴ</span> <span class='ocrx_word' id='word_1_630' title='bbox 3503 2923 3581 2971; x_wconf 70' lang='grc' dir='ltr'><strong>τὰ</strong></span> <span class='ocrx_word' id='word_1_631' title='bbox 3616 2919 3684 2970; x_wconf 69' lang='grc' dir='ltr'><strong>σᾶ.</strong></span> 
     </span>
    </p>
   </div>
   <div class='ocr_carea' id='block_1_91' title="bbox 2005 3017 3679 3107">
    <p class='ocr_par' dir='ltr' id='par_1_91' title="bbox 2005 3017 3679 3107">
     <span class='ocr_line' id='line_1_91' title="bbox 2005 3017 3679 3107; baseline -0.019 -17"><span class='ocrx_word' id='word_1_632' title='bbox 2005 3017 2051 3079; x_wconf 79' lang='lat' dir='ltr'><strong><em>C</em></strong></span> <span class='ocrx_word' id='word_1_633' title='bbox 2084 3034 2258 3107; x_wconf 83' lang='grc' dir='ltr'>χείλη,</span> <span class='ocrx_word' id='word_1_634' title='bbox 2310 3031 2362 3084; x_wconf 92' lang='lat' dir='ltr'><strong>id</strong></span> <span class='ocrx_word' id='word_1_635' title='bbox 2410 3038 2514 3091; x_wconf 91' lang='lat' dir='ltr'><strong>est,</strong></span> <span class='ocrx_word' id='word_1_636' title='bbox 2552 3024 2756 3077; x_wconf 83' lang='lat' dir='ltr'><strong>Luudet</strong></span> <span class='ocrx_word' id='word_1_637' title='bbox 2809 3029 2859 3072; x_wconf 87' lang='lat' dir='ltr'><strong>te</strong></span> <span class='ocrx_word' id='word_1_638' title='bbox 2903 3018 3129 3076; x_wconf 83' lang='lat' dir='ltr'><strong>alienus,</strong></span> <span class='ocrx_word' id='word_1_639' title='bbox 3168 3028 3218 3068; x_wconf 85' lang='lat' dir='ltr'><strong>et</strong></span> <span class='ocrx_word' id='word_1_640' title='bbox 3249 3029 3352 3065; x_wconf 84' lang='lat' dir='ltr'><strong>non</strong></span> <span class='ocrx_word' id='word_1_641' title='bbox 3396 3027 3451 3063; x_wconf 82' lang='lat' dir='ltr'><strong>os</strong></span> <span class='ocrx_word' id='word_1_642' title='bbox 3495 3019 3679 3072; x_wconf 83' lang='lat' dir='ltr'><strong>tuum,</strong></span> 
     </span>
    </p>
   </div>
   <div class='ocr_carea' id='block_1_92' title="bbox 2086 3102 3681 3187">
    <p class='ocr_par' dir='ltr' id='par_1_92' title="bbox 2086 3102 3681 3187">
     <span class='ocr_line' id='line_1_92' title="bbox 2086 3102 3681 3187; baseline -0.017 -6"><span class='ocrx_word' id='word_1_643' title='bbox 2086 3102 2391 3187; x_wconf 62' lang='lat' dir='ltr'><strong>extraneas,</strong></span> <span class='ocrx_word' id='word_1_644' title='bbox 2436 3128 2483 3172; x_wconf 85' lang='lat' dir='ltr'><strong>et</strong></span> <span class='ocrx_word' id='word_1_645' title='bbox 2520 3133 2621 3170; x_wconf 85' lang='lat' dir='ltr'><strong>non</strong></span> <span class='ocrx_word' id='word_1_646' title='bbox 2663 3114 2807 3166; x_wconf 87' lang='lat' dir='ltr'><strong>labia</strong></span> <span class='ocrx_word' id='word_1_647' title='bbox 2849 3124 2960 3163; x_wconf 81' lang='lat' dir='ltr'><strong>ma.</strong></span> <span class='ocrx_word' id='word_1_648' title='bbox 2995 3106 3229 3161; x_wconf 90' lang='lat' dir='ltr'><strong>Sanctus</strong></span> <span class='ocrx_word' id='word_1_649' title='bbox 3260 3118 3386 3156; x_wconf 90' lang='lat' dir='ltr'><strong>vero</strong></span> <span class='ocrx_word' id='word_1_650' title='bbox 3411 3102 3681 3156; x_wconf 81' lang='lat' dir='ltr'><strong>Clemens</strong></span> 
     </span>
    </p>
   </div>
   <div class='ocr_carea' id='block_1_93' title="bbox 2086 3193 3683 3279">
    <p class='ocr_par' dir='ltr' id='par_1_93' title="bbox 2086 3193 3683 3279">
     <span class='ocr_line' id='line_1_93' title="bbox 2086 3193 3683 3279; baseline -0.019 -8"><span class='ocrx_word' id='word_1_651' title='bbox 2086 3218 2366 3270; x_wconf 78' lang='lat' dir='ltr'><strong>Romanus</strong></span> <span class='ocrx_word' id='word_1_652' title='bbox 2389 3210 2563 3279; x_wconf 79' lang='lat' dir='ltr'><strong>Epist.</strong></span> <span class='ocrx_word' id='word_1_653' title='bbox 2592 3206 2659 3258; x_wconf 87' lang='lat' dir='ltr'><strong>ad</strong></span> <span class='ocrx_word' id='word_1_654' title='bbox 2681 3201 2943 3263; x_wconf 57' lang='lat' dir='ltr'><strong>Coriutlu,</strong></span> <span class='ocrx_word' id='word_1_655' title='bbox 2975 3214 3031 3267; x_wconf 87' lang='lat' dir='ltr'><strong>p.</strong></span> <span class='ocrx_word' id='word_1_656' title='bbox 3053 3197 3142 3261; x_wconf 81' lang='lat'><strong>59,</strong></span> <span class='ocrx_word' id='word_1_657' title='bbox 3166 3196 3234 3249; x_wconf 76' lang='grc'><strong>49</strong></span> <span class='ocrx_word' id='word_1_658' title='bbox 3261 3204 3313 3248; x_wconf 87' lang='lat' dir='ltr'><strong>et</strong></span> <span class='ocrx_word' id='word_1_659' title='bbox 3336 3193 3425 3256; x_wconf 81' lang='lat'><strong>50,</strong></span> <span class='ocrx_word' id='word_1_660' title='bbox 3457 3193 3683 3243; x_wconf 74' lang='lat' dir='ltr'><strong>Tan-.2:-</strong></span> 
     </span>
    </p>
   </div>
   <div class='ocr_carea' id='block_1_94' title="bbox 2086 3284 3681 3379">
    <p class='ocr_par' dir='ltr' id='par_1_94' title="bbox 2086 3284 3681 3379">
     <span class='ocr_line' id='line_1_94' title="bbox 2086 3284 3681 3379; baseline -0.018 -17"><span class='ocrx_word' id='word_1_661' title='bbox 2086 3309 2299 3379; x_wconf 78' lang='grc' dir='ltr'>νόφρων</span> <span class='ocrx_word' id='word_1_662' title='bbox 2337 3304 2412 3375; x_wconf 81' lang='grc' dir='ltr'>μὴ</span> <span class='ocrx_word' id='word_1_663' title='bbox 2439 3298 2617 3369; x_wconf 74' lang='grc' dir='ltr'>ἑαυτῷ</span> <span class='ocrx_word' id='word_1_664' title='bbox 2644 3292 3011 3368; x_wconf 82' lang='grc' dir='ltr'>μαρτυρείτω,</span> <span class='ocrx_word' id='word_1_665' title='bbox 3033 3288 3147 3343; x_wconf 79' lang='grc' dir='ltr'><strong>ἀλλ’</strong></span> <span class='ocrx_word' id='word_1_666' title='bbox 3164 3285 3341 3355; x_wconf 78' lang='grc' dir='ltr'>ἑαυτῷ</span> <span class='ocrx_word' id='word_1_667' title='bbox 3367 3284 3455 3353; x_wconf 68' lang='grc' dir='ltr'><strong>ὑφ’</strong></span> <span class='ocrx_word' id='word_1_668' title='bbox 3475 3285 3681 3355; x_wconf 63' lang='grc' dir='ltr'>ὲτέρςυ</span> 
     </span>
    </p>
   </div>
   <div class='ocr_carea' id='block_1_95' title="bbox 2091 3375 3679 3469">
    <p class='ocr_par' dir='ltr' id='par_1_95' title="bbox 2091 3375 3679 3469">
     <span class='ocr_line' id='line_1_95' title="bbox 2091 3375 3679 3469; baseline -0.018 -17"><span class='ocrx_word' id='word_1_669' title='bbox 2091 3375 2491 3469; x_wconf 62' lang='grc' dir='ltr'><strong>μαρτυρεῐσθω·</strong></span> <span class='ocrx_word' id='word_1_670' title='bbox 2528 3391 2577 3445; x_wconf 90' lang='lat' dir='ltr'><strong>id</strong></span> <span class='ocrx_word' id='word_1_671' title='bbox 2622 3396 2724 3451; x_wconf 87' lang='lat' dir='ltr'><strong>est,</strong></span> <span class='ocrx_word' id='word_1_672' title='bbox 2755 3384 2858 3450; x_wconf 84' lang='lat' dir='ltr'><strong>Qui</strong></span> <span class='ocrx_word' id='word_1_673' title='bbox 2883 3392 3049 3434; x_wconf 81' lang='lat' dir='ltr'><strong>mente</strong></span> <span class='ocrx_word' id='word_1_674' title='bbox 3070 3379 3323 3447; x_wconf 65' lang='lat' dir='ltr'><strong>praeditus</strong></span> <span class='ocrx_word' id='word_1_675' title='bbox 3346 3384 3419 3427; x_wconf 80' lang='lat' dir='ltr'><strong>est</strong></span> <span class='ocrx_word' id='word_1_676' title='bbox 3445 3375 3679 3435; x_wconf 76' lang='lat' dir='ltr'><strong>humili,</strong></span> 
     </span>
    </p>
   </div>
   <div class='ocr_carea' id='block_1_96' title="bbox 2088 3467 3681 3549">
    <p class='ocr_par' dir='ltr' id='par_1_96' title="bbox 2088 3467 3681 3549">
     <span class='ocr_line' id='line_1_96' title="bbox 2088 3467 3681 3549; baseline -0.015 -8"><span class='ocrx_word' id='word_1_677' title='bbox 2088 3467 2188 3543; x_wconf 77' lang='lat' dir='ltr'><strong>uou</strong></span> <span class='ocrx_word' id='word_1_678' title='bbox 2242 3487 2306 3540; x_wconf 85' lang='lat' dir='ltr'><strong>de</strong></span> <span class='ocrx_word' id='word_1_679' title='bbox 2350 3483 2518 3549; x_wconf 73' lang='lat' dir='ltr'><strong>seipse</strong></span> <span class='ocrx_word' id='word_1_680' title='bbox 2571 3478 2925 3532; x_wconf 81' lang='lat' dir='ltr'><strong>testimonium</strong></span> <span class='ocrx_word' id='word_1_681' title='bbox 2974 3472 3133 3539; x_wconf 78' lang='lat' dir='ltr'><strong>ferat,</strong></span> <span class='ocrx_word' id='word_1_682' title='bbox 3172 3467 3263 3522; x_wconf 74' lang='lat' dir='ltr'><strong>sed</strong></span> <span class='ocrx_word' id='word_1_683' title='bbox 3295 3467 3386 3520; x_wconf 82' lang='lat' dir='ltr'><strong>abs</strong></span> <span class='ocrx_word' id='word_1_684' title='bbox 3419 3467 3533 3517; x_wconf 80' lang='lat' dir='ltr'><strong>alio</strong></span> <span class='ocrx_word' id='word_1_685' title='bbox 3576 3467 3681 3517; x_wconf 77' lang='lat' dir='ltr'><strong>sibi</strong></span> 
     </span>
    </p>
   </div>
   <div class='ocr_carea' id='block_1_97' title="bbox 2087 3558 3682 3646">
    <p class='ocr_par' dir='ltr' id='par_1_97' title="bbox 2087 3558 3682 3646">
     <span class='ocr_line' id='line_1_97' title="bbox 2087 3558 3682 3646; baseline -0.014 -12"><span class='ocrx_word' id='word_1_686' title='bbox 2087 3581 2207 3635; x_wconf 84' lang='lat' dir='ltr'><strong>velit</strong></span> <span class='ocrx_word' id='word_1_687' title='bbox 2241 3576 2342 3646; x_wconf 77' lang='lat' dir='ltr'><strong>ipsi</strong></span> <span class='ocrx_word' id='word_1_688' title='bbox 2374 3573 2731 3628; x_wconf 82' lang='lat' dir='ltr'><strong>testimonium</strong></span> <span class='ocrx_word' id='word_1_689' title='bbox 2751 3565 2993 3635; x_wconf 75' lang='lat' dir='ltr'><strong>prwberi.</strong></span> <span class='ocrx_word' id='word_1_690' title='bbox 3017 3560 3173 3615; x_wconf 84' lang='lat' dir='ltr'><strong>Nilus</strong></span> <span class='ocrx_word' id='word_1_691' title='bbox 3204 3561 3407 3629; x_wconf 86' lang='lat' dir='ltr'><strong>itaque,</strong></span> <span class='ocrx_word' id='word_1_692' title='bbox 3431 3574 3562 3627; x_wconf 75' lang='lat' dir='ltr'><strong>qua:</strong></span> <span class='ocrx_word' id='word_1_693' title='bbox 3594 3558 3682 3627; x_wconf 85' lang='lat' dir='ltr'><strong>pie</strong></span> 
     </span>
    </p>
   </div>
   <div class='ocr_carea' id='block_1_98' title="bbox 2087 3660 3679 3728">
    <p class='ocr_par' dir='ltr' id='par_1_98' title="bbox 2087 3660 3679 3728">
     <span class='ocr_line' id='line_1_98' title="bbox 2087 3660 3679 3728; baseline -0.014 -2"><span class='ocrx_word' id='word_1_694' title='bbox 2087 3668 2412 3726; x_wconf 85' lang='lat' dir='ltr'><strong>macerando</strong></span> <span class='ocrx_word' id='word_1_695' title='bbox 2477 3678 2716 3728; x_wconf 87' lang='lat' dir='ltr'><strong>carnem,</strong></span> <span class='ocrx_word' id='word_1_696' title='bbox 2770 3673 2823 3715; x_wconf 91' lang='lat' dir='ltr'><strong>et</strong></span> <span class='ocrx_word' id='word_1_697' title='bbox 2878 3660 3183 3713; x_wconf 86' lang='lat' dir='ltr'><strong>exercendo</strong></span> <span class='ocrx_word' id='word_1_698' title='bbox 3240 3668 3298 3707; x_wconf 85' lang='lat' dir='ltr'><strong>se</strong></span> <span class='ocrx_word' id='word_1_699' title='bbox 3368 3668 3474 3706; x_wconf 90' lang='lat' dir='ltr'><strong>una</strong></span> <span class='ocrx_word' id='word_1_700' title='bbox 3547 3669 3679 3705; x_wconf 87' lang='lat' dir='ltr'><strong>cum</strong></span> 
     </span>
    </p>
   </div>
   <div class='ocr_carea' id='block_1_99' title="bbox 2087 3741 3679 3814">
    <p class='ocr_par' dir='ltr' id='par_1_99' title="bbox 2087 3741 3679 3814">
     <span class='ocr_line' id='line_1_99' title="bbox 2087 3741 3679 3814; baseline -0.014 0"><span class='ocrx_word' id='word_1_701' title='bbox 2087 3758 2371 3814; x_wconf 87' lang='lat' dir='ltr'><strong>Thcodulo</strong></span> <span class='ocrx_word' id='word_1_702' title='bbox 2393 3758 2444 3810; x_wconf 91' lang='lat' dir='ltr'><strong>in</strong></span> <span class='ocrx_word' id='word_1_703' title='bbox 2470 3754 2670 3808; x_wconf 90' lang='lat' dir='ltr'><strong>montis</strong></span> <span class='ocrx_word' id='word_1_704' title='bbox 2695 3751 2842 3804; x_wconf 85' lang='lat' dir='ltr'><strong>Sinai</strong></span> <span class='ocrx_word' id='word_1_705' title='bbox 2864 3746 3229 3809; x_wconf 85' lang='lat' dir='ltr'><strong>monasteriis,</strong></span> <span class='ocrx_word' id='word_1_706' title='bbox 3258 3744 3423 3812; x_wconf 91' lang='lat' dir='ltr'><strong>inque</strong></span> <span class='ocrx_word' id='word_1_707' title='bbox 3444 3741 3679 3795; x_wconf 85' lang='lat' dir='ltr'><strong>Patrum</strong></span> 
     </span>
    </p>
   </div>
   <div class='ocr_carea' id='block_1_100' title="bbox 2088 3836 3682 3923">
    <p class='ocr_par' dir='ltr' id='par_1_100' title="bbox 2088 3836 3682 3923">
     <span class='ocr_line' id='line_1_100' title="bbox 2088 3836 3682 3923; baseline -0.013 -14"><span class='ocrx_word' id='word_1_708' title='bbox 2088 3851 2389 3923; x_wconf 80' lang='lat' dir='ltr'><strong>synaxibus</strong></span> <span class='ocrx_word' id='word_1_709' title='bbox 2446 3845 2860 3918; x_wconf 83' lang='lat' dir='ltr'><strong>(&#39;colligebantur</strong></span> <span class='ocrx_word' id='word_1_710' title='bbox 2918 3843 3063 3893; x_wconf 87' lang='lat' dir='ltr'><strong>enim</strong></span> <span class='ocrx_word' id='word_1_711' title='bbox 3115 3837 3417 3892; x_wconf 89' lang='lat' dir='ltr'><strong>Dominicis</strong></span> <span class='ocrx_word' id='word_1_712' title='bbox 3473 3836 3682 3889; x_wconf 61' lang='lat' dir='ltr'><strong>diebus</strong></span> 
     </span>
    </p>
   </div>
   <div class='ocr_carea' id='block_1_101' title="bbox 2090 3932 3686 4008">
    <p class='ocr_par' dir='ltr' id='par_1_101' title="bbox 2090 3932 3686 4008">
     <span class='ocr_line' id='line_1_101' title="bbox 2090 3932 3686 4008; baseline -0.01 -9"><span class='ocrx_word' id='word_1_713' title='bbox 2090 3959 2258 4000; x_wconf 90' lang='lat' dir='ltr'><strong>unum</strong></span> <span class='ocrx_word' id='word_1_714' title='bbox 2290 3944 2342 3996; x_wconf 92' lang='lat' dir='ltr'><strong>in</strong></span> <span class='ocrx_word' id='word_1_715' title='bbox 2369 3953 2593 4003; x_wconf 72' lang='lat' dir='ltr'><strong>cauum,</strong></span> <span class='ocrx_word' id='word_1_716' title='bbox 2617 3938 2926 4008; x_wconf 87' lang='lat' dir='ltr'><strong>pariterque</strong></span> <span class='ocrx_word' id='word_1_717' title='bbox 2953 3932 3266 4003; x_wconf 85' lang='lat' dir='ltr'><strong>congregati</strong></span> <span class='ocrx_word' id='word_1_718' title='bbox 3295 3932 3581 3995; x_wconf 87' lang='lat' dir='ltr'><strong>monachi,</strong></span> <span class='ocrx_word' id='word_1_719' title='bbox 3618 3947 3686 3983; x_wconf 87' lang='lat' dir='ltr'><strong>ac</strong></span> 
     </span>
    </p>
   </div>
   <div class='ocr_carea' id='block_1_102' title="bbox 2093 4022 3679 4107">
    <p class='ocr_par' dir='ltr' id='par_1_102' title="bbox 2093 4022 3679 4107">
     <span class='ocr_line' id='line_1_102' title="bbox 2093 4022 3679 4107; baseline -0.01 -18"><span class='ocrx_word' id='word_1_720' title='bbox 2093 4034 2451 4107; x_wconf 77' lang='grc' dir='ltr'><strong>μονάζοντες,</strong></span> <span class='ocrx_word' id='word_1_721' title='bbox 2494 4028 2977 4085; x_wconf 87' lang='lat' dir='ltr'><strong>communicabant</strong></span> <span class='ocrx_word' id='word_1_722' title='bbox 3024 4023 3200 4077; x_wconf 86' lang='lat' dir='ltr'><strong>sacris</strong></span> <span class='ocrx_word' id='word_1_723' title='bbox 3241 4022 3557 4091; x_wconf 83' lang='lat' dir='ltr'><strong>mysteriis,</strong></span> <span class='ocrx_word' id='word_1_724' title='bbox 3606 4023 3679 4073; x_wconf 91' lang='lat' dir='ltr'><strong>uti</strong></span> 
     </span>
    </p>
   </div>
   <div class='ocr_carea' id='block_1_103' title="bbox 2090 4116 3683 4197">
    <p class='ocr_par' dir='ltr' id='par_1_103' title="bbox 2090 4116 3683 4197">
     <span class='ocr_line' id='line_1_103' title="bbox 2090 4116 3683 4197; baseline -0.01 -12"><span class='ocrx_word' id='word_1_725' title='bbox 2090 4138 2280 4185; x_wconf 90' lang='lat' dir='ltr'><strong>narrat</strong></span> <span class='ocrx_word' id='word_1_726' title='bbox 2313 4128 2564 4197; x_wconf 85' lang='grc' dir='ltr'><strong>διηγήσει</strong></span> <span class='ocrx_word' id='word_1_727' title='bbox 2601 4124 2757 4179; x_wconf 87' lang='lat' dir='ltr'><strong>tertia</strong></span> <span class='ocrx_word' id='word_1_728' title='bbox 2785 4121 2957 4184; x_wconf 89' lang='lat' dir='ltr'><strong>Nilus,</strong></span> <span class='ocrx_word' id='word_1_729' title='bbox 2989 4135 3044 4190; x_wconf 73' lang='grc' dir='ltr'><strong>ιι.</strong></span> <span class='ocrx_word' id='word_1_730' title='bbox 3086 4118 3186 4184; x_wconf 75' lang='lat'><strong>58;</strong></span> <span class='ocrx_word' id='word_1_731' title='bbox 3211 4133 3389 4185; x_wconf 86' lang='lat' dir='ltr'><strong>neque</strong></span> <span class='ocrx_word' id='word_1_732' title='bbox 3412 4116 3683 4171; x_wconf 82' lang='lat' dir='ltr'><strong>difﬁtetur</strong></span> 
     </span>
    </p>
   </div>
   <div class='ocr_carea' id='block_1_104' title="bbox 2087 4210 3683 4288">
    <p class='ocr_par' dir='ltr' id='par_1_104' title="bbox 2087 4210 3683 4288">
     <span class='ocr_line' id='line_1_104' title="bbox 2087 4210 3683 4288; baseline -0.009 -11"><span class='ocrx_word' id='word_1_733' title='bbox 2087 4223 2297 4277; x_wconf 87' lang='lat' dir='ltr'><strong>delirus</strong></span> <span class='ocrx_word' id='word_1_734' title='bbox 2341 4221 2430 4275; x_wconf 88' lang='lat' dir='ltr'><strong>ille</strong></span> <span class='ocrx_word' id='word_1_735' title='bbox 2477 4221 2738 4288; x_wconf 82' lang='lat' dir='ltr'><strong>Apostata</strong></span> <span class='ocrx_word' id='word_1_736' title='bbox 2774 4214 3051 4284; x_wconf 88' lang='lat' dir='ltr'><strong>Spalaten.</strong></span> <span class='ocrx_word' id='word_1_737' title='bbox 3094 4221 3228 4265; x_wconf 90' lang='lat' dir='ltr'><strong>tom.</strong></span> <span class='ocrx_word' id='word_1_738' title='bbox 3276 4210 3317 4275; x_wconf 93' lang='lat' dir='ltr'><strong>l,</strong></span> <span class='ocrx_word' id='word_1_739' title='bbox 3352 4224 3414 4279; x_wconf 89' lang='lat' dir='ltr'><strong>p.</strong></span> <span class='ocrx_word' id='word_1_740' title='bbox 3451 4210 3560 4263; x_wconf 76' lang='lat'><strong>378</strong></span> <span class='ocrx_word' id='word_1_741' title='bbox 3608 4212 3683 4262; x_wconf 79' lang='lat' dir='ltr'><strong>De</strong></span> 
     </span>
    </p>
   </div>
   <div class='ocr_carea' id='block_1_105' title="bbox 2092 4304 3682 4385">
    <p class='ocr_par' dir='ltr' id='par_1_105' title="bbox 2092 4304 3682 4385">
     <span class='ocr_line' id='line_1_105' title="bbox 2092 4304 3682 4385; baseline -0.006 -20"><span class='ocrx_word' id='word_1_742' title='bbox 2092 4315 2275 4385; x_wconf 83' lang='lat' dir='ltr'><strong>repub.</strong></span> <span class='ocrx_word' id='word_1_743' title='bbox 2303 4311 2624 4379; x_wconf 80' lang='lat' dir='ltr'><strong>ecclesiast.)</strong></span> <span class='ocrx_word' id='word_1_744' title='bbox 2645 4316 2947 4379; x_wconf 88' lang='lat' dir='ltr'><strong>peregerat,</strong></span> <span class='ocrx_word' id='word_1_745' title='bbox 2985 4305 3096 4360; x_wconf 90' lang='lat' dir='ltr'><strong>Deo</strong></span> <span class='ocrx_word' id='word_1_746' title='bbox 3127 4304 3230 4360; x_wconf 92' lang='lat' dir='ltr'><strong>soli</strong></span> <span class='ocrx_word' id='word_1_747' title='bbox 3270 4313 3400 4357; x_wconf 86' lang='lat' dir='ltr'><strong>nota</strong></span> <span class='ocrx_word' id='word_1_748' title='bbox 3430 4319 3559 4357; x_wconf 87' lang='lat' dir='ltr'><strong>esse</strong></span> <span class='ocrx_word' id='word_1_749' title='bbox 3586 4319 3682 4357; x_wconf 86' lang='lat' dir='ltr'><strong>cu-</strong></span> 
     </span>
    </p>
   </div>
   <div class='ocr_carea' id='block_1_106' title="bbox 2090 4398 3682 4477">
    <p class='ocr_par' dir='ltr' id='par_1_106' title="bbox 2090 4398 3682 4477">
     <span class='ocr_line' id='line_1_106' title="bbox 2090 4398 3682 4477; baseline -0.006 -16"><span class='ocrx_word' id='word_1_750' title='bbox 2090 4408 2261 4477; x_wconf 90' lang='lat' dir='ltr'><strong>piens,</strong></span> <span class='ocrx_word' id='word_1_751' title='bbox 2308 4404 2679 4459; x_wconf 87' lang='lat' dir='ltr'><strong>taciturnitate</strong></span> <span class='ocrx_word' id='word_1_752' title='bbox 2723 4400 2938 4472; x_wconf 90' lang='lat' dir='ltr'><strong>premit.</strong></span> <span class='ocrx_word' id='word_1_753' title='bbox 2979 4399 3115 4453; x_wconf 88' lang='lat' dir='ltr'><strong>Cum</strong></span> <span class='ocrx_word' id='word_1_754' title='bbox 3173 4412 3304 4451; x_wconf 80' lang='lat' dir='ltr'><strong>vero</strong></span> <span class='ocrx_word' id='word_1_755' title='bbox 3342 4398 3585 4452; x_wconf 88' lang='lat' dir='ltr'><strong>maritus</strong></span> <span class='ocrx_word' id='word_1_756' title='bbox 3631 4409 3682 4451; x_wconf 92' lang='lat' dir='ltr'><strong>et</strong></span> 
     </span>
    </p>
   </div>
   <div class='ocr_carea' id='block_1_107' title="bbox 2090 4490 3679 4560">
    <p class='ocr_par' dir='ltr' id='par_1_107' title="bbox 2090 4490 3679 4560">
     <span class='ocr_line' id='line_1_107' title="bbox 2090 4490 3679 4560; baseline -0.008 -5"><span class='ocrx_word' id='word_1_757' title='bbox 2090 4517 2227 4555; x_wconf 77' lang='lat' dir='ltr'><strong>uxor</strong></span> <span class='ocrx_word' id='word_1_758' title='bbox 2269 4500 2378 4553; x_wconf 89' lang='lat' dir='ltr'><strong>sint</strong></span> <span class='ocrx_word' id='word_1_759' title='bbox 2407 4498 2515 4551; x_wconf 92' lang='lat' dir='ltr'><strong>duo</strong></span> <span class='ocrx_word' id='word_1_760' title='bbox 2552 4496 2605 4549; x_wconf 94' lang='lat' dir='ltr'><strong>in</strong></span> <span class='ocrx_word' id='word_1_761' title='bbox 2639 4507 2805 4549; x_wconf 88' lang='lat' dir='ltr'><strong>carne</strong></span> <span class='ocrx_word' id='word_1_762' title='bbox 2832 4506 2975 4557; x_wconf 89' lang='lat' dir='ltr'><strong>una,</strong></span> <span class='ocrx_word' id='word_1_763' title='bbox 3002 4500 3057 4545; x_wconf 92' lang='lat' dir='ltr'><strong>et</strong></span> <span class='ocrx_word' id='word_1_764' title='bbox 3104 4498 3258 4560; x_wconf 88' lang='lat' dir='ltr'><strong>pater</strong></span> <span class='ocrx_word' id='word_1_765' title='bbox 3301 4504 3366 4543; x_wconf 89' lang='lat' dir='ltr'><strong>ac</strong></span> <span class='ocrx_word' id='word_1_766' title='bbox 3401 4490 3500 4543; x_wconf 86' lang='lat' dir='ltr'><strong>lilii</strong></span> <span class='ocrx_word' id='word_1_767' title='bbox 3536 4506 3679 4551; x_wconf 85' lang='lat' dir='ltr'><strong>una,</strong></span> 
     </span>
    </p>
   </div>
   <div class='ocr_carea' id='block_1_108' title="bbox 2089 4578 3683 4657">
    <p class='ocr_par' dir='ltr' id='par_1_108' title="bbox 2089 4578 3683 4657">
     <span class='ocr_line' id='line_1_108' title="bbox 2089 4578 3683 4657; baseline -0.009 -13"><span class='ocrx_word' id='word_1_768' title='bbox 2089 4591 2390 4657; x_wconf 86' lang='lat' dir='ltr'><strong>eademque</strong></span> <span class='ocrx_word' id='word_1_769' title='bbox 2418 4599 2649 4656; x_wconf 85' lang='lat' dir='ltr'><strong>persona</strong></span> <span class='ocrx_word' id='word_1_770' title='bbox 2675 4591 2966 4637; x_wconf 87' lang='lat' dir='ltr'><strong>censeatur</strong></span> <span class='ocrx_word' id='word_1_771' title='bbox 2992 4594 3059 4634; x_wconf 82' lang='lat' dir='ltr'><strong>ex</strong></span> <span class='ocrx_word' id='word_1_772' title='bbox 3090 4578 3343 4643; x_wconf 82' lang='lat' dir='ltr'><strong>artiﬁcio,</strong></span> <span class='ocrx_word' id='word_1_773' title='bbox 3370 4593 3439 4632; x_wconf 88' lang='lat' dir='ltr'><strong>ac</strong></span> <span class='ocrx_word' id='word_1_774' title='bbox 3456 4578 3683 4646; x_wconf 82' lang='lat' dir='ltr'><strong>ﬁgmen-</strong></span> 
     </span>
    </p>
   </div>
   <div class='ocr_carea' id='block_1_109' title="bbox 2092 4674 3683 4753">
    <p class='ocr_par' dir='ltr' id='par_1_109' title="bbox 2092 4674 3683 4753">
     <span class='ocr_line' id='line_1_109' title="bbox 2092 4674 3683 4753; baseline -0.009 -16"><span class='ocrx_word' id='word_1_775' title='bbox 2092 4695 2146 4737; x_wconf 90' lang='lat' dir='ltr'><strong>to</strong></span> <span class='ocrx_word' id='word_1_776' title='bbox 2181 4684 2323 4753; x_wconf 91' lang='lat' dir='ltr'><strong>juris</strong></span> <span class='ocrx_word' id='word_1_777' title='bbox 2364 4681 2525 4734; x_wconf 91' lang='lat' dir='ltr'><strong>etiam</strong></span> <span class='ocrx_word' id='word_1_778' title='bbox 2576 4676 2792 4739; x_wconf 89' lang='lat' dir='ltr'><strong>civilis,</strong></span> <span class='ocrx_word' id='word_1_779' title='bbox 2837 4674 2970 4742; x_wconf 90' lang='lat' dir='ltr'><strong>quin</strong></span> <span class='ocrx_word' id='word_1_780' title='bbox 3019 4682 3076 4727; x_wconf 88' lang='lat' dir='ltr'><strong>et</strong></span> <span class='ocrx_word' id='word_1_781' title='bbox 3114 4683 3428 4727; x_wconf 86' lang='lat' dir='ltr'><strong>commento</strong></span> <span class='ocrx_word' id='word_1_782' title='bbox 3473 4681 3683 4723; x_wconf 80' lang='lat' dir='ltr'><strong>natura:</strong></span> 
     </span>
    </p>
   </div>
   <div class='ocr_carea' id='block_1_110' title="bbox 2094 4764 3682 4847">
    <p class='ocr_par' dir='ltr' id='par_1_110' title="bbox 2094 4764 3682 4847">
     <span class='ocr_line' id='line_1_110' title="bbox 2094 4764 3682 4847; baseline -0.008 -18"><span class='ocrx_word' id='word_1_783' title='bbox 2094 4772 2473 4847; x_wconf 85' lang='lat' dir='ltr'><strong>prehensantis</strong></span> <span class='ocrx_word' id='word_1_784' title='bbox 2523 4768 2981 4823; x_wconf 88' lang='lat' dir='ltr'><strong>immortalitatem</strong></span> <span class='ocrx_word' id='word_1_785' title='bbox 3026 4764 3410 4835; x_wconf 90' lang='lat' dir='ltr'><strong>procreatione</strong></span> <span class='ocrx_word' id='word_1_786' title='bbox 3450 4764 3682 4824; x_wconf 84' lang='lat' dir='ltr'><strong>similis,</strong></span> 
     </span>
    </p>
   </div>
   <div class='ocr_carea' id='block_1_111' title="bbox 2103 4846 3684 4925">
    <p class='ocr_par' dir='ltr' id='par_1_111' title="bbox 2103 4846 3684 4925">
     <span class='ocr_line' id='line_1_111' title="bbox 2103 4846 3684 4925; baseline -0.009 -5"><span class='ocrx_word' id='word_1_787' title='bbox 2103 4868 2141 4923; x_wconf 89' lang='grc' dir='ltr'><strong>ι.</strong></span> <span class='ocrx_word' id='word_1_788' title='bbox 2177 4846 2325 4920; x_wconf 77' lang='lat' dir='ltr'><strong>ﬁnal.</strong></span> <span class='ocrx_word' id='word_1_789' title='bbox 2359 4863 2424 4918; x_wconf 81' lang='lat' dir='ltr'><strong>C.</strong></span> <span class='ocrx_word' id='word_1_790' title='bbox 2475 4861 2554 4915; x_wconf 85' lang='lat' dir='ltr'><strong>De</strong></span> <span class='ocrx_word' id='word_1_791' title='bbox 2583 4861 2840 4923; x_wconf 81' lang='lat' dir='ltr'><strong>impuber.</strong></span> <span class='ocrx_word' id='word_1_792' title='bbox 2864 4869 2918 4912; x_wconf 85' lang='lat' dir='ltr'><strong>et</strong></span> <span class='ocrx_word' id='word_1_793' title='bbox 2944 4857 3017 4911; x_wconf 86' lang='lat' dir='ltr'><strong>al.</strong></span> <span class='ocrx_word' id='word_1_794' title='bbox 3048 4855 3351 4916; x_wconf 79' lang='lat' dir='ltr'><strong>substitut.,</strong></span> <span class='ocrx_word' id='word_1_795' title='bbox 3380 4854 3410 4925; x_wconf 84' lang='lat'><strong>§</strong></span> <span class='ocrx_word' id='word_1_796' title='bbox 3462 4854 3531 4907; x_wconf 81' lang='lat' dir='ltr'><strong>Ei</strong></span> <span class='ocrx_word' id='word_1_797' title='bbox 3572 4871 3684 4907; x_wconf 67' lang='lat' dir='ltr'><strong>vero</strong></span> 
     </span>
    </p>
   </div>
   <div class='ocr_carea' id='block_1_112' title="bbox 2101 4946 3684 5021">
    <p class='ocr_par' dir='ltr' id='par_1_112' title="bbox 2101 4946 3684 5021">
     <span class='ocr_line' id='line_1_112' title="bbox 2101 4946 3684 5021; baseline -0.008 -10"><span class='ocrx_word' id='word_1_798' title='bbox 2101 4959 2332 5012; x_wconf 83' lang='lat' dir='ltr'><strong>iustitut.</strong></span> <span class='ocrx_word' id='word_1_799' title='bbox 2373 4956 2435 5008; x_wconf 87' lang='lat' dir='ltr'><strong>de</strong></span> <span class='ocrx_word' id='word_1_800' title='bbox 2454 4950 2920 5021; x_wconf 74' lang='lat' dir='ltr'><strong>inutil.slipulat.,</strong></span> <span class='ocrx_word' id='word_1_801' title='bbox 2949 4949 2977 5020; x_wconf 60' lang='grc' dir='ltr'><strong>ἓ</strong></span> <span class='ocrx_word' id='word_1_802' title='bbox 3005 4947 3108 5003; x_wconf 85' lang='lat' dir='ltr'><strong>Sed</strong></span> <span class='ocrx_word' id='word_1_803' title='bbox 3130 4948 3215 5002; x_wconf 75' lang='lat' dir='ltr'><strong>sui</strong></span> <span class='ocrx_word' id='word_1_804' title='bbox 3236 4946 3460 5007; x_wconf 81' lang='lat' dir='ltr'><strong>ibidem,</strong></span> <span class='ocrx_word' id='word_1_805' title='bbox 3493 4947 3559 4999; x_wconf 85' lang='lat' dir='ltr'><strong>de</strong></span> <span class='ocrx_word' id='word_1_806' title='bbox 3585 4947 3684 4999; x_wconf 76' lang='lat' dir='ltr'><strong>Im:-</strong></span> 
     </span>
    </p>
   </div>
   <div class='ocr_carea' id='block_1_113' title="bbox 2101 5039 3684 5119">
    <p class='ocr_par' dir='ltr' id='par_1_113' title="bbox 2101 5039 3684 5119">
     <span class='ocr_line' id='line_1_113' title="bbox 2101 5039 3684 5119; baseline -0.009 -16"><span class='ocrx_word' id='word_1_807' title='bbox 2101 5053 2213 5103; x_wconf 83' lang='lat' dir='ltr'><strong>red.</strong></span> <span class='ocrx_word' id='word_1_808' title='bbox 2246 5048 2434 5119; x_wconf 87' lang='lat' dir='ltr'><strong>qualit,</strong></span> <span class='ocrx_word' id='word_1_809' title='bbox 2468 5046 2746 5115; x_wconf 88' lang='lat' dir='ltr'><strong>patrisque</strong></span> <span class='ocrx_word' id='word_1_810' title='bbox 2776 5058 2881 5095; x_wconf 85' lang='lat' dir='ltr'><strong>vox</strong></span> <span class='ocrx_word' id='word_1_811' title='bbox 2910 5083 2927 5105; x_wconf 92' lang='lat'><strong>,</strong></span> <span class='ocrx_word' id='word_1_812' title='bbox 2966 5042 3038 5095; x_wconf 89' lang='lat' dir='ltr'><strong>sit</strong></span> <span class='ocrx_word' id='word_1_813' title='bbox 3077 5055 3180 5093; x_wconf 79' lang='lat' dir='ltr'><strong>vox</strong></span> <span class='ocrx_word' id='word_1_814' title='bbox 3216 5039 3334 5098; x_wconf 87' lang='lat' dir='ltr'><strong>lilii.</strong></span> <span class='ocrx_word' id='word_1_815' title='bbox 3369 5040 3467 5105; x_wconf 89' lang='lat' dir='ltr'><strong>qui</strong></span> <span class='ocrx_word' id='word_1_816' title='bbox 3511 5049 3684 5107; x_wconf 83' lang='lat' dir='ltr'><strong>pater-</strong></span> 
     </span>
    </p>
   </div>
   <div class='ocr_carea' id='block_1_114' title="bbox 2102 5133 3683 5215">
    <p class='ocr_par' dir='ltr' id='par_1_114' title="bbox 2102 5133 3683 5215">
     <span class='ocr_line' id='line_1_114' title="bbox 2102 5133 3683 5215; baseline -0.01 -18"><span class='ocrx_word' id='word_1_817' title='bbox 2102 5158 2298 5215; x_wconf 86' lang='lat' dir='ltr'><strong>norum</strong></span> <span class='ocrx_word' id='word_1_818' title='bbox 2344 5142 2616 5193; x_wconf 80' lang='lat' dir='ltr'><strong>viscerum</strong></span> <span class='ocrx_word' id='word_1_819' title='bbox 2663 5137 2842 5206; x_wconf 84' lang='lat' dir='ltr'><strong>portio</strong></span> <span class='ocrx_word' id='word_1_820' title='bbox 2897 5143 3003 5200; x_wconf 89' lang='lat' dir='ltr'><strong>est,</strong></span> <span class='ocrx_word' id='word_1_821' title='bbox 3042 5149 3107 5186; x_wconf 85' lang='lat' dir='ltr'><strong>ex</strong></span> <span class='ocrx_word' id='word_1_822' title='bbox 3156 5133 3478 5194; x_wconf 83' lang='lat' dir='ltr'><strong>Aristotele,</strong></span> <span class='ocrx_word' id='word_1_823' title='bbox 3517 5133 3605 5184; x_wconf 88' lang='lat' dir='ltr'><strong>lib.</strong></span> <span class='ocrx_word' id='word_1_824' title='bbox 3655 5147 3683 5181; x_wconf 68' lang='grc' dir='ltr'><strong>ν</strong></span> 
     </span>
    </p>
   </div>
   <div class='ocr_carea' id='block_1_115' title="bbox 2096 5226 3672 5300">
    <p class='ocr_par' dir='ltr' id='par_1_115' title="bbox 2096 5226 3672 5300">
     <span class='ocr_line' id='line_1_115' title="bbox 2096 5226 3672 5300; baseline -0.008 -12"><span class='ocrx_word' id='word_1_825' title='bbox 2096 5234 2294 5300; x_wconf 74' lang='lat' dir='ltr'><strong>Etliic.,</strong></span> <span class='ocrx_word' id='word_1_826' title='bbox 2321 5243 2375 5287; x_wconf 93' lang='lat' dir='ltr'><strong>et</strong></span> <span class='ocrx_word' id='word_1_827' title='bbox 2397 5234 2450 5286; x_wconf 92' lang='lat' dir='ltr'><strong>in</strong></span> <span class='ocrx_word' id='word_1_828' title='bbox 2477 5247 2587 5300; x_wconf 85' lang='lat' dir='ltr'><strong>quo</strong></span> <span class='ocrx_word' id='word_1_829' title='bbox 2610 5238 2863 5300; x_wconf 88' lang='lat' dir='ltr'><strong>parentes</strong></span> <span class='ocrx_word' id='word_1_830' title='bbox 2882 5226 3233 5291; x_wconf 82' lang='lat' dir='ltr'><strong>reviviscunt,</strong></span> <span class='ocrx_word' id='word_1_831' title='bbox 3253 5233 3307 5277; x_wconf 90' lang='lat' dir='ltr'><strong>et</strong></span> <span class='ocrx_word' id='word_1_832' title='bbox 3331 5226 3672 5293; x_wconf 87' lang='lat' dir='ltr'><strong>quemadmo-</strong></span> 
     </span>
    </p>
   </div>
   <div class='ocr_carea' id='block_1_116' title="bbox 2095 5321 3680 5397">
    <p class='ocr_par' dir='ltr' id='par_1_116' title="bbox 2095 5321 3680 5397">
     <span class='ocr_line' id='line_1_116' title="bbox 2095 5321 3680 5397; baseline -0.009 -12"><span class='ocrx_word' id='word_1_833' title='bbox 2095 5332 2225 5385; x_wconf 91' lang='lat' dir='ltr'><strong>dum</strong></span> <span class='ocrx_word' id='word_1_834' title='bbox 2262 5328 2436 5397; x_wconf 88' lang='lat' dir='ltr'><strong>magis</strong></span> <span class='ocrx_word' id='word_1_835' title='bbox 2463 5326 2826 5385; x_wconf 85' lang='lat' dir='ltr'><strong>oblectamur,</strong></span> <span class='ocrx_word' id='word_1_836' title='bbox 2848 5322 2918 5376; x_wconf 89' lang='lat' dir='ltr'><strong>ita</strong></span> <span class='ocrx_word' id='word_1_837' title='bbox 2937 5323 3058 5391; x_wconf 92' lang='lat' dir='ltr'><strong>plus</strong></span> <span class='ocrx_word' id='word_1_838' title='bbox 3092 5330 3417 5389; x_wconf 83' lang='lat' dir='ltr'><strong>torquentur</strong></span> <span class='ocrx_word' id='word_1_839' title='bbox 3451 5321 3507 5372; x_wconf 88' lang='lat' dir='ltr'><strong>in</strong></span> <span class='ocrx_word' id='word_1_840' title='bbox 3536 5322 3680 5387; x_wconf 85' lang='lat' dir='ltr'><strong>ipso;</strong></span> 
     </span>
    </p>
   </div>
   <div class='ocr_carea' id='block_1_117' title="bbox 2100 5413 3672 5488">
    <p class='ocr_par' dir='ltr' id='par_1_117' title="bbox 2100 5413 3672 5488">
     <span class='ocr_line' id='line_1_117' title="bbox 2100 5413 3672 5488; baseline -0.01 -10"><span class='ocrx_word' id='word_1_841' title='bbox 2100 5425 2334 5478; x_wconf 82' lang='lat' dir='ltr'><strong>filiorum</strong></span> <span class='ocrx_word' id='word_1_842' title='bbox 2372 5431 2518 5475; x_wconf 86' lang='lat' dir='ltr'><strong>certe</strong></span> <span class='ocrx_word' id='word_1_843' title='bbox 2553 5419 2811 5488; x_wconf 87' lang='lat' dir='ltr'><strong>dignitas,</strong></span> <span class='ocrx_word' id='word_1_844' title='bbox 2852 5418 2992 5476; x_wconf 89' lang='lat' dir='ltr'><strong>laus,</strong></span> <span class='ocrx_word' id='word_1_845' title='bbox 3029 5424 3191 5483; x_wconf 89' lang='lat' dir='ltr'><strong>atque</strong></span> <span class='ocrx_word' id='word_1_846' title='bbox 3230 5413 3403 5483; x_wconf 87' lang='lat' dir='ltr'><strong>gloria</strong></span> <span class='ocrx_word' id='word_1_847' title='bbox 3448 5428 3672 5465; x_wconf 64' lang='lat' dir='ltr'><strong>cuminu-</strong></span> 
     </span>
    </p>
   </div>
   <div class='ocr_carea' id='block_1_118' title="bbox 2104 5506 3682 5585">
    <p class='ocr_par' dir='ltr' id='par_1_118' title="bbox 2104 5506 3682 5585">
     <span class='ocr_line' id='line_1_118' title="bbox 2104 5506 3682 5585; baseline -0.01 -12"><span class='ocrx_word' id='word_1_848' title='bbox 2104 5520 2190 5573; x_wconf 92' lang='lat' dir='ltr'><strong>nis</strong></span> <span class='ocrx_word' id='word_1_849' title='bbox 2240 5528 2323 5572; x_wconf 83' lang='lat' dir='ltr'><strong>est</strong></span> <span class='ocrx_word' id='word_1_850' title='bbox 2354 5516 2515 5585; x_wconf 90' lang='lat' dir='ltr'><strong>patri.</strong></span> <span class='ocrx_word' id='word_1_851' title='bbox 2570 5512 2660 5567; x_wconf 84' lang='lat' dir='ltr'><strong>Uti</strong></span> <span class='ocrx_word' id='word_1_852' title='bbox 2708 5510 3054 5565; x_wconf 86' lang='lat' dir='ltr'><strong>Justinianus</strong></span> <span class='ocrx_word' id='word_1_853' title='bbox 3105 5508 3274 5561; x_wconf 88' lang='lat' dir='ltr'><strong>refert</strong></span> <span class='ocrx_word' id='word_1_854' title='bbox 3332 5506 3682 5566; x_wconf 72' lang='lat' dir='ltr'><strong>Autheuticis,</strong></span> 
     </span>
    </p>
   </div>
   <div class='ocr_carea' id='block_1_119' title="bbox 2108 5601 3683 5680">
    <p class='ocr_par' dir='ltr' id='par_1_119' title="bbox 2108 5601 3683 5680">
     <span class='ocr_line' id='line_1_119' title="bbox 2108 5601 3683 5680; baseline -0.009 -13"><span class='ocrx_word' id='word_1_855' title='bbox 2108 5613 2395 5667; x_wconf 76' lang='lat' dir='ltr'><strong>Constitut.</strong></span> <span class='ocrx_word' id='word_1_856' title='bbox 2429 5625 2547 5680; x_wconf 70' lang='lat' dir='ltr'><strong>qua:</strong></span> <span class='ocrx_word' id='word_1_857' title='bbox 2577 5606 2916 5678; x_wconf 83' lang='lat' dir='ltr'><strong>diguitatib.,</strong></span> <span class='ocrx_word' id='word_1_858' title='bbox 2960 5603 2987 5673; x_wconf 83' lang='lat'>§</span> <span class='ocrx_word' id='word_1_859' title='bbox 3022 5601 3371 5664; x_wconf 79' lang='lat' dir='ltr'><strong>Generaliter,</strong></span> <span class='ocrx_word' id='word_1_860' title='bbox 3408 5601 3504 5655; x_wconf 87' lang='lat' dir='ltr'><strong>ubi</strong></span> <span class='ocrx_word' id='word_1_861' title='bbox 3527 5603 3683 5671; x_wconf 63' lang='lat' dir='ltr'><strong>gloss.</strong></span> 
     </span>
    </p>
   </div>
  </div>
