3816 6220
166 274 332 341 1ἷ39

1508 274 1605 333 υΕ
1646 275 1819 333 νιΤλ
1851 277 1911 334 S.
1957 277 2123 337 NILI

3315 275 3456 344 1390

152 406 220 451 et
257 394 338 448 ad
381 390 421 446 l.
455 388 560 447 Sed
590 388 867 453 Julianus,
909 386 937 459 §
967 387 1117 453 Quod
1154 390 1354 443 dicitur
1397 387 1465 444 Ι).
1502 390 1572 443 ad
1610 388 1669 447 S.
1705 388 1767 443 (Σ.
1800 397 1846 451 Α
1877 388 2113 461 Spiritus
2155 390 2330 446 sancti
2381 390 2545 457 dona,
2578 392 2910 451 vanitatibus
2936 391 3156 457 attritis,
3204 406 3271 449 ac
3310 395 3459 449 velut

156 484 557 539 Macedonian.
618 480 756 536 Hinc
775 496 946 551 arguo
973 480 1153 534 Nilum
1193 497 1292 535 nec
1330 481 1399 536 de
1435 481 1599 537 rebus
1627 496 1657 535 a
1688 495 1767 545 se,

155 579 404 646 tilioque
444 573 726 629 Theodulo
754 573 885 627 inibi
911 581 1098 627 sancte
1130 574 1317 643 gestis,
1339 588 1515 642 neque
1541 574 1608 627 de
1636 589 1770 627 con-

152 669 344 741 jugis,
385 669 615 738 liliaque
654 666 932 737 praeclaris
960 675 1015 720 et
1068 666 1340 736 religiosis
1365 666 1576 721 actibus
1607 666 1767 737 quid-

159 777 343 832 quam
401 761 701 815 litterarum
778 758 1149 812 monumentis
1207 757 1581 827 consignasse,
1631 757 1767 812 adeo

162 854 431 909 modeste
446 854 511 907 de
527 868 606 917 se,
638 851 860 920 suisque
879 850 1172 914 sentiebat,
1192 850 1326 904 adeo
1342 857 1526 904 exacte
1543 848 1765 902 humili-

160 958 349 1001 tatem
382 945 625 1010 colebat;
656 943 845 997 mirari
882 942 1017 998 satis
1045 957 1155 995 non
1190 957 1434 1012 possum,
1468 942 1615 1012 quod
1648 940 1767 1010 ipse

164 1051 359 1095 totum
410 1038 538 1092 illud
567 1046 803 1106 tempus,
834 1049 944 1105 quo
981 1035 1036 1088 in
1065 1044 1250 1089 monte
1281 1034 1433 1089 Sinai
1460 1035 1765 1090 diversatus

163 1144 279 1197 est,
302 1140 427 1186 ante
448 1129 809 1184 Barbarorum
836 1128 1381 1197 incursionem,quae,
1402 1135 1461 1180 ut
1484 1136 1762 1196 computo,

165 1224 382 1280 accidit
422 1238 453 1279 a
491 1222 552 1278 C.
599 1221 666 1276 N.
701 1221 829 1288 410,
873 1222 1065 1291 sicque
1109 1218 1570 1290 quinquennium,
1618 1219 1762 1289 quod

166 1318 387 1389 peregit
416 1319 469 1371 in
500 1315 822 1370 Narratione
848 1313 1109 1375 secunda,
1138 1312 1301 1383 662
1326 1326 1446 1381 pag.
1468 1310 1555 1375 l7,
1580 1310 1763 1364 verbis

167 1410 302 1465 istis
340 1409 641 1464 describit:
669 1407 819 1478 Αὕτη
855 1406 933 1478 μὴ
952 1406 1051 1477 τῆς
1084 1404 1318 1475 ἡσυχίας
1345 1402 1551 1472 ταύτης
1577 1401 1763 1471 ἐποίη-

169 1516 272 1552 σεν
324 1497 583 1569 ἐραστὴν,
636 1496 904 1567 καὶπρὸς
945 1499 1045 1568 τὴν
1084 1493 1428 1564 ποθουμένην
1480 1492 1763 1563 ὡδήγησεν

169 1588 434 1661 ἐρημίαν,
464 1589 558 1639 καὶ
584 1588 747 1657 μέχρι
775 1584 971 1639 πολλοῦ
1005 1582 1419 1657 παρεσκεύασεν
1451 1581 1761 1635 διαιτᾶσθαι

167 1680 353 1750 ήδέως
386 1679 628 1749 γαλήνης
658 1676 1000 1731 ἀπολαύοντα
1030 1674 1256 1745 πολλῆς,
1280 1673 1377 1727 καὶ
1400 1671 1568 1743 οὐρίῳ
1596 1670 1761 1724 πνεύ-

175 1789 314 1843 ματι
341 1770 481 1841 πρὸς
518 1770 610 1822 τὸν
651 1769 852 1822 σκοπὸν
882 1767 1245 1840 εὐθυνόμενον
1301 1767 1428 1830 ἓως,
1462 1772 1569 1820 etc.
1613 1763 1760 1818 Talis

172 1864 423 1933 (potioris
451 1878 631 1931 nempe
650 1862 770 1915 boni
801 1861 1087 1931 cupiditas)
1119 1876 1199 1914 me
1236 1859 1427 1929 quietis
1454 1859 1615 1911 istius
1639 1856 1765 1926 fecit

169 1964 492 2019 amatorem,
545 1964 595 2008 et
636 1955 705 2008 ad
741 1954 1101 2008 desideratam
1134 1952 1357 2007 deduxit
1398 1952 1763 2016 solitudinem,

168 2050 505 2117 multumque
553 2064 647 2119 per
694 2058 895 2118 tempus
936 2047 1111 2115 effecit
1170 2046 1470 2100 inhabitare
1514 2045 1759 2105 libenter,

168 2140 349 2195 multa
390 2139 651 2209 [ruentem
706 2138 1132 2209 tranquillitate,
1185 2137 1514 2206 secundoque
1565 2136 1762 2203 spiritu

166 2233 436 2288 directum
471 2233 539 2287 ad
580 2249 817 2302 scopum,
858 2234 1021 2285 donec
1044 2245 1065 2285 :
1099 2231 1188 2285 ubi
1223 2229 1458 2284 multum
1499 2243 1594 2298 per
1626 2237 1765 2282 tem-

175 2341 284 2395 pus
335 2325 576 2396 intelligo
623 2325 891 2394 integram
935 2322 1307 2393 Olympiadem
1350 2336 1461 2391 quo
1518 2320 1765 2390 impleret

170 2418 553 2487 praescriptum
603 2414 933 2485 μονάζουσι,
983 2432 1078 2471 seu
1136 2414 1425 2485 νεωτέροις
1478 2415 1763 2467 monachis

173 2506 546 2560 intervallum.
584 2505 790 2560 Interea
821 2520 952 2559 vero
997 2512 1223 2558 sanctus
1246 2499 1485 2555 Joannes
1524 2500 1762 2569 Chryso-

173 2611 392 2653 stomus
424 2598 477 2651 in
523 2596 717 2652 exsilio
770 2596 1023 2650 Comanae
1061 2594 1366 2648 decesserat
1412 2606 1554 2645 anno
1599 2590 1659 2645 C.
1693 2587 1759 2643 Ν.

174 2680 308 2756 407,
340 2691 483 2745 sicut
509 2688 793 2744 admonui.
826 2688 1043 2741 Obierat
1069 2694 1124 2740 et
1147 2683 1615 2753 Constantinopoli
1646 2684 1761 2736 Ka—

173 2783 326 2837 lend.
344 2782 517 2841 Maiis,
540 2782 792 2852 quamvis
812 2780 1089 2835 ascrihant
1113 2795 1128 2833 ι
1152 2777 1381 2831 Kalend.
1404 2774 1759 2847 Septembris,

174 2876 271 2943 qui
305 2873 688 2944 Theophanem
719 2879 1045 2940 sequuntur,
1075 2883 1219 2923 anno
1241 2866 1595 2936 subsequenti
1630 2864 1760 2931 408,

175 2968 447 3023 Arcadius
483 2968 760 3036 Augustus
798 2965 1021 3029 viduus,
1059 2979 1090 3018 e
1124 2962 1325 3017 Codice
1352 2959 1757 3023 Theodosiano,

174 3070 235 3116 et
285 3069 622 3115 successerat
659 3056 1005 3111 Theodosius
1057 3056 1109 3110 in
1141 3054 1240 3108 Eoi
1282 3050 1757 3107 administratione

179 3152 417 3223 imperii.
450 3150 695 3207 Eudoxia
724 3164 853 3205 vero
883 3150 1127 3218 Augusta
1153 3146 1446 3216 putabatur
1479 3159 1622 3197 anno
1650 3140 1757 3195 404

179 3244 465 3299 demortua
487 3282 503 3307 ,
533 3243 627 3298 sed
670 3241 738 3295 ad
758 3241 884 3305 409,
912 3238 1133 3294 biennio
1162 3246 1286 3308 post
1329 3235 1504 3292 sancti
1532 3233 1760 3288 Joannis

179 3336 415 3401 obitum,
434 3351 464 3391 e
489 3339 598 3390 vita
628 3337 892 3407 migrasse
923 3331 1250 3403 Spondanus
1276 3330 1476 3384 evincit
1506 3328 1571 3381 ad
1607 3327 1758 3380 illum

181 3444 384 3482 annum
415 3427 555 3491 404,
589 3442 741 3481 num.
782 3426 885 3490 16,
921 3432 977 3479 et
1006 3424 1076 3478 ad
1112 3437 1314 3477 annum
1338 3421 1464 3487 407,
1506 3437 1658 3473 num.
1703 3418 1756 3474 7.

181 3520 387 3591 Opinor
416 3529 596 3574 autem
628 3530 737 3574 tam
786 3533 817 3571 a
847 3517 1001 3579 Nilo,
1027 3531 1191 3586 quam
1221 3531 1250 3569 a
1279 3513 1560 3568 Theodulo
1591 3512 1761 3566 luisse

183 3623 457 3667 Servatum
493 3612 763 3682 jejunium
812 3610 1082 3679 apprime.
1119 3607 1279 3663 Certe
1325 3606 1452 3660 illud
1500 3604 1757 3667 delineat,

180 3722 236 3776 p.
266 3706 354 3768 35,
378 3720 427 3760 c.
456 3704 522 3758 l4
545 3712 597 3759 et
620 3719 743 3775 pag.
768 3702 832 3757 16
856 3710 1073 3757 tractat.
1097 3701 1176 3755 De
1204 3708 1431 3754 monast.
1454 3697 1758 3761 exercitat.,

178 3807 535 3871 posteaquam
575 3797 874 3853 insectatus
910 3805 996 3851 est
1037 3795 1321 3849 catillones
1365 3792 1628 3848 delicatos
1663 3804 1760 3843 ex-

178 3894 511 3966 quisitorum
561 3892 833 3955 ciborum,
872 3896 927 3945 et
972 3887 1445 3943 condimentorum
1492 3880 1755 3941 asseclas,

178 3988 322 4057 gula:
362 4002 426 4041 ac
477 3984 870 4056 gastrimargia:
910 3980 1128 4051 penitus
1164 3977 1446 4037 addictos.
1484 3984 1594 4028 tam
1634 3986 1759 4042 gra-

177 4080 357 4149 phice,
387 4078 533 4147 quod
575 4074 960 4131 custodiebant
997 4071 1256 4126 monachi
1287 4086 1383 4141 per
1410 4068 1635 4124 cellulas
1663 4066 1761 4121 ibi-

178 4177 328 4238 dem,
362 4183 421 4225 ut
445 4171 549 4227 sub
576 4169 769 4225 oculos
795 4175 983 4237 ponat.
1005 4164 1224 4235 Jejunio
1258 4161 1505 4233 proiecto
1533 4174 1760 4215 revoca-

176 4279 274 4323 tur
310 4268 470 4319 IIOlllO
520 4264 588 4317 ad
630 4260 967 4333 paradisum,
994 4274 1060 4314 ex
1098 4271 1209 4328 quo
1238 4264 1459 4325 propter
1487 4254 1757 4323 intempe-

176 4358 417 4413 rantiam
468 4352 572 4407 fuit
620 4351 848 4420 ejectus.
889 4346 1167 4417 Jejunium
1212 4352 1299 4398 est
1351 4343 1476 4396 vitae
1522 4342 1759 4396 caelestis

1873 484 2083 549 erasis,
2127 493 2182 539 et
2219 484 2474 540 sordibus
2498 487 2870 540 emundatam.
2900 484 3056 553 Quod
3085 485 3131 540 si
3152 485 3335 541 omnis
3362 484 3461 556 qui

1872 577 2154 631 contendit
2195 577 2249 630 in
2283 592 2453 647 agone
2475 579 2543 631 ab
2587 578 2843 633 omnibus
2876 592 2934 633 se
2970 578 3226 643 abstinet,
3256 586 3318 632 ut
3342 593 3462 632 cor-

1873 670 2186 737 ruptibilem
2222 670 2454 739 accipiat
2497 686 2796 735 coronam,
2837 680 2892 725 et
2933 671 3107 726 currit
3140 670 3195 725 in
3232 671 3456 735 stadio;

1867 760 2161 830 Apostolus
2203 761 2277 816 ita
2322 763 2511 816 scribit
2557 764 2578 815 l
2624 761 2751 817 Cor.
2786 778 2862 821 ut.
2912 763 3004 827 25,
3039 771 3246 833 quanto
3284 760 3461 824 magis

1866 855 2068 911 debent
2083 856 2337 910 monachi
2360 871 2579 926 operam
2601 856 2733 911 dare
2755 856 3122 921 abstinentiae,
3138 855 3460 926 jejunioque

1865 962 2067 1018 corpus
2108 948 2364 1018 afﬂigere,
2396 949 2621 1004 domare
2652 958 2812 1018 atque
2843 964 3146 1011 macerare,
3178 956 3236 1002 ut
3258 946 3462 1001 donen'

1864 1048 1957 1094 tur
2041 1041 2356 1111 incorrupto
2451 1052 2506 1096 et
2611 1040 3054 1096 immarcescibili
3122 1038 3453 1093 diademate.

1864 1131 2006 1187 Inter
2051 1132 2276 1202 spiritus
2326 1142 2451 1188 octo
2504 1133 2755 1197 malitiae,
2808 1134 2924 1187 sive
2970 1141 3194 1201 peccata
3244 1131 3456 1201 capita-

1866 1222 1937 1277 lia
1994 1224 2201 1293 primas
2244 1223 2396 1279 ducit
2448 1226 2573 1294 gula
2629 1224 2843 1294 jejunio
2905 1224 3160 1289 adversa,
3221 1232 3283 1278 ut
3339 1224 3457 1291 ipse

1864 1314 2016 1371 Nilus
2044 1318 2276 1373 collocat
2300 1318 2353 1372 in
2371 1327 2605 1373 tractatu
2636 1318 2702 1373 de
2727 1318 2834 1373 illis
2863 1332 2987 1378 suo,
3011 1325 3067 1371 et
3095 1316 3457 1386 quemadmo-

1863 1406 1991 1460 dum
2064 1418 2149 1463 est
2212 1425 2277 1464 ea
2344 1410 2546 1464 ostium
2602 1410 2836 1464 aliorum
2912 1408 3248 1472 criminum,
3288 1405 3451 1477 663

1864 1499 1935 1552 ita
1962 1498 2231 1569 jejunium
2289 1502 2456 1571 janua
2489 1512 2573 1557 est
2632 1503 2863 1556 aliarum
2925 1502 3235 1563 virtutum;
3278 1499 3447 1563 Elias,

1863 1589 2098 1661 Moyses,
2157 1601 2213 1647 et
2274 1594 2523 1649 Christus
2583 1593 2849 1649 Dominus
2911 1592 3124 1662 jejunio
3189 1606 3249 1646 se
3311 1604 3448 1659 pra:-

1865 1682 2227 1738 mnnierunt:
2274 1683 2511 1754 primus,
2546 1699 2671 1739 cum
2735 1686 2800 1739 ad
2866 1684 3035 1739 Deum
3087 1681 3333 1752 confugit
3389 1679 3448 1735 in

1868 1781 2103 1826 montem
2148 1771 2266 1838 Dei,
2308 1773 2425 1829 sive
2455 1772 2623 1839 Oreb,
2655 1773 2904 1829 meminit
2959 1772 3196 1827 Joannes
3244 1770 3449 1825 Clima-

1863 1878 1964 1919 cus
2003 1863 2177 1934 gradu
2206 1865 2262 1931 7,
2296 1879 2350 1935 p.
2387 1866 2529 1920 158:
2570 1864 2757 1921 Siddin
2808 1865 2913 1920 loci
2986 1863 3447 1919 anachoretarum

1864 1957 2021 2012 ardui
2049 1966 2104 2013 et
2128 1957 2415 2023 inaccessi,
2463 1958 2557 2027 qui
2589 1958 2827 2014 distabat
2856 1956 3214 2027 septuaginta:
3246 1952 3449 2008 millia-

1864 2049 2020 2104 ribus
2049 2064 2078 2103 a
2115 2058 2323 2113 castro,
2353 2050 2407 2103 in
2462 2064 2624 2119 quem
2670 2051 2846 2105 locum
2876 2055 3180 2104 secesserat
3211 2045 3448 2115 Stepha-

1865 2156 1970 2195 nus
2005 2156 2035 2195 a
2067 2140 2205 2194 cella
2234 2154 2333 2194 sua
2379 2140 2625 2210 migrans
2684 2138 2751 2193 ad
2800 2139 3036 2193 radicem
3097 2135 3319 2201 montis,
3376 2132 3445 2188 ad

1864 2249 2027 2303 quem
2062 2233 2209 2289 Elias
2238 2233 2500 2303 propheta
2532 2232 2700 2286 Deum
2735 2232 2962 2292 viderat.
2992 2240 3107 2285 tum
3157 2229 3222 2282 ad
3253 2227 3446 2282 cellam

1863 2343 2019 2383 suam
2046 2341 2301 2381 reversus
2337 2335 2441 2387 est,
2478 2324 2547 2379 de
2577 2322 2715 2387 Elia,
2746 2331 2798 2376 et
2827 2322 3107 2392 spelunca,
3140 2320 3193 2373 in
3218 2334 3325 2389 qua
3353 2318 3444 2371 ille

1864 2418 2065 2473 delusit
2102 2416 2363 2487 fugiendo
2392 2414 2628 2483 Jesabel,
2668 2413 2739 2469 ΙΙΙ
2772 2413 2903 2483 Reg.
2944 2429 3058 2476 XVI,
3081 2413 3133 2468 9.
3190 2410 3385 2465 Petrus
3409 2424 3444 2464 a

1868 2510 2040 2573 Valle,
2098 2517 2233 2562 tom.
2268 2506 2312 2571 l,
2364 2505 2459 2560 fol.
2496 2505 2586 2559 80.
2639 2503 2923 2559 Secundus
2990 2514 3311 2572 progressus
3370 2495 3443 2550 ad

1866 2600 2019 2655 Sinai
2048 2614 2331 2662 cacumen,
2372 2596 2546 2651 Exod.
2590 2611 2775 2659 xxxiv,
2802 2595 2859 2657 2,
2902 2608 3129 2649 saxeum
3158 2590 3439 2655 volumen,

1866 2694 2081 2763 rupices
2126 2690 2354 2761 paginas
2403 2688 2676 2757 Dccalogi,
2734 2695 2794 2741 ut
2838 2684 3082 2756 loquitur
3149 2683 3443 2739 Salvianus

1860 2786 1957 2840 lib.
1991 2784 2068 2837 De
2093 2782 2469 2855 gubernatione
2535 2779 2651 2846 Dei,
2718 2795 2772 2850 p.
2802 2778 2894 2843 22,
2954 2778 3164 2846 accepit
3222 2792 3255 2831 a
3308 2774 3441 2831 Deo.

1861 2877 2111 2953 Christus
2143 2885 2323 2930 autem
2360 2873 2560 2928 vindex
2595 2880 2650 2927 et
2681 2880 2921 2927 assertor
2948 2870 3163 2941 generis
3214 2868 3442 2922 humani

1855 2970 2113 3041 jejunans
2142 2969 2196 3023 in
2225 2968 2441 3023 deserta
2471 2963 2767 3021 solitudine
2791 2978 2916 3018 cum
2949 2962 3148 3017 Satana
3182 2975 3446 3032 congres-

1862 3076 1960 3117 sus
1995 3061 2174 3130 ipsum
2199 3058 2421 3123 devicit,
2474 3066 2529 3111 et
2557 3069 2853 3111 cxarmans
2880 3052 3190 3119 debellavit,
3239 3051 3442 3107 edixit-

1861 3167 1967 3223 que
2014 3150 2298 3220 discipulis
2325 3148 2440 3205 suis
2465 3148 2860 3203 deemoniorum
2891 3160 3065 3216 genus
3099 3152 3333 3209 mutum,
3386 3153 3444 3201 et

1860 3244 2092 3299 allidens
2117 3259 2224 3298 non
2242 3242 2367 3312 ejici
2402 3240 2507 3296 nisi
2541 3240 2594 3294 in
2617 3238 2832 3310 jejunio
2882 3245 2938 3292 et
2974 3238 3241 3302 oratione,
3268 3236 3439 3292 Marc.

1859 3335 2059 3401 tx,28.
2114 3333 2353 3391 Joannes
2423 3331 2737 3402 patriarcha
2795 3327 3441 3397 Constantinopolitanus

1862 3426 2177 3498 popularem
2215 3438 2406 3479 auram
2439 3431 2668 3491 captans
2699 3434 2845 3473 anno
2868 3418 2997 3482 585,
3051 3427 3106 3473 et
3168 3418 3441 3489 iejunato—

1858 3521 1956 3580 ris,
1983 3519 2097 3574 sive
2124 3514 2420 3588 νηστευτοῦ
2444 3513 2548 3569 sibi
2583 3527 2891 3584 cognomen
2931 3512 3228 3579 asciscens,
3260 3527 3439 3582 usque

1859 3617 1926 3671 ad
1963 3616 2065 3671 597
2089 3629 2292 3668 annum
2334 3611 2387 3666 id
2416 3618 2632 3681 gestare
2663 3606 3125 3679 perhonoriﬁcum
3152 3605 3438 3661 existima-

1858 3712 1954 3774 vit,
1987 3718 2041 3763 et
2069 3708 2162 3761 illo
2191 3721 2251 3761 se
2286 3704 2405 3761 suis
2444 3702 2693 3774 plebibus
2716 3700 2837 3771 plus
2903 3714 3063 3768 aequo
3116 3696 3434 3753 venditavit.

1867 3800 1971 3855 Sed
2005 3800 2073 3853 de
2100 3796 2308 3867 jejunio
2344 3795 2434 3865 qui
2461 3794 2632 3849 coluit
2680 3793 2734 3848 id
2766 3802 2875 3847 tam
2916 3790 3136 3851 eximie.
3178 3804 3242 3845 ac
3267 3790 3318 3844 ei
3344 3788 3440 3843 de-

1859 3891 2006 3944 ditus
2047 3890 2118 3943 ita
2144 3886 2267 3952 fuit,
2318 3895 2379 3942 ut
2424 3884 2645 3955 quoties
2692 3883 2850 3938 cibus
2921 3881 3221 3937 sumendus
3264 3886 3433 3944 esset,

1860 3980 2023 4035 toties
2048 3986 2379 4033 tormentum
2412 3974 2601 4030 subire
2631 3973 2910 4028 videretur
2930 4013 2946 4039 ,
3016 3978 3243 4027 sanctus
3303 3969 3437 4024 Ber-

1859 4071 2064 4125 nardus
2098 4068 2272 4125 fusius
2309 4066 2420 4137 agit
2450 4066 2503 4121 in
2527 4080 2594 4122 eo
2624 4065 2884 4120 nimirum
2917 4060 3433 4118 exercitatissimus.

1861 4164 2003 4218 Sunt
2068 4162 2215 4216 enim
2268 4160 2586 4229 eloquentes
2636 4157 2980 4227 potissimum
3049 4154 3302 4209 homines
3377 4152 3438 4207 in

1858 4269 1925 4308 eo
1978 4252 2125 4322 quod
2177 4250 2381 4315 sciunt,
2435 4262 2692 4303 sermone
2744 4247 2814 4301 30
2878 4244 2949 4299 ad
2983 4244 3210 4299 Cantica
3261 4242 3439 4297 canti-

1859 4361 2004 4400 rum.
2043 4343 2260 4413 Jejunio
2294 4342 2479 4411 itaque
2531 4348 2663 4397 sunt
2703 4340 2787 4394 usi
2827 4337 2983 4393 Nilus
3034 4347 3087 4392 et
3120 4335 3435 4391 Thcodulus

176 4449 401 4504 atrium.
431 4443 509 4499 Eo
539 4444 557 4513 (
588 4453 646 4497 ut
674 4451 758 4497 est
802 4440 958 4495 testis
992 4446 1215 4493 sanctus
1241 4434 1501 4504 Basilius)
1531 4434 1754 4504 propul-
1786 4438 1830 4494 D
1862 4452 1961 4508 pro
2026 4435 2204 4491 artatis
2256 4434 2524 4504 cujusque
2580 4431 2796 4486 ratione
2847 4446 2912 4485 ac
2958 4430 3142 4495 modo,
3196 4427 3437 4482 aemulati

178 4550 377 4597 santur
408 4536 730 4591 tentationes
754 4530 980 4595 diaboli,
1011 4528 1213 4584 Christi
1240 4527 1439 4582 milites
1473 4535 1758 4581 armantur

177 4634 249 4688 ad
278 4632 549 4702 pietatem.
580 4627 761 4699 Opilex
799 4635 882 4680 est
914 4623 1044 4677 illud
1076 4621 1451 4691 temperantiae.
1499 4629 1555 4676 et.
1576 4621 1754 4675 conti-

178 4725 397 4781 nentiae.
430 4723 588 4776 Certe
623 4728 845 4774 sanctus
884 4717 976 4771 hic
1026 4715 1218 4770 doctor
1267 4718 1404 4769 adeo
1429 4714 1758 4770 abstinentia

177 4815 455 4881 excelluit,
485 4821 543 4867 ut
585 4813 775 4882 spiritu
818 4816 1029 4864 tantum
1068 4806 1256 4862 vivens
1278 4845 1293 4870 ,
1326 4815 1519 4876 praeter
1547 4822 1671 4876 ossa
1703 4814 1758 4862 et

178 4908 394 4981 pellem,
424 4906 568 4959 nulla
591 4912 849 4974 praeterea
877 4899 1121 4970 corporis
1152 4908 1302 4967 parte
1323 4907 1575 4953 constare
1608 4899 1758 4953 vide-

180 5012 351 5055 retur.
413 4996 774 5052 Prretermitto
820 5011 942 5065 qua:
984 4992 1228 5064 congerit
1277 4991 1756 5061 eloquentissimus

182 5094 277 5149 ille
298 5092 522 5145 antistes
546 5089 601 5142 in
625 5087 744 5157 ejus
771 5085 1322 5145 commendationem,
1340 5083 1400 5134 ὲν
1423 5082 1601 5150 λόγοις
1627 5081 1757 5152 περὶ

180 5185 283 5253 τῆς
314 5182 565 5254 νηστείας
594 5221 609 5243 ,
648 5180 701 5233 id
732 5190 839 5243 est,
862 5179 916 5230 in
946 5175 1272 5230 sermonibus
1307 5174 1369 5229 de
1390 5174 1629 5244 jejunio,
1660 5172 1755 5243 qui

180 5275 543 5333 conferendas
567 5278 649 5327 est
675 5286 798 5326 cum
824 5269 1179 5332 Tertulliano,
1196 5283 1321 5338 pag.
1344 5266 1468 5328 l90,
1498 5266 1581 5321 Ad
1613 5283 1757 5319 mar-

184 5382 365 5443 lyres;
418 5375 609 5422 sancto
664 5364 997 5434 Hieronymo
1044 5363 1099 5415 in
1147 5361 1430 5430 Epistolis,
1468 5360 1523 5413 in
1564 5360 1756 5429 primis

183 5480 307 5519 cum
351 5468 540 5515 sancto
580 5456 908 5521 Ambrosio,
945 5455 1037 5525 qui
1080 5470 1204 5508 eum
1255 5454 1522 5517 imitatur,
1556 5453 1651 5505 lib.
1682 5451 1758 5505 De

184 5556 309 5613 Elia
346 5565 395 5607 et
428 5551 656 5623 jejunio.
706 5547 850 5603 Inter
890 5546 1310 5603 exercitationes
1360 5545 1756 5599 monachorum

182 5647 483 5720 principem
530 5642 660 5716 illud
687 5640 897 5697 obtinet
924 5640 1124 5704 l0eum,
1158 5646 1504 5705 mentemque
1535 5635 1758 5689 lumini-

186 5744 289 5799 bus
317 5736 689 5809 spiritualibus
715 5734 952 5790 illustrat
971 5748 1034 5788 ac
1056 5740 1322 5803 praeparat
1354 5733 1417 5786 ad
1443 5728 1757 5799 excipienda

1860 4538 2110 4584 sanctum
2138 4527 2300 4581 etiam
2349 4526 2594 4588 Petrum,
2647 4522 2735 4578 cui
2769 4538 2878 4577 non
2923 4522 3057 4577 satis
3082 4521 3186 4576 fuit
3248 4535 3438 4577 amare

1858 4622 2010 4685 ﬂere,
2040 4630 2340 4691 potumque
2360 4633 2523 4673 suum
2556 4615 2810 4687 lacrymis
2858 4614 3181 4678 admiscere,
3244 4628 3432 4667 verum

1857 4724 1913 4769 et
1951 4714 2153 4769 amaris
2192 4712 2394 4782 lupinis
2435 4725 2656 4780 quoque
2703 4723 2763 4764 se
2830 4722 3053 4777 pascere
3101 4705 3290 4768 voluit,
3351 4704 3435 4760 uti

1858 4807 2008 4862 canit
2054 4804 2349 4876 Gregorius
2394 4800 2775 4856 Nazianzenus
2834 4797 3059 4852 Iambic.
3117 4812 3287 4850 carm.
3340 4797 3432 4851 18.

1858 4897 1999 4964 Quid
2028 4896 2251 4952 Petrum
2289 4895 2447 4963 cujus
2471 4894 2629 4947 cibus
2672 4899 2831 4947 erant
2858 4890 3029 4958 lupini
3070 4887 3232 4942 unico
3288 4902 3434 4952 asse,

1860 4994 1963 5047 hoc
1989 5000 2073 5045 est
2094 4991 2281 5044 decem
2319 4987 2505 5051 minis,
2541 4987 2656 5040 sive
2710 4983 2888 5038 unciis
2938 4981 3106 5050 empti
3162 4996 3228 5034 ex
3289 4978 3435 5033 Billii

1856 5084 2132 5147 versione,
2176 5099 2229 5152 p.
2274 5080 2433 5144 1580,
2466 5079 2561 5149 qui
2611 5085 2768 5145 putat
2811 5090 2935 5130 eum
3001 5089 3069 5128 ex
3120 5072 3435 5143 apocrypho

1857 5177 2092 5247 quodam
2109 5175 2360 5229 hausisse
2377 5172 2535 5230 libro,
2558 5168 2789 5241 p.1387.
2809 5166 2914 5219 Sed
2946 5164 3241 5230 Gregorius
3270 5162 3438 5218 refert

1858 5271 1913 5325 in
1956 5269 2203 5324 oratione
2225 5280 2443 5335 quoque
2475 5263 2552 5316 De
2603 5276 2782 5314 amore
2818 5258 3174 5329 paupertatis,
3207 5264 3341 5310 tom.
3390 5254 3432 5322 Ι,

1858 5377 1983 5432 pag.
2017 5360 2141 5415 457.
2185 5360 2417 5412 Sanctus
2435 5355 2596 5410 etiam
2632 5349 2916 5404 Matthaaus
2945 5349 3157 5403 semina
3202 5357 3259 5402 et
3284 5364 3437 5403 sum-

1860 5472 1947 5508 ma
1981 5454 2190 5508 olerum
2227 5450 2444 5519 fastigia
2479 5443 2817 5505 comedebat,
2874 5441 2953 5496 uti
2999 5452 3221 5497 sanctus
3266 5437 3435 5493 Joan-

1861 5562 1958 5600 nes
1998 5544 2262 5615 Baptista,
2294 5555 2389 5595 seu
2438 5539 2698 5592 arborum
2732 5532 2964 5589 vertices
3015 5531 3436 5593 elllorescentes.

1862 5647 1959 5693 aut
2013 5637 2252 5692 locustas
2279 5643 2332 5688 et
2358 5631 2462 5686 mel
2519 5636 2733 5699 agreste
2790 5625 3172 5689 manducabat,
3214 5630 3441 5677 auctore

1862 5726 2143 5783 Clemente
2167 5720 2561 5788 Alexandrino,
2592 5720 2683 5775 lib.
2713 5735 2749 5773 Il
2809 5716 3119 5787 l’tcdagog..,
3152 5730 3207 5785 p.
3231 5712 3415 5771 6£.Ca
