3816 6220
400 240 526 306 1391

1129 241 1275 302 JOS.
1320 240 1581 300 MARI/E
1625 241 1980 302 SUARESII
2022 241 2251 301 LIBER
2285 242 2916 303 CHRONOLOGICUS

3522 246 3670 309 1392

393 365 589 407 cumen
620 349 875 404 arborum
898 348 1301 418 explementum
1332 368 1452 403 esse
1479 351 1701 413 ventris,
1731 352 1961 413 Seneca,
1990 360 2040 414 Α
2069 352 2162 416 lia,
2216 354 2331 408 sive
2368 357 2603 423 mapalia
2650 353 3014 410 Numidarum
3044 354 3328 421 Afrorum,
3354 356 3426 411 de
3454 362 3667 426 quibus

393 443 551 509 epist.
583 441 635 499 5.
667 450 816 494 nOIat
838 450 892 495 et
922 458 1017 510 pro
1049 441 1285 508 ἀκρίδων
1310 458 1461 506 voce,
1505 442 1555 494 id
1588 451 1689 506 est,
1732 442 1964 493 locusta-

394 550 533 595 rum,
576 532 722 603 ἄκρα
761 532 938 602 δρυῶν
977 534 1064 586 alii
1104 536 1282 600 legunt
1316 550 1408 588 seu
1448 550 1712 602 gemmas,
1765 534 1966 587 ﬂoscu-

393 624 496 686 lus,
546 634 601 678 et
624 636 865 678 extrema
919 626 1257 679 novellarum
1312 627 1595 689 arborum,
1649 627 1789 694 apud
1840 642 1967 680 sau-

394 727 539 770 ctum
562 715 871 770 Mattbteum
898 732 944 772 c.
991 733 1070 779 nt,
1110 734 1160 771 v.
1192 718 1243 771 4.
1282 717 1570 786 Nicephor.
1619 718 1711 771 lib.
1744 734 1797 781 v,
1825 733 1873 771 ε.
1900 718 1968 771 14

394 811 730 876 Historiam;
760 810 949 881 Cujac.
995 812 1059 864 ad
1098 812 1132 863 Ι.
1166 812 1271 876 Qui
1302 828 1550 865 venenum
1575 813 1702 876 256,
1732 810 1758 881 §
1802 810 1968 865 Glan-

392 905 476 958 dis
515 904 580 957 Ο.
615 904 676 957 de
708 902 846 957 verb.
876 903 1146 971 signi/ia;
1175 901 1414 957 Isidorus
1469 901 1765 969 Pelusiota,
1806 905 1965 973 epist.

396 996 430 1050 5
471 1005 528 1050 et
582 994 719 1060 152;
752 992 1017 1048 Baronius
1062 994 1353 1049 cardinalis
1389 994 1458 1049 ad
1491 1010 1620 1049 ann.
1665 994 1724 1050 C.
1758 994 1822 1049 N.
1877 998 1965 1060 51,

394 1088 487 1142 ubi
520 1086 795 1157 Spondan.
838 1102 990 1139 num.
1020 1084 1075 1154 6;
1115 1085 1469 1141 Kimedonius
1510 1088 1653 1156 apud
1684 1086 1970 1160 'l‘heophy-

393 1182 594 1236 laetum
639 1179 992 1233 Simocattam
1034 1179 1451 1243 scholasticum,
1497 1180 1656 1250 epist.
1706 1181 1793 1245 11,
1848 1196 1970 1234 ver-

393 1276 458 1329 tit
507 1274 735 1345 ἀκρίδας
804 1272 941 1327 male
995 1272 1247 1335 cicadas;
1307 1272 1569 1327 Ebionitaz
1624 1274 1677 1327 in
1737 1272 1972 1343 Evange-

393 1369 467 1423 Iio
515 1365 752 1420 Matthazi
819 1364 1072 1435 legebant
1115 1364 1395 1435 ἐγκρίδας,
1450 1364 1504 1419 id
1562 1375 1664 1430 est,
1714 1365 1967 1435 ἐπίχυτα,

392 1476 489 1516 seu
515 1458 741 1523 mellita,
776 1458 860 1511 vel
892 1456 994 1509 mel
1021 1456 1302 1526 sylvestre;
1339 1466 1564 1513 sanctus
1606 1458 1967 1527 Epiphanius,

393 1553 585 1607 haeres.
655 1549 745 1613 50,
790 1563 844 1618 p.
906 1548 1030 1614 158,
1082 1548 1149 1603 de
1203 1550 1395 1619 ἄκροις
1448 1548 1666 1619 ὃρυῶνς
1717 1550 1967 1616 Crusius,

391 1645 486 1699 lib.
518 1662 536 1700 ι
571 1642 831 1698 Germano
875 1641 1114 1707 Grazciw,
1153 1650 1292 1695 orat.
1309 1642 1384 1695 De
1409 1642 1533 1711 (ing.
1575 1640 1768 1708 (ἤτινα,
1800 1643 1965 1712 p.11,

2071 442 2364 496 Sallustius
2385 444 2461 497 De
2488 444 2610 498 bell.
2646 442 2927 513 Jugurth.,
2950 460 3003 514 p.
3027 444 3116 508 95,
3150 460 3271 515 qua:
3294 460 3395 514 pro
3423 448 3669 516 tuguriis

2067 538 2245 593 erant,
2279 531 2436 598 quasi
2473 532 2692 585 navium
2723 533 2945 597 carinaa,
2966 540 3020 586 et
3056 549 3120 587 ex
3155 534 3327 588 alveis
3352 550 3543 588 earum
3579 536 3670 587 in-

2068 621 2245 675 versis
2292 621 2636 691 plerumque.
2661 622 2885 679 Servius
2911 624 2966 678 in
2998 622 3215 695 Virgil.,
3244 625 3472 687 lsidor.,
3520 624 3673 679 Vos-

2070 713 2185 767 sius
2222 713 2274 766 in
2304 712 2605 784 Etymolog.
2638 712 2773 768 lline
2805 716 3003 770 lemma
3054 716 3353 772 cardinalis
3388 716 3453 771 S.
3477 716 3547 772 R.
3602 716 3666 771 Ε.

2066 802 2607 871 jurisconsultissimi
2674 803 2963 873 Seraphini
3008 803 3257 868 Olivarii,
3324 806 3422 875 qui
3485 816 3671 859 ratem

2070 894 2339 949 iuversam
2357 911 2464 964 qua
2486 910 2544 949 se
2569 904 2772 964 tegeret
2797 896 3117 964 assumpsit,
3132 904 3187 950 et
3205 896 3629 951 hemistichium
3650 912 3667 948 :

2082 984 2302 1039 Verterat
2320 986 2413 1040 illa
2428 988 2598 1056 prius.
2619 986 2695 1040 Ev
2728 986 2813 1041 his
2844 988 3076 1058 tuguriis
3100 1002 3407 1056 cognomen
3443 997 3671 1041 traxere

2070 1074 2348 1147 Calybitze,
2381 1092 2520 1146 quos
2558 1076 2703 1132 inter
2730 1077 3121 1132 celeberrimus
3141 1087 3227 1133 est
3255 1077 3451 1133 Roma
3486 1076 3671 1132 Joan-

2070 1183 2191 1232 nes,
2244 1170 2333 1239 qui
2397 1170 2500 1225 sibi
2542 1168 2788 1240 καλύϐην
2818 1169 2928 1223 ἀπὸ
2960 1169 3052 1223 τοῦ
3093 1168 3418 1235 καλύπτειν,
3458 1171 3513 1224 id
3553 1180 3666 1233 est,

2069 1277 2099 1317 a
2150 1263 2435 1327 latitando,
2498 1278 2593 1317 seu
2649 1264 3046 1334 gurgustiolum
3100 1263 3154 1317 in
3209 1263 3474 1318 Tiberina
3522 1278 3670 1319 con-

2072 1356 2273 1408 struxit
2339 1355 2539 1421 iusula,
2608 1355 2699 1409 ubi
2750 1365 2864 1409 tam
2914 1354 3006 1409 diu
3064 1353 3281 1409 delituit
3356 1355 3449 1408 ille
3514 1354 3670 1408 ﬁlius

2070 1446 2319 1515 Eutropii
2353 1456 2407 1500 et
2430 1445 2750 1513 Theudorae,
2791 1448 3022 1501 divitum
3055 1448 3258 1502 civium
3331 1447 3667 1502 Constanti-

2071 1540 2533 1609 n0politanorum,
2551 1542 2619 1595 ab
2653 1542 2848 1596 abbate
2876 1550 3242 1596 actemetense
3269 1542 3668 1611 proﬁciscente

2074 1629 2501 1704 Hierosolymas,
2539 1633 2608 1688 ad
2637 1633 2889 1701 pietatem
2917 1636 3195 1689 excitatus
3241 1645 3297 1688 et
3329 1649 3663 1694 conversus,

388 1735 555 1808 664
600 1752 631 1791 θ
699 1735 1019 1790 Pamalione
1065 1750 1131 1789 ac
1190 1733 1453 1803 Gregorio
1485 1707 1561 1787 ’ίιι
1626 1707 1962 1789 ﬂanimeum;
1999 1707 2042 1766 Β
2070 1722 2247 1778 donec
2284 1725 2501 1779 tandem
2545 1740 2576 1778 a
2608 1735 2781 1781 matre
2814 1725 2917 1781 fuit
2960 1726 3180 1796 agnitus
3207 1725 3417 1779 indicio
3448 1725 3662 1779 codicis

392 1828 499 1884 Sed
527 1828 757 1884 Crusius
806 1828 1112 1892 hzeretieus,
1166 1836 1218 1882 et
1272 1827 1621 1897 Evangeliqu
1668 1829 1799 1883 illud
1855 1826 1964 1884 lle-

389 1921 657 1986 braicum,
708 1931 763 1975 et
805 1934 836 1973 a
878 1916 1150 1973 Nazaraais
1208 1916 1596 1983 adulteratum,
1656 1918 1732 1973 uti
1781 1926 1965 1971 mouet

390 2023 613 2069 sanctus
642 2012 978 2082 Epiphanius
1009 2010 1104 2065 ibi.
1151 2010 1249 2066 Est
1281 2011 1713 2067 autem.locusta
1767 2011 1963 2068 insecti

388 2119 561 2175 genus
584 2103 700 2162 alas
730 2103 936 2159 habens
966 2102 1210 2157 inﬁrmas
1264 2102 1333 2156 ad
1384 2103 1699 2158 velandum.
1758 2101 1959 2158 Verum

388 2197 444 2250 in
484 2195 870 2251 solitudinibus
903 2196 1105 2249 montis
1132 2194 1284 2248 Sinai
1310 2196 1565 2250 monachi
1619 2196 1728 2248 τῶν
1791 2196 1959 2265 ἀκρο-

386 2288 563 2360 δρύων
590 2288 657 2341 τὰ
690 2290 957 2360 χρήσιμα,
982 2288 1077 2341 καὶ
1105 2286 1382 2357 διαμένειν
1421 2287 1727 2358 δυνάμενα,
1759 2292 1826 2360 τῇ
1849 2306 1961 2342 τοι·

386 2382 527 2455 αύτῃ
551 2381 910 2451 φυλάττοντες
954 2380 1117 2451 χρείᾳ
1166 2379 1410 2445 ἀνύσυσι,
1442 2380 1647 2435 siccant
1702 2382 1959 2437 monachi

388 2487 583 2544 nempe
613 2475 750 2545 πρὸς
808 2474 1016 2546 τροφὴν
1080 2474 1422 2545 χειμερινήν,
1479 2474 1532 2528 id
1588 2484 1692 2539 est,
1734 2476 1799 2529 ad
1855 2476 1957 2530 ali-

388 2577 628 2621 mentum
671 2566 958 2620 hibernum
998 2566 1286 2622 baccarum
1320 2567 1686 2637 sylvestrium,
1715 2582 1809 2623 seu
1864 2585 1960 2623 ex-

386 2658 721 2711 tremitatum
749 2656 1003 2712 arborum
1041 2672 1157 2723 eas,
1198 2672 1319 2727 quae
1348 2658 1471 2711 usui
1525 2666 1673 2723 sunt,
1731 2668 1785 2714 et
1836 2675 1959 2729 per—

385 2749 586 2803 durare
622 2756 873 2817 possunt,
903 2759 1204 2809 servantes.
1240 2757 1299 2803 ut
1349 2749 1457 2804 illis
1503 2750 1769 2816 victitent,
1824 2762 1959 2808 teste

386 2837 530 2903 Nilo,
567 2836 783 2892 Narrat.
816 2854 890 2903 iv,
932 2854 986 2908 p.
1017 2839 1108 2905 46,
1160 2847 1215 2895 ει
1259 2839 1478 2895 barbari
1526 2841 1732 2896 Arabes
1798 2859 1957 2912 coge-

386 2932 518 2985 bant
568 2929 868 2985 monachos
916 2930 1133 2985 easdem
1187 2930 1289 2986 sibi
1339 2931 1583 2999 deferre;
1648 2934 1771 2989 illos
1821 2937 1960 2989 inter

385 3021 607 3092 quidam
653 3022 817 3091 jussit
847 3037 1078 3092 puerum
1108 3023 1515 3079 ministrantem
1562 3025 1786 3092 senibus
1837 3042 1956 3079 mo-

385 3090 578 3168 nachis
612 3090 941 3181 auvayav—eiv
970 3112 1119 3184 αὑτῷ
1140 3113 1263 3168 τινὰ
1289 3114 1396 3167 τῶν
1422 3090 1759 3186 ὲκχυάἐντων
1792 3117 1957 3184 ἀκρο-

384 3204 776 3275 δρύων,ρ.48,
812 3205 1064 3274 colligere
1122 3204 1226 3259 sibi
1295 3205 1544 3274 quaedam
1614 3206 1767 3260 humi
1838 3207 1957 3261 fusa

384 3292 623 3366 Iastigia,
653 3312 750 3351 seu
794 3296 1138 3350 summitates
1165 3294 1441 3361 arborum,
1506 3305 1621 3349 tum
1664 3296 1958 3351 crudeliter

382 3402 508 3440 eum
556 3387 871 3442 trucidavit.
923 3384 1397 3441 Verisimillimum
1450 3395 1630 3441 autem
1684 3398 1769 3443 est
1842 3389 1958 3441 inc-

382 3480 553 3541 diam,
601 3485 656 3531 et
704 3477 1109 3545 abstinentiam,
1169 3494 1335 3549 quam
1376 3496 1407 3533 a
1458 3481 1742 3537 monachis
1802 3498 1958 3537 usur-

383 3578 566 3640 patam
596 3569 844 3640 depingit
874 3570 988 3640 ipse
1024 3571 1304 3627 detestans
1361 3575 1739 3639 voracitatem,
1774 3583 1829 3630 et
1857 3576 1952 3630 de-

382 3662 537 3718 licias
582 3662 910 3732 epulonum,
952 3662 1213 3732 opiparos
1262 3679 1581 3719 mensarum
1660 3665 1956 3722 lautiorum

381 3762 701 3823 apparatus,
736 3762 791 3808 et
828 3752 1102 3823 liquorum
1148 3755 1435 3810 misturam
1490 3756 1653 3811 simul
1704 3766 1954 3812 contem-

378 3853 716 3914 peratorum,
750 3861 815 3901 ac
842 3845 896 3899 in
923 3844 1177 3913 odorum,
1220 3847 1488 3912 colorum,
1531 3858 1585 3902 et
1625 3849 1949 3918 qualitatum

378 3936 718 3993 diﬂ‘erentias
746 3937 812 3993 ad
845 3936 1293 3993 inﬂammandam
1326 3938 1628 4004 libidinem,
1647 3937 1831 3993 Nilum
1858 3941 1956 3995 ob-

378 4044 627 4085 servasse
663 4044 787 4083 cum
826 4028 1204 4099 Theodulo,p.
1246 4030 1308 4085 51
1361 4040 1415 4084 et
1446 4030 1553 4099 54;
1594 4030 1727 4101 quin
1780 4041 1834 4086 et
1885 4034 1953 4087 ad

378 4126 549 4179 vitam
612 4124 1023 4179 sustentandam
1076 4125 1261 4181 crudis
1321 4124 1582 4188 oleribus,
1639 4128 1735 4179 καὶ
1788 4143 1953 4195 ακρο-

377 4214 580 4285 δρύοις,
632 4230 731 4270 seu
774 4214 1045 4284 capitibus
1086 4225 1396 4270 tenerarum
1442 4216 1693 4285 stirpium
1755 4216 1949 4271 famem

377 4308 647 4362 obsonare
686 4305 919 4360 aliorum
948 4307 1219 4377 exemplo,
1254 4316 1308 4363 et
1346 4307 1493 4362 sitim
1518 4322 1657 4377 aqua
1694 4308 1952 4378 perennis

377 4414 528 4453 venae
552 4398 889 4468 restinguere
919 4398 1159 4454 solitum.

449 4490 677 4545 Eremus
734 4491 976 4561 quidem,
1032 4492 1143 4547 imo
1191 4491 1359 4547 eremi
1418 4492 1702 4561 permultae
1753 4492 1947 4547 subtus

379 4582 525 4637 Sinai
564 4592 618 4637 et
660 4581 803 4637 Oreb
831 4582 1212 4651 pandebantur
1263 4582 1439 4651 plana:
1470 4591 1634 4653 atque
1678 4582 1947 4637 latissime

375 4673 603 4738 diﬂ‘usae,
635 4688 754 4743 quae
801 4674 1015 4728 diversa
1062 4674 1285 4728 nomina
1332 4674 1697 4729 sortiebantur
1730 4690 1761 4729 a
1809 4675 1947 4730 vici-

376 4766 461 4819 nis
497 4766 659 4819 etiam
687 4765 921 4835 oppidis,
977 4774 1033 4820 et
1065 4766 1367 4832 montibus,
1407 4767 1484 4820 uti
1509 4766 1790 4821 desertum
1821 4766 1943 4832 Zin,

373 4857 516 4928 quod
546 4866 599 4911 et
642 4857 836 4922 Cades,
890 4856 1166 4912 desertum
1222 4856 1459 4924 Pharan,
1511 4858 1671 4929 cujus
1710 4869 1840 4914 sunt
1892 4869 1950 4915 et

374 4948 722 5017 campestria,
788 4949 1065 5002 desertum
1136 4948 1292 5019 Ziph,
1323 4947 1484 5015 Juda,
1535 4949 1807 5017 ldumaeae,
1844 4951 1945 5005 Ju-

371 5040 501 5095 ιιιεεε
548 5039 878 5103 Bethlehem,
909 5038 1171 5111 Engaddi,
1199 5051 1305 5097 etc.
1341 5041 1451 5097 lllis
1479 5044 1531 5097 in
1561 5043 1947 5099 solitudinibus

370 5134 527 5202 pauci
564 5133 664 5187 loci
720 5134 1021 5203 remotique
1053 5133 1428 5203 deligebantur
1481 5134 1550 5188 ab
1584 5134 1667 5189 his
1706 5134 1799 5203 qui
1833 5151 1947 5189 mo-

373 5224 636 5278 nasticam
690 5222 957 5293 degebant
1004 5223 1196 5289 vitam,
1246 5225 1437 5293 procul
1476 5226 1544 5279 ab
1591 5226 1843 5291 urbibus,
1890 5235 1947 5279 et

371 5315 573 5370 civium
618 5316 985 5381 multitudine,
1046 5331 1116 5371 ne
1148 5319 1401 5387 contagio
1449 5319 1683 5387 quodam
1730 5319 1945 5388 pollue-

369 5416 559 5461 rentur
586 5408 843 5462 vitiorum
884 5409 1024 5463 inter
1053 5424 1149 5465 eos
1177 5412 1637 5477 exeresccntium,
1688 5412 1763 5466 ibi
1816 5412 1943 5481 qui-

369 5497 494 5551 dam
536 5498 698 5554 ﬁxere
720 5500 823 5554 sibi
861 5502 1099 5571 tuguria,
1140 5501 1388 5572 μετόχια,
1419 5504 1606 5565 cellas,
1634 5512 1729 5557 aut
1763 5520 1944 5573 παρα-

369 5588 583 5659 λαύρια,
636 5592 750 5645 sive
796 5592 999 5655 lauras,
1048 5593 1115 5647 de
1165 5593 1365 5661 quibus
1402 5593 1673 5648 Comheﬁs
1721 5594 1775 5647 in
1820 5594 1943 5648 Vita

369 5679 544 5730 sancti
602 5677 889 5747 lliacyuthi
934 5682 1272 5745 Amastrcu.,
1306 5698 1356 5750 p.
1397 5684 1515 5749 150,
1568 5684 1726 5752 quasi
1761 5700 1941 5753 maga-

2070 1813 2371 1885 Evangelii,
2406 1824 2459 1872 et
2486 1817 2553 1871 ad
2584 1818 2782 1873 coelum
2816 1818 3069 1888 migravit
3101 1817 3190 1871 die
3244 1816 3313 1871 15
3371 1814 3661 1877 Januarii,

2070 1922 2180 1976 qua
2214 1908 2414 1962 colitur
2440 1908 2562 1976 ejus
2622 1908 2887 1962 memoria
2944 1908 3100 1978 juxta
3157 1906 3303 1961 idem
3369 1906 3658 1976 Martyrol.

2070 1998 2401 2065 Romanum,
2476 2000 2567 2054 ubi
2633 2000 2925 2054 cardinalis
2966 1998 3295 2053 Baroniuse
3340 1998 3512 2070 665
3566 1998 3659 2051 Li-

2069 2105 2329 2160 pomano,
2403 2089 2587 2154 Surio,
2670 2099 2725 2144 et
2780 2088 3087 2160 Nicephoro
3152 2089 3407 2157 Callisti;
3470 2092 3662 2145 ﬂoruit

2069 2184 2213 2237 circa
2269 2199 2471 2238 annum
2527 2184 2590 2238 C.
2627 2180 2692 2236 Ν.
2750 2183 2877 2248 457,
2917 2198 3013 2237 seu
3045 2182 3169 2248 461,
3205 2199 3236 2239 ε
3268 2183 3528 2238 Cedreno
3555 2186 3662 2239 sub

2067 2276 2343 2333 Marciano
2398 2278 2748 2348 imperatore,
2792 2277 2925 2347 quin
2964 2284 3020 2331 et
3062 2276 3165 2331 sub
3201 2275 3405 2344 Leone,
3443 2279 3661 2332 dictus-

2066 2386 2174 2440 que
2221 2368 2320 2423 fuit
2357 2377 2410 2423 et
2459 2378 2682 2439 propter
2733 2366 2901 2422 Deum
2950 2382 3175 2438 pauper.
3206 2366 3375 2422 Card.
3415 2369 3661 2423 Sirletus

2065 2464 2185 2534 ejus
2218 2462 2399 2517 Vitam
2450 2479 2480 2517 e
2513 2462 2700 2517 Grmca
2759 2460 3009 2516 Latinam
3061 2461 3301 2516 reddidit
3346 2476 3415 2515 ex
3460 2477 3660 2515 manu-

2067 2559 2270 2628 scripto
2316 2557 2632 2611 monasterii
2666 2555 3094 2626 Cryptzel‘erratae
3118 2595 3134 2620 ,
3188 2554 3351 2623 cujus
3389 2564 3594 2608 auctor
3627 2570 3658 2607 a

2066 2650 2344 2707 Galesinio
2385 2649 2730 2704 existimatur
2774 2647 2997 2702 Simeon
3024 2646 3353 2716 Logotheta,
3398 2662 3503 2701 seu
3544 2646 3657 2700 Με-

2068 2746 2405 2815 taphrastes;
2436 2742 2713 2813 antiquior
2740 2750 2996 2797 censetur
3018 2755 3051 2794 a
3100 2738 3387 2805 Bollando,
3416 2740 3554 2808 quia
3599 2754 3659 2791 se

2064 2839 2289 2895 Joannis
2346 2838 2680 2908 temporibus
2729 2837 2931 2892 vixisse
2988 2834 3207 2901 asserit,
3245 2848 3276 2887 a
3326 2848 3442 2904 quo
3487 2833 3658 2887 hleta-

2066 2931 2313 3002 pbrastes
2342 2927 2946 2999 exscripserit.'lncipit
2982 2925 3093 2979 Viri
3118 2926 3255 2995 justi
3292 2925 3440 2979 Vita.
3474 2924 3656 2979 Vitam

2064 3024 2227 3079 aliam
2265 3038 2298 3077 e
2336 3021 2595 3077 Vaticano
2645 3018 2942 3088 exemplari
2992 3017 3185 3073 Latine
3217 3033 3437 3072 versam
3487 3018 3657 3070 edidit

2061 3117 2168 3171 alia
2224 3116 2527 3186 puriorem,
2587 3122 2647 3167 ut
2678 3121 2854 3182 putat,
2905 3110 3276 3181 Rosweydus;
3319 3112 3444 3180 ejus
3488 3126 3653 3165 exor-

2060 3209 2211 3264 dium
2244 3216 2345 3270 est,
2381 3204 2482 3259 Res
2512 3216 2587 3259 est
2608 3220 2733 3258 sane
2764 3204 3061 3273 tyrannica.
3088 3202 3408 3271 Comperies
3438 3215 3655 3258 utram-

2060 3316 2167 3370 que
2221 3300 2365 3370 apud
2405 3298 2747 3353 Bollandum.
2776 3296 3080 3351 Chillletius
3118 3295 3174 3350 in
3206 3294 3427 3350 Bisunt.
3470 3299 3648 3369 antiq.

2058 3394 2125 3448 ad
2180 3407 2384 3447 annum
2417 3390 2479 3447 C.
2502 3390 2567 3444 N.
2599 3391 2759 3453 159.1,
2791 3389 2879 3443 die
2908 3389 2971 3441 17
3016 3390 3240 3458 Aprilis,
3280 3390 3452 3444 refert
3483 3392 3650 3446 deca-

2058 3501 2189 3539 num
2247 3482 2505 3538 Ecclesiae
2557 3480 2855 3534 Bisuutinze
2908 3480 3139 3535 missum
3195 3477 3368 3534 fuisse
3400 3480 3472 3533 ad
3507 3482 3648 3535 duos

2057 3576 2275 3633 Graecos
2318 3574 2627 3643 episcopos,
2656 3572 3015 3636 Aveuionem,
3058 3579 3117 3624 ut
3148 3571 3647 3639 interpretarentur

2056 3668 2465 3737 inscriptionem
2531 3664 2775 3721 Graecam
2837 3663 3029 3726 theca,
3094 3663 3186 3717 ubi
3239 3672 3405 3732 caput
3462 3665 3642 3718 sancti

2052 3761 2281 3817 Joannis
2317 3758 2577 3829 Calybita:
2615 3755 2920 3810 Bisuntium
2952 3756 3301 3826 deportatum
3335 3755 3525 3810 fuerat
3560 3759 3643 3811 in-

2056 3854 2266 3909 clusum
2297 3870 2310 3905 :
2348 3851 2595 3921 ejusdem
2626 3847 2765 3904 Vitae
2795 3847 3189 3917 Compendium
3227 3858 3309 3902 est
3338 3849 3391 3901 in
3427 3847 3640 3903 Menam

2054 3966 2159 4005 ms.
2201 3948 2339 4002 Bibl.
2398 3947 2502 4001 ΒΒ.
2542 3962 2597 4017 p.
2631 3944 2755 4008 158,
2804 3954 2928 4014 post
2968 3940 3074 3996 Nili
3108 3945 3189 4007 ei;
3218 3942 3319 4011 τὴν
3348 3942 3639 4011 ἁναὶρεσιν

2050 4041 2317 4110 διήγημα,
2378 4038 2551 4108 p.99.
2605 4036 2711 4090 Alii
2762 4034 3014 4089 monachi
3068 4042 3348 4103 utcunque
3376 4033 3638 4088 vivebant

2050 4134 2153 4189 sub
2198 4132 2396 4187 nativis
2437 4139 2723 4185 antrorum
2756 4128 2932 4193 tectis,
2964 4127 3125 4196 pauci
3160 4126 3501 4181 frumentum
3536 4144 3637 4183 no-

2048 4232 2194 4290 rant,
2254 4238 2512 4277 nummus
2547 4221 2779 4277 Cmsaris
2812 4219 3167 4289 ignorabatur
3207 4215 3508 4287 (Synesius
3538 4234 3634 4272 no-

2050 4334 2173 4373 men
2211 4317 2457 4385 ignutum
2508 4314 2675 4368 tradit
2703 4313 3113 4381 imperatorum,
3154 4325 3255 4365 nec
3284 4310 3397 4364 ullo
3424 4321 3551 4365 erat
3584 4312 3633 4364 in

1980 4408 2025 4463 D
2057 4412 2214 4477 usu);
2249 4409 2397 4462 olera
2432 4418 2486 4461 et
2530 4407 2710 4459 baccae
2738 4418 3076 4459 summarum
3126 4402 3379 4471 stirpium
3434 4416 3634 4458 mutuo

2051 4497 2427 4560 tradebantur,
2468 4495 2612 4548 inter
2662 4508 2755 4547 eos
2804 4508 2962 4546 rarus
3001 4491 3181 4561 panis,
3218 4492 3365 4545 nulla
3397 4492 3514 4547 illic
3548 4496 3633 4548 in-

2051 4584 2215 4650 vidia,
2266 4583 2413 4635 nulla
2466 4581 2712 4636 ambitio.
2749 4580 3032 4636 Desertum
3064 4582 3228 4635 etiam
3260 4579 3488 4636 Thecue
3521 4599 3630 4637 non

2050 4675 2207 4742 longe
2252 4673 2320 4727 ab
2373 4671 2608 4726 llerudio
2636 4670 2780 4734 vico,
2816 4686 2914 4725 seu
2943 4672 3189 4735 castello,
3222 4686 3399 4740 neque
3432 4676 3633 4743 procul

2051 4766 2118 4820 ab
2156 4764 2565 4835 Hierosolymis,
2615 4766 2689 4817 ita
2731 4775 3109 4832 nuncupatum
3141 4778 3171 4816 a
3204 4761 3423 4819 Thecue
3473 4766 3629 4829 vico,

2048 4858 2163 4912 sive
2204 4857 2339 4910 urbe
2380 4864 2652 4921 tuontosa,
2701 4853 2860 4923 cujus
2900 4868 3029 4923 ager
3073 4852 3224 4907 ferax
3266 4864 3351 4908 est
3379 4854 3629 4910 olearum

2047 4965 2215 5020 prope
2236 4949 2491 5003 Arabiam
2515 4966 2528 5002 :
2551 4948 2785 5002 solitudo
2804 4957 2906 5013 est,
2941 4962 3062 5016 quae
3085 4962 3115 5000 a
3142 4946 3454 5001 Bethlehem
3487 4947 3629 5004 Juda

2048 5040 2377 5110 separaturii
2402 5056 2497 5094 seu
2522 5040 2552 5091 7
2576 5040 2848 5101 milliaria,
2872 5049 2926 5093 et
2943 5039 3011 5093 ab
3030 5038 3418 5109 Hierosolymis
3442 5057 3624 5106 nono;

2046 5152 2109 5187 ex
2151 5134 2386 5202 Josepho
2431 5132 2570 5187 Belli
2602 5131 2838 5196 Iudaici,
2876 5132 2972 5185 lib.
3004 5149 3100 5199 vn,
3133 5148 3181 5187 c.
3210 5132 3301 5195 25,
3343 5142 3398 5186 et
3436 5136 3624 5204 Antiq.

2045 5227 2262 5282 Judaic.
2286 5228 2378 5281 lib.
2415 5242 2493 5289 Ix,
2514 5242 2561 5280 c.
2601 5226 2651 5279 1.
2680 5226 2849 5279 Amos
2882 5226 3146 5293 prOpheta
3171 5224 3224 5278 in
3258 5225 3450 5279 diebus
3482 5224 3627 5279 Ozize

2046 5319 2189 5387 regis
2238 5316 2397 5383 Juda,
2432 5326 2486 5371 et
2520 5314 2809 5371 Jeroboam
2848 5316 2943 5369 lilii
2976 5315 3102 5371 Joas
3133 5316 3272 5386 regis
3300 5317 3469 5371 Israel
3502 5327 3627 5371 ante

2045 5409 2185 5463 duos
2222 5423 2398 5462 annos
2422 5415 2783 5470 terraemotus.
2812 5424 2861 5462 c.
2885 5423 2923 5472 ι,
2959 5420 3089 5463 etc.
3127 5423 3220 5471 vu,
3257 5424 3307 5461 v.
3344 5409 3435 5471 11,
3472 5409 3626 5463 aitse

2045 5499 2098 5553 in
2118 5497 2423 5567 pastoribus
2446 5499 2510 5551 de
2526 5495 2743 5555 Thecue
2764 5496 2931 5552 fuisse
2948 5497 3337 5551 armentarium
3363 5496 3624 5549 vellican—

2045 5599 2150 5645 tern
2171 5604 2508 5661 sycomoros,
2523 5600 2576 5645 et
2590 5589 2820 5645 electum
2841 5605 2871 5643 a
2896 5590 3126 5645 Domino
3151 5605 3275 5644 cum
3293 5600 3623 5658 sequeretur

2046 5698 2259 5753 gregem
2288 5700 2305 5750 ;
2338 5680 2556 5738 Thecue
2588 5697 2804 5752 quoque
2836 5682 2938 5737 fuit
2970 5684 3141 5752 patria
3164 5682 3439 5737 ‘Habacuc
3496 5698 3625 5751 pro-
