3816 6220
188 386 309 448 393

1492 401 1586 459 DE
1622 402 1795 462 VITA
1825 402 1885 460 S.
1927 402 2088 461 Nll.l

3302 400 3438 461 1394

149 495 381 567 pheta},
432 505 487 552 et
532 498 779 555 mulieris
835 502 1097 573 sapientis
1133 504 1471 563 Thecuitidis
1504 511 1629 564 mde
1666 526 1764 579 ap-
1796 516 1841 570 A
1936 512 2090 568 Nilus
2120 513 2505 583 quidemanno
2522 514 2725 569 Christi
2753 512 2878 577 410,
2930 526 3039 582 quo
3067 511 3309 575 incursio
3336 511 3438 567 Sa—

151 591 413 661 pellataz,
465 608 589 662 qua:
636 595 874 663 placavit
918 596 1175 653 Davidem
1213 600 1409 655 iratum
1448 603 1558 657 tilio
1586 604 1761 659 Absa-

152 683 308 749 loni,
356 685 450 752 qui
476 684 696 741 fratrem
726 704 885 743 suum
928 692 1161 745 Ammon
1194 696 1487 759 occiderat,
1524 697 1585 752 Il.
1626 698 1757 768 Reg.

149 788 277 840 xrv,
329 776 429 828 ubi
477 775 765 833 Cornelius
789 796 818 834 a
850 780 1072 851 Lapide,
1111 783 1325 841 Rutiluo
1358 788 1564 858 Tapha,
1605 789 1759 847 Jose-

149 864 297 932 pho,
338 865 438 919 lib.
473 883 566 921 vm
605 870 792 941 Antiq.
824 873 994 938 Θὲκος
1020 875 1075 930 in
1114 874 1235 932 Vita
1269 894 1365 933 sua
1395 880 1599 947 Θέκυα,
1630 884 1759 939 olim

150 955 437 1012 Thecuah
460 961 701 1017 Pererio.

228 1047 322 1101 Eo
353 1051 409 1104 in
440 1052 653 1107 deserto
676 1058 1157 1113 commorabantur
1186 1064 1459 1129 monachi,
1485 1067 1577 1135 qui
1603 1082 1632 1119 a
1663 1065 1762 1121 Sa-

154 1144 401 1198 racenis
454 1147 713 1201 trucidati
769 1147 1023 1217 fuerunt;
1074 1157 1533 1222 quemadmodum
1575 1169 1762 1214 narrat

149 1233 497 1303 Cassianus,
529 1239 622 1293 lib.
658 1256 711 1293 tv
740 1241 817 1295 De
847 1244 955 1296 vita
993 1243 1242 1312 Patrum,
1273 1248 1501 1303 relatum
1534 1265 1564 1304 e
1592 1252 1762 1306 colla-

154 1327 322 1382 tione
385 1340 538 1384 sexta
591 1332 658 1387 de
712 1349 845 1388 nece
899 1333 1122 1391 Patrum
1172 1356 1269 1394 seu
1318 1351 1656 1409 sanctorum,
1692 1359 1758 1399 ex

154 1417 469 1476 Theodoro
517 1425 733 1491 abbate,
778 1426 955 1494 deque
1009 1429 1096 1497 pia
1150 1434 1555 1489 concertatione
1597 1450 1761 1504 super

154 1524 498 1570 sanctorum
535 1520 783 1588 reliquiis
838 1521 911 1575 ibi
946 1522 1076 1591 agit.
1110 1522 1175 1578 Et
1227 1525 1372 1580 hunc
1411 1526 1608 1582 librum
1639 1544 1760 1584 esse

155 1608 433 1677 suspicor
482 1609 756 1667 Theodori
809 1614 1048 1685 episcopi
1079 1616 1332 1673 Massilia:
1361 1621 1425 1675 de
1447 1623 1759 1677 certamini-

157 1699 269 1753 bus
333 1711 660 1772 martyrum,
690 1719 852 1774 quem
903 1715 1120 1762 exstare
1155 1708 1207 1762 in
1242 1711 1626 1769 vetustissimis
1652 1712 1759 1770 Ec-

154 1793 354 1848 clesiae
397 1793 734 1862 Bergomatis
779 1802 1151 1854 monumentis
1181 1808 1413 1857 testatur
1447 1803 1756 1863 Galesinius

158 1884 213 1936 in
248 1886 701 1943 adnotationibus
728 1890 795 1943 ad
842 1889 1192 1961 Martyrolog.
1224 1908 1275 1946 tv
1296 1892 1437 1948 Non.
1469 1895 1712 1951 Januarii
1739 1916 1752 1964 ;

156 1974 527 2031 Theodorum
573 1980 793 2048 quidem
850 1985 1167 2056 episcopum
1219 1986 1529 2044 Massiliam
1565 1992 1757 2061 quinto

155 2067 228 2119 ad
274 2083 496 2123 sextum
548 2087 722 2142 usque
769 2077 1031 2130 saeculum
1069 2077 1274 2150 aliufo
1318 2080 1756 2154 historiographo

153 2160 551 2216 eruditissimo
584 2164 639 2217 in
672 2163 919 2221 Historia
956 2168 1257 2225 Massilien.
1289 2187 1409 2243 pag.
1443 2172 1568 2239 59.1,
1602 2174 1755 2230 inve-

155 2249 255 2303 nio
292 2268 306 2315 ;
346 2252 442 2305 sed
475 2263 527 2306 et
558 2256 804 2311 meminit
827 2259 1063 2331 episcopi
1090 2260 1448 2320 Massiliensis
1481 2264 1755 2323 Theodori

158 2343 376 2413 saepius
401 2344 701 2412 Gregorius
724 2348 1064 2408 Turonensis
1089 2356 1253 2428 666
1272 2358 1461 2413 eodem
1485 2370 1753 2432 tempore,

153 2431 257 2488 lib.
275 2451 355 2501 vr,
373 2452 422 2489 c.
442 2437 477 2490 2
494 2440 639 2494 Hist.
660 2439 886 2510 Franc.,
912 2454 966 2499 et
987 2449 1211 2515 passim,
1227 2449 1369 2504 unde
1390 2431 1754 2522 antiquiorem

156 2526 335 2583 istum
370 2529 718 2587 Theodorum
752 2537 949 2604 opinor
979 2541 1295 2611 episcopum
1332 2542 1750 2613 Massiliensem,

153 2632 213 2673 et
243 2637 317 2676 ex
374 2623 573 2680 abbate
602 2642 883 2683 censerem
919 2630 987 2685 ad
1021 2632 1396 2703 epiSCOpatum
1430 2635 1601 2693 fuisse
1620 2655 1752 2709 pro-

155 2721 409 2781 vectum,
461 2717 576 2771 sive
626 2728 869 2789 raptum,
924 2723 1002 2777 uti
1046 2733 1177 2780 tunc
1208 2731 1378 2784 moris
1407 2740 1543 2796 erat,
1585 2733 1747 2788 etiam

153 2808 420 2880 invitum,
472 2813 702 2886 ideoque
738 2819 913 2890 magis
964 2821 1216 2892 dignum,
1256 2842 1379 2879 cum
1415 2826 1639 2884 forsitan
1683 2832 1753 2886 ad

155 2902 297 2971 illud
335 2907 637 2975 emporium
665 2908 968 2967 Galliarum
1004 2913 1207 2971 Grazcis
1265 2918 1566 2973 habitatum
1601 2922 1752 2977 colo-

154 2998 245 3051 nis
286 3006 343 3051 et
376 2999 587 3071 legibus
641 3003 1001 3072 gubernatum
1036 3008 1353 3077 appulisset,
1405 3025 1472 3066 ex
1517 3010 1751 3085 ngypto

153 3103 288 3143 cum
312 3090 578 3147 Cassiano
617 3097 793 3151 sancti
819 3096 1055 3154 Joannis
1081 3098 1461 3172 Chrysostomi
1492 3104 1746 3173 diacono,

150 3178 256 3247 qui
294 3181 649 3238 consuluerat
677 3186 842 3240 istum
873 3185 1245 3257 Theodorum,
1291 3201 1346 3246 et
1375 3194 1625 3251 nominat
1661 3198 1744 3251 vi-
1773 3212 1818 3273 ς

158 3284 287 3324 tum
315 3272 644 3341 singularem
682 3275 737 3330 in
767 3281 1186 3336 conversatione
1220 3284 1443 3350 actuali,
1472 3285 1748 3343 afﬁrmans

156 3365 419 3419 eumdem
452 3366 727 3425 habitasse
758 3370 811 3424 in
840 3372 1020 3439 Cellis,
1046 3374 1137 3444 qui
1170 3375 1324 3433 locus
1350 3378 1492 3433 inter
1518 3380 1748 3437 Nitriam

158 3463 233 3525 et
270 3456 553 3529 Scythiam
606 3462 745 3517 situs
794 3478 822 3516 τι
878 3468 1214 3521 monasterio
1266 3467 1454 3525 Nitriae
1506 3473 1750 3544 quinque

160 3549 411 3606 millibus
436 3552 669 3621 distans,
701 3557 978 3627 octoginta
1005 3559 1237 3614 millium
1271 3562 1569 3621 solitudine
1615 3566 1750 3621 diri-

161 3641 338 3696 mitur
376 3644 445 3698 ab
473 3661 658 3702 eremo
688 3647 941 3720 Scythiae,
974 3650 1027 3705 in
1060 3668 1167 3722 qua
1195 3652 1492 3713 Cassianus
1521 3658 1747 3729 agebat;

159 3740 217 3785 et
244 3734 389 3802 apud
439 3733 733 3793 Henricum
785 3739 1068 3796 Canisium
1103 3743 1197 3798 lib.
1230 3761 1263 3799 ν
1321 3747 1506 3817 Antiq.
1532 3748 1745 3805 lection.

161 3824 217 3877 in
270 3826 415 3880 llist.
470 3828 789 3901 Peregrinus
841 3845 1326 3905 commemoratur,
1363 3837 1431 3894 de
1455 3855 1564 3909 qua
1588 3857 1747 3913 supe-

162 3917 282 3973 rius
339 3930 520 3975 actum
582 3934 685 3987 est,
737 3941 860 3996 pag,
918 3927 1043 3993 615,
1076 3930 1166 3984 ubi
1218 3930 1285 3985 de
1331 3930 1524 3992 Nitria.
1574 3934 1751 4005 deque

160 4010 331 4079 Oase,
386 4014 453 4068 de
504 4031 611 4085 qua
646 4026 702 4071 et
732 4017 1055 4077 Theodorus
1082 4021 1281 4078 Lector
1303 4022 1358 4077 in
1384 4022 1747 4084 Collectaneis

162 4103 283 4161 haec
332 4106 495 4163 habet
528 4126 541 4162 :
575 4111 837 4181 Σηπεδὸνι
891 4113 984 4168 τὸν
1021 4113 1181 4186 σῶμα
1220 4115 1491 4188 διέφθειρε
1541 4119 1749 4174 Νεστό-

165 4214 303 4267 ριος,
353 4201 447 4253 καὶ
500 4202 829 4275 ἀνακληθεὶς
878 4206 989 4259 ἀπὸ
1029 4206 1267 4272 Ὀάσεως
1326 4211 1489 4280 (male
1555 4212 1751 4283 legitur

175 4290 563 4362 Ἐασὲως),ὲφ’
594 4288 639 4363 ᾧ
666 4300 997 4369 μεταστῆναι
1031 4302 1110 4362 εἰς
1139 4301 1325 4373 ἕτερον
1351 4304 1536 4368 τόπον,
1559 4305 1637 4375 τῷ
1654 4305 1751 4359 θα-

162 4384 312 4453 νάτῳ
366 4386 636 4455 προέλαϐε
669 4388 769 4460 τὴν
810 4390 1133 4461 ἀνάκλησιν·
1200 4394 1253 4448 id
1287 4407 1407 4450 est:
1463 4395 1747 4453 Nestorius

166 4476 443 4541 putredine
487 4479 714 4548 infectus
745 4483 902 4550 periit
931 4483 987 4536 in
1020 4501 1256 4554 corpore,
1293 4496 1342 4541 et
1374 4501 1647 4545 revocatus
1679 4492 1744 4546 ab

170 4565 329 4634 Oase,
386 4585 505 4622 cum
536 4573 916 4641 transferretur
965 4576 1135 4630 alium
1158 4579 1212 4631 in
1244 4580 1436 4648 locum,
1470 4586 1745 4639 antevertit
1778 4569 1823 4627 Ῑ)

165 4667 334 4712 morte
362 4674 679 4729 regressum,
727 4678 817 4716 seu
858 4668 1261 4725 revocationem.
1297 4669 1402 4725 Ista
1432 4685 1559 4728 sunt
1587 4675 1749 4731 verba

165 4751 439 4820 Cassiani,
497 4758 697 4826 quibus
751 4760 989 4816 delineat
1041 4761 1419 4822 Thecuiticam
1456 4784 1748 4826 eremum:

171 4845 425 4901 «Thecue
450 4848 726 4904 desertum
760 4850 815 4905 in
844 4850 1149 4911 Palaestina:
1167 4859 1413 4926 partibus
1432 4861 1592 4930 juxta
1613 4862 1756 4918 The-

168 4951 269 4990 cue
301 4937 483 4991 vicum
523 4939 610 5009 (an
642 4950 913 4996 muratam
948 4944 1243 5013 civitatem,
1279 4966 1443 5019 quam
1480 4954 1755 5008 exstruxit

170 5024 416 5084 Roboam
462 5045 581 5093 rex,
615 5033 662 5087 ll
712 5032 892 5089 Paral.
941 5053 1017 5101 ιι,
1058 5039 1111 5105 6,
1148 5043 1315 5096 Amos
1345 5044 1625 5113 propheta:
1653 5061 1752 5116 pa-

170 5117 355 5187 triam)
414 5121 657 5176 solitudo
709 5126 1020 5180 vastissima
1076 5138 1358 5201 estusque
1384 5134 1452 5187 ad
1491 5134 1749 5192 Arabiam

168 5217 221 5264 et
266 5225 417 5266 mare
468 5211 769 5281 Mortuum,
812 5232 921 5287 quo
957 5219 1201 5289 ingressa
1231 5223 1494 5279 deﬁciunt
1548 5227 1751 5284 ﬂuenta

168 5298 421 5358 Jordanis
468 5313 522 5359 et
552 5306 692 5361 alvei
722 5308 813 5362 siti
861 5310 1069 5365 faciunt.
1106 5313 1289 5379 tinem,
1323 5325 1379 5369 et
1403 5316 1618 5373 cineres
1650 5318 1752 5374 So-

172 5394 480 5464 domorum,
513 5401 852 5469 amplissima
911 5406 1234 5461 extensione
1263 5419 1535 5476 porrecta.
1575 5410 1750 5481 Hujus

174 5488 482 5545 solitudinis
522 5494 727 5547 mentio
772 5493 831 5548 fit
882 5494 925 5548 ll
973 5495 1154 5552 Paral.
1198 5514 1292 5563 xx,
1345 5500 1440 5566 20,
1473 5509 1528 5556 et
1560 5502 1602 5557 ll
1632 5504 1748 5559 Ma-

174 5579 334 5635 chab.
384 5598 460 5648 1x,
495 5585 583 5639 55.
619 5585 675 5639 In
720 5588 818 5642 hac
852 5604 1083 5644 summa;
1127 5591 1253 5645 vitae
1301 5608 1367 5647 ac
1431 5597 1748 5653 sanctitatis

176 5672 274 5729 viri
305 5679 562 5732 monachi
586 5678 897 5735 diutissime
928 5693 1337 5740 commorantes
1368 5697 1593 5755 repente
1620 5700 1752 5745 sunt

178 5782 207 5820 a
234 5768 673 5829 discurrentibus
714 5773 1110 5832 Saracenorum
1136 5779 1463 5836 latrunculis
1493 5782 1750 5842 interem-

180 5862 277 5931 pti,
324 5881 343 5914 ι
380 5875 485 5922 etc.
517 5866 624 5923 Sed
651 5867 879 5926 inferius
909 5870 1086 5929 dehis
1113 5886 1268 5944 agam
1300 5875 1568 5947 pluribus.

1868 620 2188 658 racenorum
2222 606 2325 661 sub
2358 605 2665 661 Theodosio
2694 604 2921 660 Juniore
2951 604 3200 676 contigit,
3229 619 3353 658 cum
3380 604 3440 657 in

1866 695 1995 750 Sina
2056 698 2294 768 degeret,
2342 698 2454 768 jam
2504 713 2668 753 senex
2703 708 2842 761 erat,
2883 706 2941 751 ut
2977 698 3089 766 ipse
3125 704 3332 750 narrat.
3369 694 3440 758 6,

1864 806 1988 860 pag.
2041 790 2131 853 92,
2183 791 2325 862 apud
2377 789 2664 863 Possiuum
2718 790 2918 845 fatetur
2947 806 3009 845 ex
3048 789 3278 843 aliorum
3312 803 3440 842 sen-

1864 885 2049 949 tentia,
2104 884 2194 938 ubi
2257 885 2444 939 scribit
2482 902 2495 938 :
2529 879 2636 936 Ἦν
2684 883 2739 936 δὲ
2772 883 2926 952 κάγὼ
2967 881 3131 952 βάδην
3177 880 3442 950 ἑπόμενος

1862 978 1973 1039 τοῖς
2001 976 2434 1047 προστείχουσιν,
2463 975 2537 1038 ὡς
2570 976 2667 1046 μὲν
2702 976 2832 1039 ἴσως
2860 976 3084 1046 φήσειεν
3122 973 3280 1035 ἄλλος
3308 971 3440 1024 ἀδυ-

1861 1068 2051 1139 ναμίᾳ,
2083 1069 2209 1132 τοὺς
2253 1068 2453 1137 μᾶλλον
2501 1068 2783 1137 ἰσχύοντας
2811 1070 2872 1120 οὐ
2923 1066 3140 1136 φθάνων
3180 1061 3442 1133 ἀσθενείᾳ

1859 1160 1956 1213 τοῦ
1997 1163 2206 1232 γήρως,
2262 1161 2313 1214 id
2352 1169 2456 1227 est,
2510 1160 2621 1230 Ego
2665 1176 2783 1212 vero
2826 1160 3081 1228 sequebar
3124 1156 3439 1227 pedetentim

1860 1264 2262 1322 praecurrentes,
2293 1262 2349 1307 ut
2372 1252 2582 1323 quidem
2610 1253 2836 1321 fortasse
2882 1253 3075 1306 diceret
3119 1251 3282 1317 alius,
3327 1264 3438 1319 pro:

1863 1345 2176 1409 impotentia
2226 1360 2329 1397 non
2372 1342 2548 1397 valens
2596 1345 2807 1414 assequi
2847 1359 2957 1409 eos,
3012 1344 3104 1413 qui
3148 1340 3441 1407 maioribus

1859 1444 2012 1490 erant
2054 1436 2267 1505 prwditi
2305 1436 2521 1503 viribus,
2570 1435 2633 1489 ob
2668 1436 2946 1488 senectutis
2978 1433 3439 1488 imbecillitatem:

1860 1528 2320 1598 quemadmodum
2374 1536 2430 1583 et
2470 1527 2742 1583 subducto
2782 1527 2995 1582 calculo
3025 1542 3148 1580 mox
3181 1538 3438 1593 compro-

1859 1620 2001 1676 babo
2041 1621 2194 1680 illum
2226 1621 2418 1676 aﬂ‘ecta
2463 1629 2577 1675 tum
2612 1628 2772 1675 aetate
2828 1619 3018 1675 fuisse.
3049 1617 3185 1673 Nam
3215 1631 3339 1673 cum
3369 1614 3440 1669 ad

1857 1713 2195 1784 prazfecturaa
2221 1728 2422 1767 munus
2451 1721 2674 1768 evectus
2718 1712 2841 1778 fuit,
2881 1722 2940 1767 ut
2988 1710 3304 1768 astrueham
3337 1723 3436 1765 su-

1858 1822 1977 1876 pra,
2015 1806 2117 1861 sub
2155 1822 2299 1861 anno
2345 1806 2490 1861 ΟΝ.
2530 1806 2654 1872 405,
2703 1806 2805 1861 etsi
2832 1806 2978 1875 leges
3029 1802 3276 1866 annales,
3319 1801 3437 1856 sive

1860 1900 2121 1962 annariae,
2145 1898 2345 1968 quibus
2360 1900 2674 1969 prtescripta
2687 1908 2804 1953 erat
2823 1908 2974 1960 tetas,
2992 1912 3099 1967 qua
3125 1902 3437 1965 peterentur

1860 1990 2119 2055 honores,
2180 1989 2259 2043 uti
2306 1989 2453 2043 canit
2478 1990 2569 2045 ille
2606 1999 2713 2044 tam
2747 1989 2912 2055 Julia,
2955 2003 3118 2060 quam
3156 1985 3435 2054 Pompeia,

1857 2092 1911 2137 et
1944 2083 2088 2148 alia},
2123 2084 2191 2138 de
2221 2083 2417 2153 quibus
2448 2083 2500 2137 in
2532 2083 2569 2138 l.
2602 2084 2737 2139 Cum
2766 2084 2877 2154 lege
2905 2082 2972 2137 ι).
3009 2081 3072 2137 de
3105 2080 3297 2135 arbitr.
3321 2079 3437 2134 etl.

1860 2175 2092 2242 Quidam
2120 2178 2446 2245 consulebat,
2487 2178 2556 2232 57
2589 2177 2658 2232 D.
2701 2178 2766 2232 de
2792 2194 2847 2232 re
2871 2177 3131 2246 judicat.,
3164 2175 3260 2231 ubi
3292 2173 3438 2229 Dua-

1856 2283 2045 2331 renus.
2077 2284 2185 2323 non
2217 2269 2649 2325 observabantur
2680 2269 3041 2333 adamussim,
3070 2268 3293 2337 illisque
3325 2266 3435 2320 sol-

1855 2363 2055 2417 vebant
2078 2362 2456 2431 imperatores,
2474 2372 2529 2417 ut
2554 2370 2711 2417 erant
2734 2376 3129 2431 nonnunquam
3156 2357 3436 2423 dissoluti,

1856 2454 2195 2520 candidatos,
2223 2454 2307 2509 vel
2329 2455 2491 2509 etiam
2514 2455 2669 2524 probi
2694 2463 2749 2509 et
2772 2453 2927 2524 justi,
2959 2468 3086 2508 cum
3116 2452 3293 2507 virtus
3323 2464 3436 2505 non

1852 2547 2016 2618 667
2036 2546 2382 2617 exspectabat
2400 2562 2593 2613 annos,
2614 2547 2706 2601 sed
2725 2546 2965 2601 anteibat
2986 2545 3076 2617 (de
3091 2544 3302 2616 legibus
3326 2543 3435 2599 illis

1853 2639 1988 2695 satis
2009 2639 2094 2708 egi
2121 2637 2242 2694 fuse
2269 2640 2325 2693 in
2347 2637 2588 2693 Diatriba
2600 2639 2666 2694 de
2694 2638 2896 2694 S.R.E.
2920 2636 3281 2694 cardinalium
3300 2646 3402 2691 aeta
3430 2666 3435 2669 Α

1854 2729 1952 2800 te),
1972 2740 2210 2787 attamen
2228 2746 2321 2787 eas
2338 2747 2462 2785 cum
2481 2731 2708 2799 Rosino,
2732 2731 2827 2786 lib.
2849 2747 2947 2798 vn,
2969 2746 3091 2801 cap.
3115 2730 3147 2786 9
3170 2729 3433 2799 Antiquit.

1854 2825 2084 2880 Roman.
2130 2841 2255 2896 pag.
2313 2824 2440 2893 697,
2475 2826 2711 2881 arbitror
2770 2841 2973 2880 annum
3010 2824 3207 2881 saltem
3239 2824 3310 2879 42
3340 2839 3437 2879 ex-

1860 2915 2042 2985 egisse
2079 2915 2133 2969 in
2172 2913 2498 2984 praefectura
2524 2916 2699 2983 urbis,
2726 2916 2871 2971 sicut
2895 2925 2949 2972 ct
2975 2916 3031 2971 in
3056 2917 3328 2972 senatoria
3356 2917 3439 2971 di-

1853 3006 2059 3077 gnitate
2086 3019 2101 3072 ;
2135 3007 2228 3061 sed
2253 3006 2425 3078 liquet
2447 3023 2512 3063 ex
2532 3006 2809 3077 epitaphio
2831 3004 3176 3078 Pantagathi,
3196 3007 3289 3078 qui
3312 3023 3438 3062 con-

1854 3097 1981 3152 cilio
2006 3098 2344 3153 Arausicano
2373 3100 2615 3154 secundo
2643 3098 3071 3168 subscripserat,
3105 3114 3251 3153 anno
3281 3099 3345 3153 C.
3368 3096 3432 3157 N.

1854 3188 1988 3256 5‘29;
2022 3198 2203 3245 exstat
2232 3189 2365 3245 illud
2390 3190 2623 3247 incisum
2651 3193 2913 3248 marmori
2937 3191 3203 3260 Vasioni;
3237 3191 3438 3247 ultimi-

1852 3295 1957 3351 que
1988 3281 2098 3337 duo
2124 3282 2216 3337 isti
2263 3282 2520 3353 leguntur
2548 3299 2775 3341 versus:

1919 3418 2159 3472 Abstulit
2185 3419 2323 3473 hunc
2355 3419 2505 3474 rebus
2533 3418 2738 3473 decimo
2778 3435 2920 3474 mors
2946 3419 3129 3474 invida
3168 3420 3363 3486 lustro,

1922 3488 2169 3557 Namque
2196 3491 2459 3545 senatoris
2489 3492 2665 3560 posuit
2697 3500 2814 3560 post
2846 3490 3058 3561 cingula
3082 3491 3267 3546 vitam.

1850 3619 2055 3691 Nempe
2089 3635 2212 3675 cum
2245 3635 2276 3674 a
2303 3621 2527 3678 senibus
2555 3637 2757 3699 nomen
2787 3622 2918 3678 mito
2955 3631 3181 3678 senatus
3214 3621 3435 3689 habeat,

1850 3710 1993 3764 inter
2026 3710 2509 3781 quadragesimum
2572 3719 2628 3767 et
2672 3711 3186 3783 quinquagesimum
3226 3726 3433 3767 annum

1851 3813 2072 3857 senecta
2113 3803 2328 3858 videtur
2363 3802 2627 3873 incipere.
2658 3802 2815 3859 Plato
2847 3819 3047 3860 novem
3089 3804 3271 3875 posuit
3305 3815 3437 3861 teta-

1853 3902 1933 3949 tes
1968 3894 2245 3962 hominis;
2273 3903 2472 3967 quarto
2496 3911 2642 3951 anno
2661 3895 2973 3965 infantiam,
3007 3897 3282 3954 ablactato
3314 3907 3437 3969 post

1849 3988 2169 4054 triennium,

1922 4100 2216 4173 Mater-alit
2244 4118 2465 4172 puerum
2488 4102 2706 4155 trimum
2730 4102 2987 4173 trimoque
3009 4104 3289 4169 minorem,

2063 4171 2325 4243 Majorem
2352 4188 2472 4227 vero
2502 4189 2718 4243 pascere
2745 4171 2914 4241 patris
2950 4174 3075 4230 erit.

1852 4309 1890 4365 Ι.
1929 4308 1993 4364 II
2018 4307 2269 4363 Machab.
2304 4307 2469 4379 gloss.
2494 4310 2552 4363 in
2585 4324 2715 4364 c.e:c
2742 4310 2936 4367 litteris
2966 4311 3023 4366 2.
3053 4312 3304 4384 Gregorii
3338 4312 3432 4381 IX,

1851 4411 2007 4458 extra
2050 4402 2122 4457 De
2145 4418 2379 4457 convers.
2402 4403 2557 4473 inﬁd.
2584 4403 2811 4459 ascribit
2844 4404 3074 4460 decenni
3110 4406 3427 4476 pueritiam,

1850 4497 2036 4551 decem
2088 4503 2144 4550 et
2195 4504 2320 4550 octo
2379 4510 2554 4551 annos
2611 4506 2761 4561 nato,
2807 4497 3202 4553 adolescentuli
3234 4514 3434 4564 aevum,

1853 4588 2279 4644 adolescentiam
2317 4589 2497 4659 agenti
2544 4589 2616 4645 25
2640 4605 2836 4657 annos,
2881 4590 3096 4647 ﬂorenti
3123 4592 3212 4660 56,
3264 4595 3436 4648 crudo

1854 4679 1971 4735 seni
2010 4679 2099 4745 55,
2151 4679 2269 4735 seni
2322 4681 2604 4751 sexaginta
2656 4681 2932 4752 quinque;
2971 4684 3264 4767 decrepito_
3287 4686 3437 4757 quod

1855 4780 2105 4841 superest
2136 4771 2277 4838 vitae,
2318 4779 2375 4826 et
2402 4771 2506 4827 ista
2532 4771 2698 4827 refert
2725 4771 2873 4830 Elias
2900 4774 3177 4831 Cretensis
3220 4776 3276 4830 in
3310 4792 3437 4831 ora-

1858 4862 2007 4917 tione
2028 4862 2241 4917 decima
2272 4877 2417 4917 nona
2439 4864 2686 4935 Gregorii
2709 4863 3061 4932 Nazianzeni,
3093 4884 3148 4938 p.
3184 4869 3307 4934 159,
3341 4872 3435 4939 qui

1854 4953 2039 5008 addit:
2078 4971 2097 5003 ι
2118 4953 2385 5020 Quoniam
2409 4955 2575 5026 igitur
2601 4956 3021 5028 quadragesimo
3049 4971 3246 5031 quarto
3288 4978 3436 5019 anno

1852 5046 2188 5117 perticimur,
2240 5057 2301 5109 et
2351 5058 2541 5118 postea
2587 5051 2821 5107 deficere
2903 5054 3198 5123 incipimus
3239 5058 3436 5112 merito

1853 5138 2019 5209 igitur
2050 5147 2265 5211 tempus
2294 5141 2441 5195 istud
2472 5141 2725 5198 humana:
2754 5154 2963 5200 natura:
2984 5146 3149 5202 vitam
3166 5163 3287 5203 esse
3301 5150 3434 5205 defl-

1850 5231 2043 5287 nivit.»
2070 5231 2306 5290 Sanctus
2330 5234 2691 5305 Augustinus,
2715 5239 2876 5309 epist.
2896 5240 3019 5304 HO,
3051 5243 3165 5297 haec
3195 5259 3255 5298 se
3283 5245 3435 5300 loeu-

1853 5335 1968 5381 tum
2002 5342 2127 5383 esse
2166 5328 2351 5392 refert,
2384 5346 2481 5386 sex
2511 5340 2701 5387 aetates
2736 5333 2978 5392 hominis
3034 5342 3429 5395 enumerando.

1858 5438 1876 5473 ι
1909 5418 2295 5476 Verumtamen
2337 5423 2393 5477 in
2441 5422 2672 5480 infantia
2699 5436 2957 5496 speratur
3003 5430 3261 5498 pueritia,
3295 5440 3351 5488 et
3380 5440 3431 5490 In

1852 5512 2084 5584 pueritia
2128 5524 2379 5583 speratur
2428 5516 2813 5585 adolescentia,
2859 5530 2912 5574 et
2954 5525 3007 5574 in
3065 5523 3431 5581 adolescentia

1853 5605 2392 5675 speraturjuventus,
2419 5616 2473 5663 et
2497 5608 2550 5662 in
2583 5609 2865 5679 juventute
2896 5624 3149 5681 speratur
3170 5619 3428 5685 gravitas,

1855 5705 1910 5750 et
1937 5696 1990 5750 in
2015 5696 2282 5765 gravitate
2306 5706 2557 5767 speratur
2585 5711 2861 5768 senectus,
2902 5712 3007 5757 etc.
3045 5704 3311 5761 Senectus
3330 5723 3431 5761 au-

1857 5799 1963 5844 tem
1994 5788 2157 5843 aliam
2186 5798 2418 5859 aetatem,
2449 5807 2613 5861 quam
2656 5805 2856 5864 speret,
2892 5811 2999 5849 non
3037 5796 3219 5863 habet,
3260 5818 3279 5851 ι
3321 5809 3427 5855 etc.

1858 5881 1957 5937 Ubi
1987 5881 2267 5953 gravitatis
2294 5884 2517 5943 nomine
2544 5897 2820 5944 senectam
2853 5888 3122 5961 intelligit,
3157 5899 3215 5947 et
3266 5905 3428 5947 senc-
