3816 6220
386 374 524 438 1395

1143 364 1291 426 JOS.
1329 362 1594 425 MARle
1632 357 1988 423 SUARESII
2024 354 2254 415 LIBER
2290 349 2925 415 CHRONOLOGICUS

3517 339 3678 401 1596

382 485 549 545 ctutis
585 478 872 545 vocabulo,
909 477 1159 545 senium;
1188 492 1314 531 nam
1354 476 1449 547 qui
1501 474 1682 547 gravis
1735 473 1964 534 Latinis,
1994 474 2042 529 A
2069 484 2303 539 namque
2323 469 2574 537 utAgaso
2600 465 2841 519 narravit
2860 461 2982 515 Nilo
2999 457 3142 515 haud
3161 454 3352 528 procul
3373 452 3678 518 ahElusa,

382 577 588 634 Gracis
629 573 943 644 πρεσϐύτης
989 577 1249 634 vocatur;
1301 568 1395 639 qui
1434 582 1563 622 vero
1597 567 1805 627 'senex,
1869 578 1964 617 seu

366 662 652 732 semines,
674 664 922 736 γηραιός,
954 672 1014 717 ιιι
1038 663 1195 717 docet
1221 661 1360 715 idem
1392 668 1614 713 sanctus
1644 658 1697 710 in
1730 654 1965 709 Enarra-

383 764 534 815 tione
575 758 769 829 psalmi
813 755 1220 825 septuagesimi.
1261 769 1315 822 p.
1344 752 1471 815 276,
1505 751 1618 805 sive
1658 748 1814 819 quasi
1859 748 1964 817 γῆν

382 853 549 924 ὁρῶν,
584 851 667 906 vel
696 852 777 914 εἰς
804 850 909 920 γῆν
942 848 1101 920 ῥέων,
1134 856 1333 902 terram
1356 846 1638 917 aspiciens,
1665 855 1823 913 atque
1844 859 1965 898 cer-

384 960 530 999 nuus
556 984 571 1009 ,
613 952 704 997 aut
729 943 784 996 in
821 951 1016 994 terram
1044 940 1236 1009 ﬂuens.

456 1034 645 1105 Itaque
678 1034 965 1103 plusquam
1021 1028 1516 1101 quadragenarium
1549 1026 1730 1081 Nilum
1761 1025 1956 1095 prafe-

389 1139 560 1185 ctura
619 1140 843 1181 munere
896 1122 1145 1177 functum
1178 1122 1436 1182 arbitror,
1465 1121 1579 1175 sive
1605 1117 1963 1189 quadraginta

386 1224 524 1275 duos
554 1234 728 1274 annos
765 1217 1031 1285 attigisse,
1059 1230 1183 1270 cum
1219 1214 1287 1269 ad
1342 1214 1661 1269 vicesimum
1710 1211 1960 1279 quintum

384 1327 561 1382 usque
590 1325 795 1366 annum
835 1323 1056 1379 operam
1088 1306 1328 1363 dedisset
1365 1305 1680 1360 liberalibus
1708 1303 1968 1372 discipli-

384 1408 496 1470 nis,
527 1414 583 1460 et
623 1403 765 1474 juris
815 1402 1075 1468 scientiae,
1107 1401 1478 1456 adolescentes
1525 1398 1781 1452 nimirum
1842 1398 1963 1451 ideo

384 1499 797 1556 excusabantur
825 1497 895 1552 ab
921 1495 1243 1560 honoribus,
1274 1508 1449 1562 usque
1490 1492 1557 1547 ad
1590 1492 1741 1545 illum
1789 1490 1964 1544 alatis

386 1607 616 1658 annum,
644 1591 679 1645 Ι.
716 1606 757 1657 ι,
778 1588 964 1654 (Σέριιὶ
980 1595 1135 1643 atate
1159 1602 1213 1640 se
1242 1593 1519 1641 excusant.
1543 1583 1638 1637 lib.
1656 1599 1713 1637 ι.
1740 1581 1802 1636 C.
1836 1579 1963 1635 Jus-

372 1682 630 1739 itinianai
664 1680 929 1752 ἐγκύκλια
949 1679 1286 1735 vocabantur
1311 1676 1607 1733 circulares
1641 1675 1961 1744 disciplina,

386 1773 765 1845 grammatica,
780 1771 1072 1836 rhetorica,
1085 1769 1388 1829 dialectica.
1408 1777 1523 1823 tum
1544 1766 1959 1821 mathematica.

387 1865 511 1938 Ipse
540 1865 716 1926 Nilus,
747 1864 907 1934 epist.
936 1862 1025 1929 45,
1058 1861 1193 1916 1.1x.
1228 1860 1411 1916 Allatii
1444 1860 1510 1914 ad
1541 1857 1967 1926 Domninumju-

387 1959 622 2023 niorem,
637 1956 725 2011 ubi
742 1955 885 2010 male
900 1953 1038 2025 μετὰ
1052 1951 1197 2026 [τὴν]
1210 1952 1317 2006 τῶν
1344 1950 1647 2019 ἐγκυκλίων
1666 1950 1965 2014 παίδευσιν,

388 2053 486 2106 καὶ
504 2050 601 2121 τὴν
624 2048 733 2103 τῶν
762 2046 1237 2118 φιλοσοφουμένων
1279 2044 1605 2115 ὲκμάθησιν,
1640 2042 1692 2098 id
1720 2055 1824 2109 est,
1842 2040 1969 2096 Post

389 2158 600 2198 emensa
631 2141 814 2196 studia
845 2138 1191 2194 circularium
1232 2136 1663 2206 disciplinarum,
1714 2144 1764 2189 et
1793 2150 1970 2189 rerum

389 2234 873 2305 philosophicarum
922 2231 1246 2295 doctrinam,
1308 2229 1538 2283 vertitur
1587 2226 1966 2296 encycliorum.

390 2327 451 2381 In
482 2325 605 2381 Vita
634 2324 810 2380 sancti
841 2320 1070 2378 Joannis
1112 2320 1342 2387 Climaci
1375 2319 1662 2389 disciplina
1695 2317 1971 2388 encyclica

390 2428 730 2473 memoratur
773 2423 828 2470 et
882 2414 1084 2469 dicitur
1130 2413 1256 2482 quis
1303 2411 1492 2465 orbem
1555 2409 1969 2479 disciplinarum

387 2509 697 2580 perficere,
786 2521 851 2562 ac
903 2503 1426 2575 ὲγκυκλοπαιδεεαψ
1495 2510 1684 2572 postea
1746 2501 1970 2556 trivium

391 2609 450 2656 et
481 2599 826 2671 quadrivium
875 2597 1308 2668 appellabantur.
1351 2592 1531 2648 Nilum
1578 2594 1700 2647 dein
1746 2608 1969 2663 uxorem

393 2689 623 2745 duxisse
645 2701 847 2743 censeo
871 2702 1016 2741 anno
1041 2688 1216 2741 atatis
1230 2686 1320 2751 50,
1340 2684 1598 2755 colligens
1622 2683 1825 2739 scilicet
1850 2682 1971 2752 plus

394 2781 580 2835 minus
597 2780 774 2849 ipsum
797 2778 964 2848 668
984 2776 1163 2831 Nilum
1184 2776 1239 2830 in
1262 2776 1436 2830 lucem
1453 2775 1714 2845 prodiisse
1729 2772 1966 2829 an.C.N.

393 2871 521 2927 560.
555 2871 806 2941 Suscepit
828 2878 1009 2924 autem
1039 2868 1208 2923 filium
1232 2868 1287 2922 in
1313 2868 1510 2938 primis
1532 2882 1564 2921 e
1593 2867 1819 2937 conjuge
1848 2881 1970 2929 sua,

394 2960 720 3032 gravissima
770 2968 826 3015 et
865 2958 1253 3015 honestissima
1309 2967 1579 3025 matrona,
1620 2966 1735 3012 tum
1779 2957 1969 3013 filiam.

1994 1825 2041 1882 B

2078 560 2138 614 '0
2175 562 2306 624 παῖς
2344 559 2558 628 εἴρηται
2592 558 2689 626 μὲν
2728 556 2901 608 τελεῖν
2931 557 2989 606 ὲν
3010 550 3089 622 τῷ
3114 548 3376 621 ἱερατικῷ
3403 546 3678 615 τάγματι

2063 652 2161 715 τὰς
2178 651 2397 721 πρώτας
2414 651 2549 712 τέως
2567 643 2916 720 [ὑπηρεσίας]
2932 644 3041 697 τῶν
3064 643 3331 711 νεοχόρων
3346 640 3504 707 (lego
3524 654 3678 689 νεω-

2064 743 2242 814 κόρων
2272 741 2721 810 πεπιστευμένος,
2761 738 2812 791 id
2854 744 2937 791 est
2964 750 3154 799 nempe
3183 730 3501 787 Theodulus
3540 740 3677 780 tuus

2062 833 2207 903 ﬁlius
2231 833 2428 886 dicitur
2452 831 2662 902 quidem
2689 828 2998 882 ministrare
3029 826 3083 879 in
3113 824 3297 876 ordine
3324 834 3514 883 sacro,
3542 834 3677 871 cum

2062 926 2166 993 ipsi
2228 923 2431 977 credita
2490 924 2597 976 sint
2647 921 2822 991 prima
2880 918 3063 972 munia
3133 915 3389 969 custodire
3449 910 3673 979 templi.

2062 1014 2341 1083 Νεωκόροι
2368 1013 2509 1082 apud
2545 1011 2795 1065 ethnicos
2844 1007 3051 1070 redimi,
3108 1014 3200 1058 aut
3251 1002 3516 1065 wditimi,
3570 1001 3675 1069 qui

2062 1105 2257 1159 adium
2311 1118 2592 1158 sacrarum
2629 1116 2816 1155 curam
2850 1098 3129 1170 gerebant,
3175 1093 3449 1149 verrendo
3513 1092 3671 1153 illas,

2063 1196 2445 1267 expurgando,
2496 1204 2551 1250 et
2600 1192 2948 1249 emundando
2976 1205 3042 1244 ac
3105 1186 3467 1250 exornando;
3533 1199 3674 1236 nam

2062 1291 2246 1359 κορεῖν
2294 1302 2401 1341 non
2429 1295 2638 1341 tantum
2685 1282 2957 1353 significat
3001 1293 3232 1341 verrere,
3268 1292 3333 1331 ac
3380 1276 3675 1328 mundare

2064 1382 2270 1446 scapis,
2304 1380 2444 1449 apud
2478 1377 2727 1442 Suidam,
2762 1374 3001 1429 Matthai
3031 1387 3130 1437 xu,
3159 1369 3320 1424 Luca
3346 1384 3437 1428 xv,
3477 1366 3578 1421 sed
3610 1376 3675 1419 et

2064 1470 2368 1535 καλλύνειν,
2398 1470 2448 1524 id
2474 1478 2552 1523 est
2587 1481 2873 1528 exornare;
2912 1466 3019 1518 hoc
3058 1462 3278 1516 nomine
3306 1459 3673 1513 vocabantur

2063 1580 2093 1617 a
2131 1560 2377 1633 profanis
2404 1559 2481 1624 hi,
2531 1558 2734 1628 quibus
2767 1555 3079 1610 commissa
3106 1560 3262 1606 erant
3289 1550 3433 1605 ades
3483 1549 3668 1603 etiam

2063 1671 2235 1712 sacra
2260 1655 2328 1709 ab
2356 1653 2444 1707 his
2472 1650 2690 1715 habita,
2720 1646 3117 1711 custodienda;
3148 1653 3337 1699 auctor
3367 1651 3455 1697 est
3491 1641 3669 1696 scho-

2066 1748 2254 1802 liastes
2284 1743 2693 1814 Aristophanis.
2727 1739 3049 1795 Theocritus
3070 1736 3368 1809 νεωκοριαν
3395 1734 3666 1788 nominat

2069 1853 2273 1892 munus
2306 1838 2483 1906 ipsum
2519 1831 2729 1896 aditui,
2760 1839 2855 1885 aut
2887 1828 3136 1889 aditimi,
3166 1827 3235 1882 de
3276 1842 3387 1895 quo
3416 1824 3664 1878 Servius

2068 1927 2125 1980 in
2157 1924 2344 1993 Virgil.
2377 1922 2415 1975 f.
2442 1921 2567 1986 748,
2597 1920 2673 1973 illi
2702 1917 2962 1987 πυλωροὶ,
2993 1926 3047 1970 et
3071 1914 3443 1983 νεωφὺλακες,
3476 1912 3533 1965 id
3574 1920 3665 1965 est

2070 2017 2280 2070 ostiarii
2303 2054 2318 2075 ,
2352 2012 2665 2081 templorum
2694 2006 2972 2071 custodes;
3000 2008 3070 2059 ita
3098 2014 3328 2059 testatur
3348 2003 3413 2057 A.
3439 2002 3664 2056 Gellius

2070 2107 2163 2162 lib.
2193 2122 2272 2161 xu
2328 2103 2487 2158 Noct.
2526 2102 2749 2157 Atticar.
2786 2115 2838 2154 c.
2870 2098 2970 2163 M;
3006 2108 3060 2151 et
3087 2096 3349 2169 θυρωροί,
3381 2096 3433 2149 id
3459 2104 3550 2149 est
3573 2095 3663 2162 ja-

2071 2202 2278 2255 nitores
2305 2198 2372 2251 ad
2400 2193 2722 2266 aperiendas
2771 2207 2827 2246 et
2852 2190 3182 2246 claudendas
3205 2188 3433 2257 januas,
3468 2196 3667 2255 porta-

2070 2293 2139 2347 rii
2162 2290 2520 2362 appellantur,
2550 2284 2618 2340 ιν
2657 2284 2788 2354 Reg.
2819 2299 2919 2347 vu,
2952 2291 3007 2335 et
3032 2280 3054 2333 ι
3079 2278 3264 2334 Paral.
3293 2295 3373 2343 ix,
3406 2294 3503 2332 xvt
3557 2278 3664 2341 42;

2070 2384 2200 2439 dicti
2232 2381 2488 2446 'fuerunt,
2526 2387 2581 2433 et
2628 2376 2917 2448 προπύλοι,
2966 2374 3195 2429 deorum
3249 2372 3521 2437 cultores,
3567 2372 3666 2440 qui

2073 2472 2377 2528 tuebantur
2419 2469 2563 2524 ades
2595 2482 2803 2532 sacras,
2840 2465 3096 2519 annebo
3124 2479 3176 2518 c.
3204 2462 3295 2525 2|,
3345 2462 3440 2515 lib.
3478 2479 3522 2525 ι,
3554 2460 3667 2517 Ad-

2070 2579 2302 2630 versar.,
2327 2560 2604 2631 Sophocli,
2653 2568 2707 2614 et
2727 2555 3077 2626 Aristophani
3110 2556 3163 2608 in
3193 2553 3492 2623 Νεφέλαις,
3525 2563 3583 2607 et
3610 2554 3665 2605 in

2071 2652 2315 2725 Πλούτῳ,
2349 2668 2412 2706 ac
2448 2649 2743 2714 Herodoto,
2787 2648 2967 2713 servi,
3000 2646 3190 2700 famuli
3231 2645 3439 2714 templa
3471 2653 3666 2698 custo-

2071 2746 2303 2808 dientes,
2319 2742 2684 2807 imojancilla,
2702 2755 2825 2811 qua
2839 2738 3149 2809 praecedunt
3173 2738 3332 2791 heras
3356 2752 3372 2802 ;
3396 2750 3665 2788 nummus

2077 2846 2257 2893 exstat
2286 2835 2544 2890 Gordiani
2574 2834 2640 2888 Α.
2673 2834 2729 2897 5,
2760 2832 2851 2887 ubi
2876 2831 3075 2901 legitur
3106 2827 3412 2900 Σαρδιαξων
3452 2827 3665 2879 νεωκὸ-

2076 2946 2186 3002 ρων
2213 2927 2356 2997 apud
2386 2925 2687 2997 Seguinum
2712 2939 2767 2994 p.
2794 2922 2886 2988 25,
2910 2922 3102 2976 Select.
3125 2922 3349 2986 numis.,
3374 2918 3427 2974 id
3444 2929 3537 2973 est
3563 2920 3666 2971 ad-

398 3050 588 3106 llonor
609 3049 944 3121 praefectura
967 3058 1239 3104 maturam
1266 3057 1479 3105 atatem
1505 3049 1841 3118 requirebat,
1870 3064 1973 3103 nec
2064 3022 2425 3121 jutorfnﬁLuﬁ
2446 3019 2537 3121 ille
2572 3016 2707 3121 “1P
2741 3025 2796 3121 ef
2825 3030 2991 3121 pi”?
3017 3012 3313 3121 Oﬁcfmenf‘
3349 3011 3666 3121 “lustris?-

395 3153 726 3215 pramatura
755 3158 953 3198 venere
986 3142 1328 3213 juventutem
1361 3143 1611 3198 enervari
1659 3143 1973 3212 reipublicae
1999 3159 2041 3217 ε

396 3238 677 3290 intererat.
724 3233 1059 3290 Emuxerant
1094 3243 1301 3301 autem,
1331 3250 1453 3289 cum
1484 3236 1688 3305 ingruit
1718 3236 1806 3291 illa
1852 3252 1976 3306 pro-

396 3326 534 3382 cella
582 3324 917 3381 incursionis
977 3322 1225 3380 Arabica
1253 3324 1356 3380 sub
1416 3323 1725 3380 Theodosio
1776 3326 1975 3380 minori

395 3420 664 3489 Augusto,
703 3419 832 3473 anni
889 3434 918 3471 a
966 3417 1185 3480 Christo
1216 3429 1344 3473 nato
1401 3418 1534 3485 M0;
1576 3434 1702 3472 nam
1757 3418 1977 3487 quando

394 3508 552 3567 Nilus
588 3526 695 3567 una
721 3526 845 3567 cum
881 3510 992 3566 ﬁlio
1021 3509 1543 3581 Theodulo,quietis
1579 3520 1857 3581 appetens,
1888 3510 1977 3566 Si--

396 3618 578 3658 meum
616 3612 856 3657 montem
900 3601 1052 3667 adiit,
1097 3617 1276 3658 annus
1304 3619 1336 3657 a
1360 3601 1579 3658 Christo
1630 3614 1758 3656 nato
1794 3604 1976 3658 elabe-

399 3695 562 3750 batur
584 3693 720 3758 405,
754 3692 1193 3764 quinquennium
1228 3707 1424 3761 nempe
1470 3707 1646 3759 usque
1676 3692 1744 3746 ad
1771 3708 1975 3746 annum

396 3785 504 3841 410
532 3786 785 3848 transiit;
810 3786 1133 3840 numerabat
1159 3801 1288 3840 vero
1322 3795 1452 3841 tunc
1490 3784 1643 3840 Nilus
1664 3787 1839 3841 atatis
1864 3801 1979 3841 sua

398 3892 576 3933 annos
607 3876 1004 3947 quinquaginta
1037 3876 1159 3946 plus
1198 3878 1402 3932 minus.
1435 3875 1750 3933 Theodulus
1796 3887 1978 3933 autem

398 3967 758 4039 primigenios
790 3984 899 4023 non
952 3968 1125 4023 solum
1164 3970 1323 4023 annis
1361 3977 1480 4024 erat
1510 3984 1621 4023 non
1676 3968 1833 4023 facile
1873 3970 1975 4023 mi-

400 4074 506 4113 nor
540 4058 873 4128 qnindecim,
909 4070 969 4114 ut
996 4067 1153 4129 putat
1193 4058 1258 4113 R.
1306 4056 1368 4112 P.
1407 4057 1672 4113 Possinus
1716 4059 1770 4112 in
1819 4056 1975 4113 Notis

400 4149 470 4202 ad
498 4147 874 4216 Narrationes,
910 4167 1035 4221 pag.
1065 4150 1167 4205 167
1188 4191 1203 4213 ,
1234 4165 1343 4220 quo
1371 4160 1615 4221 tempore
1648 4151 1750 4206 fuit
1790 4167 1819 4205 a
1847 4151 1977 4205 Bar-

402 4240 553 4295 baris
583 4251 799 4311 captus,
828 4258 1019 4298 verum
1046 4243 1285 4297 adultam
1313 4244 1504 4313 agebat
1532 4253 1743 4297 atatem
1771 4244 1979 4298 exactis

403 4332 785 4389 adolescentia
812 4334 975 4389 annis
1013 4334 1100 4400 18,
1140 4344 1195 4389 et
1220 4335 1365 4403 quod
1394 4335 1654 4400 excurrit,
1684 4349 1878 4405 nempe
1910 4336 1979 4390 ad

401 4423 553 4479 illius
582 4423 789 4477 exitum
816 4423 1164 4494 properabat,
1218 4425 1676 4494 quemadmodum
1707 4424 1862 4480 Nilus
1894 4424 1980 4478 in-

401 4518 632 4572 choarat
660 4518 1193 4588 quinquagesimum.
1225 4516 1484 4573 Horatius
1508 4518 1751 4587 profecto
1780 4518 1981 4573 dulcis-

403 4610 578 4665 simus
607 4618 766 4680 poeta
798 4611 1085 4680 pangebat.
1112 4610 1383 4680 integrum
1408 4625 1467 4664 se
1499 4610 1723 4665 laudare
1745 4609 1979 4665 formam

405 4697 751 4765 muliebrem,
782 4712 916 4753 cave
938 4698 1193 4768 inquiens
1221 4699 1493 4770 suspicari

687 4830 863 4901 Cujus_
894 4840 1136 4884 octavum
1166 4830 1447 4897 trepidavit
1475 4840 1606 4885 astas

830 4899 1091 4957 Claudere
1125 4901 1383 4963 lustrum;

406 5054 553 5094 anno
581 5037 783 5108 quippe
803 5034 1220 5107 quadragesimo
1244 5043 1582 5089 constantem
1602 5044 1839 5098 atatem,
1870 5034 1983 5088 sive

408 5144 627 5201 gravem
656 5129 965 5193 decurrere,
984 5127 1331 5196 juventaque
1364 5126 1531 5181 robur
1561 5141 1780 5196 vergere
1815 5126 1983 5195 signi-

409 5228 599 5277 ttcans.
619 5222 699 5275 Ad
724 5220 982 5291 oppidum
1007 5218 1204 5273 Sucam
1229 5217 1447 5287 quidem
1470 5233 1594 5272 cum
1612 5218 1985 5285 pervenissent

408 5308 655 5374 Barbari,
675 5308 767 5378 qui
791 5318 1007 5378 captum
1036 5306 1375 5362 Theodulum
1409 5321 1605 5361 venum
1621 5305 1982 5375 exponebant,

410 5401 567 5467 isque
628 5398 946 5469 redemptus
998 5397 1141 5453 foret
1198 5399 1493 5468 aquodam
1527 5398 1752 5452 miserto
1811 5398 1987 5468 ipsius

407 5490 709 5554 mactandi,
741 5499 796 5544 et
828 5490 1203 5560 lacrymantis,
1237 5505 1540 5557 rursusque
1572 5489 1901 5556 divenditus,
1930 5490 1982 5545 in

411 5594 609 5633 manus
640 5579 840 5633 iterum
894 5582 1127 5636 ementis
1158 5580 1396 5651 episcopi
1428 5580 1607 5635 Elusa
1661 5581 1982 5636 transiisset.

411 5667 513 5721 llic
544 5669 791 5733 antistes,
822 5680 1038 5740 captus,
1067 5673 1325 5742 praclara
1354 5673 1472 5741 ejus
1503 5672 1701 5736 indole,
1720 5687 1783 5727 ac
1814 5674 1985 5742 pieta-

413 5770 520 5815 tetn
574 5770 851 5829 expertus,
873 5760 1121 5817 adhibuit
1168 5778 1293 5817 eum
1351 5763 1607 5819 Ecclesia
1652 5766 1981 5833 ministrum,

2075 3111 2736 3185 musmFalconerius
2767 3111 2821 3163 in
2851 3106 3005 3163 Notis
3026 3105 3094 3160 ad
3125 3104 3514 3174 inscriptiones
3530 3103 3665 3156 Ath-

2078 3204 2289 3267 leticas,
2324 3219 2378 3272 p.
2416 3202 2506 3266 47,
2539 3199 2718 3270 arguit
2738 3195 3143 3267 Aigium,quod
3170 3194 3307 3261 γέων
3323 3194 3662 3265 προστασίαν

2076 3293 2297 3349 verterit
2327 3289 2652 3359 templorum
2690 3284 3090 3357 praefecturam,
3140 3298 3236 3338 seu
3278 3283 3659 3353 praesulatum,

2076 3399 2175 3456 pro
2203 3383 2359 3447 νέων,
2401 3380 2458 3436 id
2504 3388 2608 3444 est,
2648 3378 2909 3448 juvenum
2947 3375 3279 3445 principatu,
3317 3374 3470 3443 quod
3522 3383 3662 3427 recte

2078 3476 2252 3546 liquet
2270 3488 2302 3529 e
2320 3486 2547 3528 nummo
2566 3468 2752 3525 Severi
2771 3468 2835 3524 A.
2857 3482 3017 3538 quem
3045 3480 3172 3519 mox
3195 3462 3428 3534 profert,
3456 3464 3553 3517 ubi
3581 3464 3657 3517 le-

2079 3567 2224 3637 gitur
2254 3561 2634 3633 Περγαμηνῶν
2668 3560 2951 3631 νεωκόρων
2989 3555 3293 3625 ἐπιστάτης
3316 3570 3370 3624 p.
3408 3554 3478 3608 48
3518 3562 3571 3608 et
3603 3568 3655 3622 p.

2077 3659 2168 3724 57,
2203 3673 2257 3727 p.
2312 3656 2417 3710 105
2459 3662 2594 3723 etp.
2641 3652 2765 3719 111,
2797 3651 2892 3706 ubi
2939 3649 3125 3703 laudat
3168 3646 3381 3701 Alberti
3428 3643 3657 3699 Rubenii

2078 3749 2378 3805 Diatribam
2403 3748 2471 3804 de
2513 3745 2646 3803 Urb.
2678 3742 2958 3807 Neocoris,
3010 3739 3213 3795 Julium
3246 3737 3552 3791 Firmicum
3580 3733 3655 3787 De

2079 3860 2257 3900 errore
2298 3841 2512 3911 profan.
2560 3838 2712 3909 relig.
2742 3846 2798 3893 et
2844 3835 3107 3889 Actorum
3153 3831 3390 3902 apostol.
3440 3844 3491 3884 ο.
3542 3844 3653 3893 ιιι,

2081 3934 2268 4004 ibique
2299 3929 2787 4000 Theophylactnm,
2828 3926 2924 3996 qui
2955 3923 3224 3993 νεωκόρον
3270 3922 3654 3989 interpretatur

2082 4024 2405 4096 ἱερόδουλον.
2429 4022 2532 4076 Adi
2565 4032 2617 4075 et
2642 4017 3032 4090 Spanhemium
3057 4015 3266 4069 cursim
3291 4027 3389 4067 eos
3420 4025 3655 4066 comme-

2079 4125 2406 4180 morantem,
2440 4113 2634 4184 p.507,
2666 4112 2740 4165 De
2771 4111 3019 4164 numism.

2153 4209 2249 4261 Est
2302 4210 2353 4259 in
2394 4205 2630 4259 Ecclesia
2679 4200 2995 4257 ostiariatus
3019 4199 3157 4254 ordo
3206 4194 3349 4265 apud
3414 4194 3649 4256 Latinos,

2078 4298 2241 4366 cujus
2266 4295 2321 4349 in
2351 4294 2589 4349 formula
2617 4307 2671 4362 p.
2706 4290 2773 4345 16
2798 4288 3136 4346 Pontiﬁcalis
3167 4285 3430 4351 Romani,
3465 4298 3651 4337 munus

2081 4387 2414 4457 designatur,
2450 4382 2729 4453 aperiendi
2775 4380 3152 4435 materialibus
3196 4377 3443 4432 clavibus
3486 4377 3650 4429 eccle-

2012 4508 2058 4563 D
2087 4481 2222 4535 siam
2255 4487 2310 4533 et
2337 4478 2564 4533 ostiario
2612 4476 2901 4529 traduntur
2942 4473 3142 4536 claves,
3182 4485 3325 4541 quas
3352 4470 3492 4526 indit
3524 4470 3650 4523 seris

2085 4580 2388 4642 portarum,
2421 4583 2627 4638 easque
2654 4582 2785 4621 mox
2816 4567 3038 4621 obserat
3081 4574 3135 4619 et
3166 4572 3407 4627 reserat;
3438 4571 3650 4616 sanctus

2081 4662 2410 4718 Laurentius
2464 4662 2646 4724 levita,
2673 4674 2768 4715 seu
2791 4659 3053 4713 diaconus
3081 4655 3286 4726 gratias
3310 4654 3507 4724 agebat
3530 4652 3649 4715 Deo,

2081 4756 2213 4826 quia
2241 4756 2441 4824 januas
2473 4753 2595 4823 ejus
2636 4751 2842 4823 ingredi
2888 4757 3197 4815 meruerat;
3248 4747 3397 4817 apud
3444 4745 3650 4800 Grauis

2080 4849 2244 4903 etiam
2274 4848 2545 4903 exclamat
2563 4845 2827 4900 diaconus
2848 4842 3039 4914 θύρας,
3054 4841 3245 4912 θύρας,
3265 4840 3321 4895 id
3340 4846 3446 4905 est,
3482 4848 3651 4907 portas

2081 4954 2287 5007 portas,
2316 4936 2581 4992 obserans
2616 4935 2757 4997 illas,
2781 4948 2850 4987 ne
2870 4933 2995 5001 quis
3027 4931 3260 4985 infidelis
3286 4932 3560 4991 introeat;
3592 4927 3648 4980 li.

2082 5030 2144 5085 P.
2175 5028 2338 5082 Goar.
2379 5026 2497 5081 0rd.
2538 5025 2714 5081 sancti
2744 5023 3014 5078 Dominici
3062 5022 3118 5075 in
3156 5019 3460 5090 Eucholog.
3498 5019 3650 5073 variis

2084 5126 2408 5182 lectionibus
2431 5125 2676 5186 adnotat,
2699 5138 2754 5192 p.
2779 5122 2908 5183 248,
2957 5120 3367 5187 arbitraturqne
3417 5116 3645 5171 Gracam

2085 5216 2384 5272 Ecclesiam
2423 5214 2679 5268 habuisse
2706 5208 2989 5271 utofﬁcia,
3022 5208 3393 5269 ostiariatum,
3448 5205 3647 5259 exorci-

2086 5319 2311 5373 statum,
2336 5315 2390 5363 et
2413 5305 2801 5376 acolythatum,
2828 5301 3169 5369 indicarique
3194 5316 3225 5353 a
3256 5307 3450 5353 sancto
3471 5296 3648 5364 Diony-

2085 5401 2169 5456 sio
2190 5398 2535 5469 Areopagita,
2565 5411 2614 5451 c.
2640 5396 2674 5449 5
2701 5393 2981 5447 llierarclz.
3020 5392 3229 5452 ποίεε..
3259 5399 3455 5444 sancto
3510 5388 3645 5455 lgna-

2088 5494 2162 5547 tio
2197 5493 2251 5546 in
2282 5490 2517 5559 Epistula
2544 5488 2611 5542 ad
2643 5486 2999 5543 Antiochen.;
3033 5493 3088 5538 et
3135 5492 3325 5536 sancto
3356 5478 3647 5549 Epiphanio

2083 5588 2145 5639 ἐν
2171 5584 2417 5653 συντόμῳ
2443 5580 2633 5648 ἀληθεί
2659 5580 2802 5647 λόγῳ
2828 5594 2881 5647 p.
2911 5576 3035 5639 465,
3068 5576 3157 5629 ubi
3187 5582 3347 5626 vocat
3379 5571 3647 5641 θυρωροὶς

2086 5689 2140 5734 et
2169 5677 2355 5731 Patres
2369 5671 2585 5729 concilii
2612 5669 2925 5734 Laodiceni,
2942 5685 2991 5723 c.
3018 5668 3104 5731 M,
3119 5682 3257 5722 sess.
3276 5665 3365 5728 15,
3383 5672 3645 5723 cantores.

2090 5786 2185 5826 seu
2215 5766 2530 5828 κανονικοὺς
2559 5762 2787 5833 ψάλτας,
2822 5777 2884 5817 ac
2916 5761 2985 5817 ab
3024 5758 3258 5832 Eusebio
3284 5758 3446 5813 etiam
3475 5756 3569 5810 lib.
3597 5770 3646 5809 rt
