3816 6220
102 357 123 419 1
140 358 251 421 397

1481 359 1579 418 DE
1612 358 1786 418 VITA
1820 359 1879 418 S.
1934 360 2098 419 NILI

3266 345 3401 412 1393

104 473 264 529 Hist.
327 476 541 531 ecrles.
592 492 712 547 cap.
761 478 816 541 5,
862 492 918 547 p.
949 476 1078 532 257.
1126 474 1344 531 Simeon
1378 472 1730 529 Thessaloni—
1756 482 1805 538 Α
1831 475 1923 529 bat
1955 484 2171 531 vertens
2225 473 2554 537 laborantes,
2594 486 2693 527 seu
2722 469 3145 539 sandepilarios.
3188 466 3404 519 Κοπιά-

101 568 306 623 eensis
369 568 567 624 olIicia
625 578 837 624 tantum
899 580 1175 637 nuncupat
1215 568 1437 638 exigens
1490 565 1733 636 χειροθε-

104 658 266 721 σίαν,
302 667 367 713 et
404 677 526 715 non
569 660 928 732 χειροτονίαν,
964 659 1057 714 ubi
1094 659 1227 730 εὐχὴ
1260 656 1530 727 λεγομένη
1572 658 1631 709 ἐν
1664 657 1733 726 τῇ

104 752 323 821 εἰσόδῳ
362 753 493 823 πρὸ
519 754 617 823 τῆς
640 753 900 824 συνήθους
931 753 1024 805 ἐπὶ
1049 751 1253 817 ἀνοίξει
1275 748 1404 803 ναοῦ
1440 750 1497 801 ἐν
1530 742 1575 816 ᾧ
1610 765 1735 800 συν-

108 843 217 915 έϐη
282 860 575 898 manuum
645 846 995 913 positionem,
1053 853 1108 899 et
1172 858 1279 897 non
1349 841 1728 895 extensionem.

114 936 326 989 Oratio
394 937 631 990 dicenda
672 938 727 990 in
770 938 1007 1004 ingressu
1059 944 1181 988 ante
1240 942 1566 996 consuetam,
1611 931 1738 983 dum

112 1030 392 1096 aperitur
437 1029 615 1098 jauua
659 1029 861 1098 templi,
894 1029 1075 1081 statim
1107 1042 1169 1079 ac
1202 1025 1365 1094 fuerit
1407 1038 1736 1093 congressus.

115 1120 297 1175 Putat
315 1119 489 1175 Goar
509 1122 561 1175 in
581 1121 799 1175 lectoris
841 1120 1033 1175 ordine
1067 1119 1187 1173 illos
1210 1116 1432 1179 includi,
1457 1125 1510 1169 et
1534 1116 1633 1169 hos
1654 1129 1742 1168 or-

115 1215 293 1266 dines
336 1213 525 1267 unica
561 1213 935 1267 benedictione
962 1208 1229 1274 conferri,
1270 1209 1522 1279 quamvis
1548 1215 1601 1261 et
1634 1206 1743 1260 for-

120 1306 355 1359 mulam
393 1306 683 1374 deputati,
713 1315 875 1374 atque
906 1301 1220 1358 ceroferarii
1255 1299 1568 1362 ordinandi,
1594 1298 1745 1352 dein-

120 1402 194 1450 de
256 1396 499 1451 inserat
538 1398 813 1453 diversam
845 1396 914 1449 ab
963 1393 1313 1462 ἀναγνώστου
1355 1392 1473 1447 sive
1523 1389 1746 1445 lectoris

126 1500 231 1540 seu
267 1486 539 1541 cantoris
570 1486 833 1552 formula;
864 1500 1093 1555 eamque
1120 1484 1430 1552 opinionem
1452 1481 1745 1542 Arcudius,

126 1579 229 1631 Μ).
264 1595 326 1644 x,
372 1579 563 1634 fusius
585 1580 860 1649 explanat,
888 1578 1238 1635 diaconulum
1271 1577 1526 1631 lectorem
1562 1572 1749 1642 appel-

130 1668 323 1720 latum
380 1666 633 1732 addens;
682 1665 875 1721 Billius
911 1666 968 1719 in
1012 1665 1259 1719 oratione
1309 1662 1523 1718 decima
1572 1659 1750 1715 sancti

130 1758 416 1829 Gregorii
444 1757 768 1813 Nazianzeni
795 1759 1020 1828 gradum
1044 1757 1264 1811 lectoris
1284 1762 1528 1810 recenset
1544 1768 1596 1823 p.
1615 1754 1748 1819 575;

1833 583 1935 629 τας
1982 566 2175 621 scribit
2205 565 2261 619 in
2294 563 2626 634 Compendio
2647 571 2872 618 sanctus
2892 559 3227 631 Epiphanius
3261 557 3310 609 οἱ
3335 556 3405 610 τὰ

1836 656 2065 729 σώματα
2094 654 2531 727 περιστέλλοντες
2566 654 2673 707 τῶν
2703 654 3079 724 κοιμωμένων,
3106 650 3196 721 qui
3222 663 3409 717 corpo-

1836 768 1897 805 ra
1927 750 2150 819 efferunt
2190 758 2518 802 mortuorum
2565 755 2808 800 curantes
2832 746 3111 806 cadavera,
3143 754 3408 809 terraeque

1837 844 2156 898 mandantes
2209 856 2241 895 e
2294 839 2600 895 Justiniano
2638 837 2844 893 Novell.
2876 838 2946 891 45
2974 843 3029 890 et
3087 834 3187 898 59;
3218 830 3406 900 anac.

1838 936 1927 988 ad.
1962 949 2012 987 c.
2046 933 2073 985 1
2110 942 2164 985 et
2206 931 2261 996 2,
2295 930 2369 983 De
2409 930 2504 984 vit.
2535 937 2584 983 et
2618 929 2823 983 honest.
2865 927 3209 989 clericorum,
3242 931 3298 977 et
3341 918 3412 974 ad

1840 1041 1889 1081 c.
1925 1024 1951 1077 1
1992 1022 2096 1088 Qui
2124 1023 2250 1078 cier.
2278 1021 2356 1076 vel
2388 1029 2590 1076 vovent.
2619 1020 2946 1090 Spondanus
2974 1019 3027 1073 in
3059 1017 3311 1088 Epitome
3343 1012 3414 1067 ad

1842 1133 1969 1170 ann.
2010 1113 2213 1170 Christi
2240 1113 2331 1176 44,
2372 1122 2426 1168 et
2453 1111 2532 1166 De
2560 1118 2761 1167 cremet.
2789 1125 2929 1164 sacr.
2962 1108 3058 1162 lib.
3106 1123 3163 1171 v,
3196 1120 3316 1174 cap.
3354 1104 3410 1166 9,

1842 1217 1984 1279 part.
2023 1223 2104 1275 ll;
2138 1214 2360 1262 sanctus
2412 1206 2775 1276 Hieronymus
2831 1205 2899 1256 de
2935 1200 3163 1255 muliere
3216 1196 3418 1267 septies

1845 1303 1953 1355 icta
1997 1299 2224 1369 epistola
2260 1298 2330 1352 49
2358 1295 2425 1351 ad
2452 1295 2823 1351 lnnocent.‘in
2853 1293 2975 1347 Act.
3010 1299 3193 1361 apost.
3231 1304 3282 1345 c.
3336 1303 3419 1352 ix,

1847 1393 2152 1448 imitatione
2205 1390 2424 1458 Tobiae;
2472 1390 2527 1443 in
2565 1387 2735 1441 Roma
2779 1387 3120 1441 subterranea
3160 1380 3331 1435 Maius
3365 1384 3423 1432 et
3471 1444 3479 1453 .

1846 1483 2157 1553 Calligonns
2191 1480 2428 1535 fossores
2458 1478 2832 1543 enuntiantur,
2875 1489 2944 1529 ex
2972 1471 3267 1543 epitaphio,
3292 1483 3421 1539 pag.

1849 1575 1954 1629 457
2004 1582 2057 1627 et
2097 1588 2153 1642 p.
2208 1571 2332 1626 529.
2384 1568 2658 1624 Trofimus
2690 1567 2869 1622 fossor
2900 1579 3025 1620 cum
3073 1560 3295 1631 bipalio,
3324 1570 3429 1612 Seu

1852 1666 2031 1735 ligone
2064 1664 2307 1732 depictus
2335 1672 2440 1728 est,
2472 1668 2527 1715 et
2554 1655 2851 1715 a'scribitur
2890 1655 3070 1710 fossor
3120 1667 3214 1723 per
3251 1650 3426 1719 ὑπερ-

1854 1757 2060 1828 δασμὸν
2102 1754 2341 1825 trajectis
2391 1752 2610 1818 litteris,
2639 1750 2733 1805 ubi
2761 1747 3066 1804 Severanus
3095 1744 3244 1798 illum
3298 1753 3429 1794 cum

133 1852 420 1923 θυρωρὸς
448 1851 708 1907 ostiarius
738 1821 937 1905 dicitur
960 1850 1014 1903 in
1039 1848 1296 1918 Catalogo
1327 1821 1583 1901 Ecclesiae
1625 1844 1753 1901 Olli-
1783 1821 1825 1876 Β
1854 1821 2151 1918 Trophimo
2181 1821 2399 1901 'Christi
2448 1841 2715 1911 discipulo
2749 1856 2812 1894 ex
2852 1837 3000 1893 Actis
3053 1830 3431 1905 apostolorum

136 1946 276 2009 cial,
331 1956 395 2000 et
426 1944 695 2015 διαϐάρης
724 1959 820 1999 seu
848 1942 1109 2013 διαϐἀτης
1142 1942 1195 1996 id
1225 1950 1312 1997 est
1340 1934 1624 2005 transiens,
1656 1952 1753 1992 seu

138 2037 449 2101 circuitor,
475 2039 751 2106 lectorque
773 2036 973 2089 minor.
1001 2034 1331 2104 Adjungitur
1358 2047 1389 2085 a
1409 2030 1606 2095 Goare,
1629 2045 1751 2099 pag.

141 2129 278 2196 MO,
295 2130 554 2185 formula
577 2128 929 2183 benedicendi
947 2140 1317 2191 oeconomum,
1338 2123 1390 2178 id
1404 2133 1487 2177 est
1510 2123 1759 2177 ecclesiae

140 2224 481 2289 custodem,
526 2238 621 2276 seu
666 2220 963 2277 secundum
989 2219 1302 2278 diaconum,
1332 2232 1385 2286 p.
1415 2215 1537 2269 140.
1583 2214 1757 2268 Exor-

143 2317 409 2370 cistatus
462 2315 595 2370 ordo
622 2329 715 2370 seu
738 2312 979 2368 ofﬁcium
1025 2311 1169 2381 apud
1215 2309 1435 2365 Graecos
1472 2309 1758 2378 episcopos

145 2407 543 2462 committitur
564 2406 930 2477 presbyteris;
986 2404 1260 2459 (economi
1302 2401 1522 2464 oflicia,
1571 2414 1759 2455 sacro-

149 2513 414 2568 rumque
444 2513 702 2553 vasorum
755 2511 821 2552 ac
862 2495 1109 2551 ecclesia:
1143 2493 1412 2555 custodis,
1457 2489 1758 2555 diaconuli,

152 2606 259 2643 seu
315 2589 547 2645 diaconi
588 2588 834 2652 sebundi,
864 2601 928 2641 ac
957 2585 1207 2648 minoris,
1233 2593 1287 2639 et
1317 2584 1640 2638 ostiariatus
1671 2583 1760 2652 (ad

154 2697 334 2750 quem
365 2682 605 2751 pertinet
627 2680 717 2733 illa
739 2678 1026 2748 inscriptio
1049 2676 1267 2732 Gruteri
1296 2691 1347 2745 ρ.
1377 2673 1500 2739 106,
1530 2688 1681 2727 num.
1704 2671 1758 2726 ϐε

157 2774 272 2826 Hic
333 2772 565 2842 quiescit
620 2768 871 2824 Ursatius
916 2766 1190 2821 ustuarius
1235 2779 1335 2834 pro
1385 2764 1625 2828 ostiario,
1658 2761 1763 2815 nisi

158 2861 475 2932 legendum
507 2862 579 2917 sit
607 2861 933 2915 bustuarias.
966 2857 1199 2930 Cyrillus
1228 2857 1281 2909 in
1305 2855 1527 2909 Lex’ico.
1554 2852 1767 2909 Visitur

159 2970 229 3009 ea
260 2954 559 3025 inscriptio
586 2952 827 3009 Treviris
859 2952 923 3006 ad
966 2959 1216 3005 sanctqu
1258 2949 1547 3016 Paulum);
1585 2948 1763 3001 conti-

166 3058 386 3104 nentur
430 3047 757 3112 eminenter,
803 3059 868 3099 ac
905 3042 1166 3112 implicite
1194 3041 1248 3094 in
1298 3040 1487 3094 ordine
1524 3039 1766 3103 lectoris,

166 3143 291 3197 sive
341 3138 716 3210 ἀναγνώστου.
769 3135 914 3192 Gear
980 3136 1037 3189 in
1088 3132 1386 3204 Eucbolog.
1441 3131 1647 3203 agitet
1698 3128 1767 3184 de

172 3233 562 3304 κανδηλάπτῃ,
595 3247 690 3287 seu
717 3230 882 3301 670
900 3242 1192 3283 accensore
1220 3240 1525 3292 cereorum,
1553 3234 1606 3279 et
1647 3222 1769 3277 Ἐκ-

173 3322 530 3394 κλησιάρχῃ,
564 3322 659 3391 qui
695 3318 1069 3391 σημαντηρίῳ,
1102 3317 1154 3371 id
1197 3324 1282 3371 est
1313 3315 1471 3385 signo
1502 3322 1771 3369 convocat

175 3416 454 3483 populum
496 3413 564 3467 ad
613 3412 899 3467 ecclesiam
943 3426 973 3464 e
1026 3408 1243 3475 Justino
1288 3408 1341 3461 in
1391 3406 1620 3477 Dialogo
1650 3422 1771 3459 cum

184 3502 495 3575 Tryphone,
544 3502 880 3559 Tertulliano
912 3501 987 3556 De
1013 3517 1207 3555 corona
1235 3500 1443 3564 militis,
1469 3507 1523 3554 et
1546 3497 1614 3551 ad
1638 3495 1774 3553 Sca-

180 3602 396 3671 putant.

259 3772 463 3829 Lector
522 3774 577 3828 in
623 3771 834 3843 pulpito
888 3771 1017 3841 legit
1060 3785 1143 3836 ea,
1198 3784 1320 3837 quae
1365 3767 1643 3838 praedicat,
1676 3782 1780 3823 seu

188 3866 456 3923 lectiones
484 3881 693 3932 sacras,
727 3864 1065 3933 verbumque
1097 3862 1213 3925 Dei,
1245 3871 1299 3916 et
1362 3860 1619 3915 lectiones
1648 3874 1774 3915 eas-

188 3959 319 4012 dem
351 3966 556 4022 cantat,
584 3966 639 4010 et
672 3954 941 4009 benedicit
980 3968 1198 4023 panem,
1249 3961 1304 4005 et
1330 3966 1522 4005 omnes
1563 3950 1776 4005 fructus

192 4065 376 4105 novos
438 4064 471 4103 e
538 4046 841 4102 Pontiﬁcali
896 4046 1181 4110 Romano;
1242 4042 1518 4112 quondam
1566 4042 1780 4110 legebat

193 4139 557 4212 Evangelium
592 4138 647 4192 in
678 4136 862 4192 Africa
896 4150 964 4190 ex
997 4135 1157 4204 epist.
1182 4134 1251 4189 55
1280 4142 1336 4188 et
1370 4132 1440 4186 54
1468 4133 1643 4188 sancti
1672 4133 1778 4203 Cy-

194 4236 400 4304 priani,
434 4242 494 4287 ut
526 4239 677 4287 notat
697 4230 891 4300 Magri,
933 4228 1025 4297 qui
1054 4225 1257 4282 Notitia
1284 4240 1382 4279 sua
1407 4224 1780 4280 ecclesiastica

195 4327 343 4383 falso
398 4328 530 4382 citat
575 4324 868 4379 concilium
922 4319 1245 4375 Toletanum
1297 4317 1570 4387 primum;
1602 4315 1659 4369 in
1716 4329 1783 4369 eo

200 4434 443 4490 namque
463 4416 798 4474 contrarium
825 4428 949 4469 can.
977 4414 1001 4465 1
1029 4420 1084 4465 et
1111 4411 1147 4465 2
1169 4407 1432 4478 comperi,
1460 4406 1605 4460 λιτὸν
1630 4422 1782 4459 παπ-

1855 1956 2135 2013 perperam
2187 1939 2381 1993 miscet
2425 1937 2478 1990 in
2530 1933 2687 1989 Notis
2733 1927 3079 2000 Purgationis
3130 1922 3433 1980 Caeciliani.

1854 2034 2015 2090 Gesta
2045 2040 2168 2102 post
2201 2030 2454 2099 Optatum
2480 2044 2531 2098 p.
2564 2027 2692 2089 266,
2717 2023 2957 2079 fossores
3002 2023 3345 2079 memorant;
3375 2021 3437 2067 et.

1853 2142 1907 2196 p.
1960 2125 2060 2179 271
2116 2122 2471 2177 Saturninum
2539 2117 2825 2172 fossorem.
2888 2110 2948 2166 In
2992 2109 3160 2164 Roma
3213 2119 3435 2177 quoque

1853 2218 2217 2277 subterranea,
2246 2228 2298 2282 p.
2336 2209 2474 2273 408,
2506 2207 2793 2263 Celerinus
2822 2202 2955 2259 foss.
2986 2209 3041 2256 et
3068 2198 3171 2255 409
3205 2197 3436 2251 Anasta-

1856 2307 1972 2363 sius
2024 2315 2077 2359 et
2123 2301 2426 2356 Antiochus
2471 2296 2626 2361 foss.,
2686 2303 2818 2365 etp.
2850 2292 2957 2347 495
2994 2299 3048 2345 et
3091 2288 3195 2343 459
3227 2285 3447 2356 psalta:,,.

1858 2391 2473 2468 psalmicines,Sidouio,
2490 2389 2634 2442 unde
2652 2377 3293 2456 psalmistatusolﬁcium;
3309 2390 3438 2429 nam

1859 2466 1951 2559 qui
1988 2485 2333 2540 Christianos
2365 2478 2745 2540 inhumabant,
2776 2475 2845 2529 de
2887 2470 3175 2526 traditione
3197 2466 3438 2538 psalmos

1862 2576 2269 2639 concinebant;
2322 2579 2547 2627 sanctus
2596 2566 2961 2637 Hieronymus
3012 2561 3068 2615 in
3094 2558 3218 2614 Vita
3263 2555 3438 2613 sancti

1858 2665 2080 2721 Antonii
2111 2662 2446 2727 κοπιῶντας;
2476 2668 2699 2715 sanctus
2726 2649 3453 2726 Epiphanius,Bellarmin.,y

1864 2768 1995 2812 tom.
2029 2756 2096 2821 γ,
2128 2756 2223 2809 lib.
2254 2770 2296 2820 ι,
2327 2769 2377 2808 c.
2403 2753 2456 2819 1,
2488 2744 2830 2805 con'trovers.
2861 2746 2951 2801 85.

1931 2849 2012 2902 Ad
2042 2845 2297 2901 ostiarios
2318 2840 2682 2903 redeundum,
2700 2837 2902 2909 quibus
2927 2833 3106 2890 claves
3137 2830 3455 2893 traduntur,

1865 2942 1959 3015 qui
2005 2940 2228 3012 pulsant
2257 2935 2565 3008 cymbalum
2611 2940 2667 2986 et
2707 2943 3049 2999 campanam,
3092 2935 3144 2981 et
3198 2922 3449 2994 aperiunt

1866 3034 2067 3087 librum
2101 3029 2150 3084 ei
2176 3027 2270 3098 qui
2303 3024 2583 3096 praedicat.
2617 3019 2660 3074 E
2700 3018 3027 3083 Pontiﬁcali,
3060 3031 3180 3071 mos
3207 3023 3327 3070 erat
3352 3027 3448 3067 ec-

1870 3119 2209 3179 clesiasticus
2235 3114 2442 3171 circulo
2474 3113 2653 3167 claves
2682 3109 2915 3180 appendi
2944 3115 3134 3163 sancto
3164 3102 3347 3173 Petro,
3381 3117 3450 3156 ex

1871 3216 1991 3283 ejus
2018 3207 2368 3280 imaginibus,
2402 3218 2540 3275 quas
2574 3201 2794 3257 exhibet
2838 3199 3194 3260 Alemannus,
3230 3194 3283 3248 in
3324 3192 3450 3245 Dis-

1870 3282 2155 3363 sertatione
2183 3301 2246 3355 de
2276 3297 2465 3368 pariet.
2493 3294 2827 3368 Lauronem,
2846 3300 2940 3346 aut
2960 3305 2989 3345 e
3010 3287 3225 3344 baltheo
3250 3282 3450 3341 summi

1871 3311 2155 3363 sertatione
2183 3311 2246 3355 de
2276 3311 2465 3368 portet.
2493 3311 2647 3349 Later
2686 3311 2827 3356 nem,
2846 3311 2940 3346 aut
2960 3311 2989 3345 e
3010 3311 3225 3344 nauucu
3250 3311 3448 3341 suum“

1871 3397 2222 3471 pontificis,ut
2235 3394 2289 3446 in
2306 3392 2423 3445 Vita
2438 3311 2713 3443 Paschaﬁs
2728 3382 2790 3451 ll,
2806 3382 2994 3437 codice
3010 3378 3272 3433 Vaticano
3287 3376 3448 3436 5622.

1869 3467 2036 3565 671
2070 3489 2254 3543 Romae
2285 3482 2514 3539 celebris
2540 3480 2772 3549 scriptor
2801 3476 2936 3531 Vitae
2974 3474 3181 3542 aliquot
3232 3467 3452 3540 pontifi-

1874 3601 1998 3642 cum
2026 3579 2382 3648 Pandulphus
2410 3573 2672 3629 ostiarius
2699 3570 2793 3640 qui
2817 3579 2933 3623 erat
2964 3565 3160 3622 szeculo
3191 3577 3286 3615 xu.
3320 3558 3454 3613 Fue-

1874 3684 2004 3732 runt
2052 3674 2182 3729 olim
2248 3672 2457 3725 circum
2535 3678 2719 3719 arcam
2776 3670 2830 3716 et
2885 3658 3145 3729 templum
3199 3653 3459 3717 ostiarii,

1875 3769 1897 3824 l
1933 3767 2110 3823 Paral.
2142 3779 2254 3828 xvi,
2280 3760 2410 3817 dicti
2443 3757 2709 3829 janitores
2737 3770 2767 3808 a
2790 3752 2996 3824 januis,
3030 3747 3299 3819 portariia
3324 3759 3455 3815 por-

1875 3861 1967 3925 tis,
1999 3856 2208 3913 Ostiarii
2239 3854 2307 3908 ab
2337 3846 2729 3907 ostiislParal.
2757 3861 2833 3911 tx,
2862 3842 2966 3909 22;
3002 3840 3024 3894 l
3048 3839 3205 3894 Esdr.
3240 3852 3325 3898 tu,
3352 3835 3454 3899 24,

1879 3954 1959 4007 Ad
2005 3950 2194 4004 limina
2238 3946 2334 4016 ﬁdi
2365 3942 2623 3998 Custodes
2662 3938 2849 4008 Virgil.
2891 3936 3081 3989 LXXVI
3126 3930 3155 4003 §
3201 3931 3252 3986 1.
3293 3928 3360 3981 D.
3392 3929 3457 3980 de

1878 4061 2005 4098 ann.
2036 4041 2221 4112 legatis
2264 4047 2313 4091 et
2347 4036 2374 4105 ξ
2404 4033 2500 4087 Est
2526 4041 2700 4085 autent
2729 4029 2961 4082 institut.
3012 4024 3076 4077 de
3114 4019 3361 4077 actionib.
3403 4034 3455 4073 c.

1881 4110 2135 4195 Clericos,
2163 4131 2226 4185 21
2265 4129 2422 4192 dist.;
2451 4141 2516 4180 ex
2556 4123 2764 4178 Isidoro
2792 4118 3067 4188 Hispalen.
3100 4130 3149 4169 c.
3188 4110 3457 4169 Ostiarius

1880 4228 1952 4283 25
1979 4228 2105 4280 dist.
2125 4238 2173 4278 c.
2206 4219 2476 4281 Pertectis,
2504 4216 2575 4270 25
2606 4214 2735 4269 dist.
2770 4211 2861 4265 ubi
2888 4210 2954 4264 de
2981 4207 3332 4269 basilicariis,
3361 4203 3469 4257 bas

1883 4317 2164 4374 silicarum
2206 4307 2474 4369 ostiariis,
2507 4316 2561 4359 et
2586 4303 2654 4358 de
2678 4297 3087 4360 matriculariis,
3120 4295 3284 4365 vulgo
3317 4308 3462 4353 mar-

1885 4407 2125 4481 guilliers
2156 4419 2188 4458 a
2215 4398 2504 4457 matricula
2534 4395 2649 4451 sive
2679 4393 2823 4459 albo,
2856 4391 2911 4445 in
2945 4403 3055 4459 quo
3075 4383 3469 4441 describeban-

199 4514 315 4566 πᾶν
371 4528 402 4567 e
455 4510 778 4565 Balsamone
831 4504 1158 4575 appellatum
1219 4476 1487 4566 aflirmat;
1560 4497 1775 4553 ostiarii
1808 4523 1854 4578 ι)
1883 4476 1991 4569 iur,
2051 4499 2175 4554 licet
2216 4494 2309 4550 alii
2338 4492 2611 4546 deducant
2650 4502 2682 4542 a
2707 4484 2972 4546 marculo,
3002 4480 3149 4553 quod
3191 4491 3307 4540 eos,
3365 4476 3461 4545 qui

203 4620 411 4660 munus
454 4603 621 4657 tradit
680 4598 921 4655 Isidorus
966 4593 1303 4665 Hispalensis
1348 4592 1403 4646 in
1434 4589 1662 4661 epistola
1708 4588 1779 4643 ad

203 4696 562 4753 Lanfredum.
597 4692 905 4748 Cardinalis
952 4690 1220 4745 Baronius
1250 4687 1370 4743 fuse
1403 4686 1471 4741 de
1517 4684 1779 4750 ostiariis,

206 4799 261 4842 et
291 4789 589 4845 lectoribus
622 4788 688 4842 ad
718 4800 923 4840 annum
954 4783 1160 4838 Christi
1192 4781 1282 4848 44,
1318 4796 1373 4851 p.
1411 4781 1500 4843 77,
1529 4796 1585 4834 n.
1632 4779 1699 4833 15
1729 4787 1785 4833 et

207 4882 300 4948 δι,
361 4882 454 4937 ubi
508 4882 577 4935 de
622 4878 819 4934 officiis
869 4885 1155 4931 cantorum
1201 4883 1256 4927 et
1300 4870 1663 4927 laborantium
1716 4884 1785 4923 ex

208 4974 440 5043 epistola
498 4972 673 5028 sancti
730 4969 923 5042 lgnatii
972 4968 1036 5022 ad
1067 4966 1448 5037 Polycarpum,
1498 4971 1552 5019 et
1596 4969 1787 5018 sancto

214 5065 542 5135 Epiphanio,
604 5062 701 5133 qui
736 5061 964 5132 copiatze
995 5067 1050 5114 et
1078 5057 1315 5122 fossarii,
1348 5055 1524 5125 deque
1557 5052 1786 5108 notariis

212 5165 267 5210 et
298 5155 697 5222 defensoribus,
735 5169 802 5209 ac
837 5151 1157 5223 psalmistis,
1196 5149 1273 5203 uti
1319 5146 1541 5210 Hallier,
1592 5161 1647 5214 ι).
1685 5142 1791 5198 569

216 5257 273 5304 et
307 5250 432 5304 574.
466 5249 699 5304 Sanctus
730 5246 1115 5316 Hieronymus,
1168 5242 1285 5297 sive
1313 5241 1439 5310 quis
1473 5239 1614 5293 alius
1645 5237 1787 5290 inter

216 5342 336 5414 ejus
393 5359 557 5414 opera
604 5340 856 5412 Epistolas
933 5339 999 5393 ad
1050 5338 1336 5392 Rusticum
1385 5332 1793 5388 Narbonensem

222 5442 430 5501 auctor,
451 5437 517 5490 de
540 5444 745 5504 septem
764 5431 1043 5502 gradibus,
1061 5429 1297 5499 primum
1314 5425 1555 5482 ecclesize
1571 5424 1796 5479 clerico-

222 5542 340 5581 rum
364 5528 611 5583 ordinem
643 5525 836 5581 statuit
869 5522 1250 5585 fossariorum,
1284 5518 1583 5574 secundum
1628 5516 1798 5571 ostia-

226 5618 428 5675 riorum
449 5639 463 5686 ;
486 5635 597 5674 non
628 5625 954 5672 sunttamen
988 5615 1099 5670 ullo
1126 5614 1366 5683 insignes
1400 5610 1591 5665 ordine
1621 5608 1798 5663 fosso-

228 5727 314 5768 res
359 5714 616 5767 κοπιάτω.
666 5718 857 5765 saneto
896 5706 1105 5779 lgnatio
1144 5707 1199 5759 in
1252 5701 1479 5772 epistola
1507 5700 1573 5754 ad
1606 5698 1799 5753 Antio-

229 5805 458 5873 chenos,
493 5819 658 5876 quam
687 5803 864 5874 rejicit
907 5800 1159 5866 Vossius,
1192 5808 1246 5854 at
1275 5795 1556 5853 Mestrmus
1601 5807 1797 5863 appro-

1882 4592 2126 4651 marculo
2176 4586 2321 4642 fores
2373 4581 2681 4654 pulsabant,
2728 4577 3104 4633 observarent.
3149 4569 3374 4631 Lucius,
3408 4570 3462 4620 iu

1882 4687 2077 4743 Placit.
2112 4681 2315 4746 Curia’,
2366 4677 2459 4732 lib.
2496 4691 2537 4740 ι,
2568 4676 2654 4729 tit.
2691 4671 2726 4727 5
2752 4679 2807 4727 et
2835 4668 2905 4735 6;
2951 4665 3171 4723 Colvius
3196 4664 3251 4718 in
3302 4659 3462 4715 Notis

1886 4778 1955 4833 ad
1987 4774 2179 4832 Sidon.

1956 4867 2127 4922 Erant
2157 4860 2371 4918 ostiarii
2406 4854 2644 4929 profani,
2688 4860 2743 4907 et
2770 4847 3005 4906 ostiaria
3026 4843 3070 4900 ll
3098 4841 3391 4913 Reg.tv,et
3409 4838 3464 4891 in

1889 4957 2066 5017 sancti
2092 4954 2320 5011 Joannis
2357 4949 2646 5019 Evangelio
2679 4959 2731 4999 c.
2764 4958 2801 4996 ι
2829 4947 2884 4995 et
2910 4953 3069 4999 xvm,
3105 4933 3244 5005 apud
3277 4930 3465 4987 Gallos

1890 5050 2206 5112 Huissiers;
2238 5046 2306 5101 de
2331 5044 2442 5099 illis
2492 5036 2879 5107 Rocheflavyn.
2912 5032 2948 5086 l.
2980 5047 3018 5085 ιι
3051 5028 3292 5083 Institut.
3327 5022 3466 5077 Pur-

1894 5144 2112 5197 lament.
2151 5155 2273 5209 cap.
2308 5136 2396 5201 l6,
2430 5150 2577 5188 num.
2608 5131 2698 5185 22.
2732 5129 2805 5183 De
2833 5123 3050 5182 aedituis
3079 5129 3261 5176 autem
3294 5115 3466 5171 Varro

1894 5236 1991 5290 lib.
2032 5250 2085 5288 v1
2119 5231 2192 5286 De
2214 5208 2343 5300 iing.
2386 5226 2506 5281 Lat.
2542 5233 2597 5280 et
2636 5223 2733 5277 lib.
2775 5235 2871 5284 vn,
2910 5231 3032 5271 cum
3081 5208 3467 5300 Joseplti_Sca-

1894 5328 2051 5400 ligeri
2089 5298 2491 5395 Conjectaneis,
2529 5313 2678 5370 Fest.
2709 5314 2761 5366 in
2790 5311 2857 5367 ν.
2892 5307 3148 5363 Αῐάὶιιιιιε
3184 5311 3232 5355 et
3263 5298 3467 5400 Egili-

1896 5438 2037 5475 mus.
2092 5419 2441 5486 Anagnostm,
2489 5424 2585 5464 seu
2618 5407 2847 5461 lectores
2894 5396 3247 5456 continebant
3294 5390 3469 5445 cilicia

1897 5528 2064 5586 penes
2097 5510 2338 5572 Griecos,
2388 5506 2581 5559 horum
2615 5498 2883 5561 omnium,
2914 5500 2977 5546 ut
3012 5488 3210 5558 saapius
3257 5482 3467 5553 repetii,

1898 5605 2219 5667 officiorum,
2255 5615 2348 5654 seu
2395 5596 2575 5667 potius
2614 5590 2869 5648 ordinum
2904 5584 3181 5639 minorum
3217 5574 3470 5631 ostiaria-

1902 5708 2011 5760 tus,
2044 5705 2097 5750 et
2134 5666 2523 5751 exorcistatus,
2559 5700 2669 5755 quo
2699 5677 3003 5751 expellendi
3032 5675 3331 5733 daemonas,
3367 5666 3467 5721 im-

1903 5788 2246 5856 niundosque
2288 5784 2514 5853 spiritus
2555 5795 2585 5833 a
2623 5773 2946 5846 corporibus
2975 5764 3217 5825 obsessis
3241 5761 3471 5818 dabatur
