3816 6220
303 246 437 307 1209

997 244 1147 305 JOS.
1185 243 1450 304 MARLE
1491 244 1846 303 SUARESII
1889 245 2119 305 LIBER
2164 243 2801 305 CHRONOLOGICUS

3437 233 3605 297 15.00

300 371 539 434 potestas
587 359 671 413 his
722 358 816 429 qui
862 372 929 413 eo
980 359 1359 414 initiabantur.
1404 361 1701 414 Exoreistae
1749 360 1873 427 qtti-
1903 371 1946 424 Α
1976 362 2236 433 epistolas
2268 376 2396 416 suas
2420 359 2488 414 ad
2516 357 2893 418 Colossenses,
2922 362 2977 407 et
3004 351 3073 406 ad
3097 347 3611 413 Thessalonicen-

300 452 422 505 dem
459 464 487 503 a
519 447 727 503 Latinis
769 447 1078 516 adjuranles
1117 449 1294 503 vocati
1348 458 1496 512 sunt,
1533 451 1664 519 quia
1710 464 1874 520 super

299 543 747 606 catechumenos,
777 540 870 610 qui
898 540 1163 610 baptizati
1194 550 1372 605 erant,
1406 541 1489 594 vel
1521 558 1686 611 super
1709 556 1874 596 ener-

301 649 586 707 gumenos,
618 635 709 702 qui
736 633 1076 687 vexabantur
1105 648 1137 687 a
1159 633 1517 696 daemonibus,
1549 633 1877 688 invocabant

301 742 501 783 nomen
534 726 746 780 Domini
778 724 932 790 Jesu,
966 734 1026 780 ut
1055 725 1123 779 ab
1152 726 1238 781 ltis
1267 727 1677 796 egrederentur.
1713 727 1877 781 Isido-

301 832 420 880 rus,
452 832 502 871 c.
536 816 621 881 12,
653 815 750 869 lib.
788 831 862 869 vn
910 814 1213 886 Etymolog.
1253 832 1304 871 c.
1355 815 1611 881 Clericos,
1644 818 1705 871 21
1743 818 1873 873 dist.

302 907 560 961 Formula
625 906 888 961 solemnis
968 906 1076 975 qua
1137 906 1424 961 exorcislae
1484 907 1880 962 ordinabantur

302 1006 481 1051 exstat
509 997 563 1050 in
603 1012 653 1052 c.
685 996 985 1062 Exorcista,
1018 997 1218 1053 ibidem
1246 1016 1262 1065 ;
1294 997 1555 1053 Salomon
1585 1000 1877 1070 quemdam

303 1089 529 1142 modum
580 1087 927 1143 exorcizandi
960 1086 1260 1153 adinvenit,
1292 1089 1727 1159 conjurabatqne
1764 1090 1878 1144 da:-

304 1195 500 1235 monas
533 1180 625 1235 illo
660 1189 857 1244 utens;
894 1177 1091 1233 Zonar.
1129 1187 1263 1234 tom.
1297 1178 1339 1242 1,
1380 1179 1477 1235 fol.
1507 1181 1599 1247 21,
1629 1183 1878 1251 Χρονικ.,

307 1270 402 1324 ubi
452 1270 519 1325 de
548 1272 752 1325 annulo
784 1269 1027 1324 Eleazari
1066 1285 1098 1325 e
1143 1269 1402 1341 Josepho,
1436 1272 1616 1342 Antiq.
1651 1271 1877 1326 Judaic.

306 1360 405 1415 lib.
468 1376 584 1425 vtu,
638 1375 759 1431 cap.
792 1359 848 1425 2,
899 1361 994 1429 qni
1035 1361 1103 1415 de
1147 1362 1263 1428 ipso
1314 1363 1662 1418 exorcizante
1695 1379 1882 1418 coram

306 1451 691 1521 Vespasiano,
753 1451 981 1522 ejusque
1028 1452 1176 1507 ﬁliis.
1238 1452 1309 1506 At
1371 1468 1493 1523 cap.
1553 1470 1647 1509 xxx
1691 1455 1880 1509 Actor.

312 1543 522 1597 mentio
553 1544 611 1597 lit
636 1544 1093 1598 circumeuntium
1122 1540 1433 1609 Jndaeorum
1458 1545 1877 1610 exorcistarum,

313 1634 408 1705 qui
447 1642 603 1689 erant
638 1642 845 1704 septem
898 1635 995 1689 lilii
1028 1633 1210 1690 Sceva:
1237 1636 1496 1706 principis
1517 1636 1886 1702 sacerdotum,

1976 473 2066 514 ses
2096 458 2255 519 duas,
2284 454 2574 509 nominans
2602 464 2729 505 eum
2760 449 2817 503 in
2871 445 3114 516 Epistola
3156 445 3222 499 ad
3278 442 3611 497 Philemo-

1975 564 2148 614 nem;
2185 546 2291 602 fuit
2339 545 2429 599 hic
2482 541 2777 597 Onesimus
2824 539 3116 609 episcopus
3141 534 3376 604 Ephesi,
3428 547 3612 585 mar-

1975 650 2170 712 tyrque
2204 637 2411 701 Romae,
2457 650 2489 689 e
2521 630 2905 700 Martyrologio
2940 629 3189 683 Romano
3221 628 3290 681 15
3321 625 3613 679 Februa-

1955 728 2083 797 'rii;
2124 746 2219 801 per
2246 727 2609 799 Epiphanium
2645 726 2901 779 lectorem
2931 721 3000 775 ad
3028 719 3454 801 Philippenses,
3491 731 3612 769 eo-

1979 835 2209 891 rumque
2260 820 2322 873 lit
2378 817 2583 872 mentio
2624 816 2679 868 in
2714 812 3069 883 argumentis.
3106 796 3251 865 Erat'
3269 810 3321 865 id
3364 822 3611 862 munus

1980 914 2187 967 litteras
2218 906 2525 979 perlerendi
2559 905 2941 975 episcoporum
2976 901 3045 957 ad
3072 901 3351 956 Ecelesias
3383 899 3609 969 injun-

1980 1014 2128 1059 ctum
2202 1000 2519 1065 lectoribus,
2582 997 2876 1067 acolytbis,
2933 1010 2997 1049 ac
3057 992 3454 1057 subdiaconis,
3532 1000 3609 1044 ut

1980 1095 2218 1151 ostendit
2268 1106 2489 1150 sanctus
2541 1089 2848 1161 Cyprianus
2910 1087 3071 1157 epist.
3124 1085 3213 1149 16,
3254 1086 3309 1139 in
3351 1098 3477 1153 qua
3520 1083 3610 1136 de.

1981 1188 2235 1243 Celerino
2264 1185 2521 1256 acolytbo
2559 1182 2626 1237 ad
2658 1182 3003 1237 diaconatum
3034 1189 3219 1248 postea
3263 1184 3551 1245 provecto
3580 1191 3604 1226 -.

1983 1284 2049 1335 de
2076 1295 2186 1350 quo
2234 1277 2436 1332 Euseb.
2483 1288 2538 1330 et
2588 1272 2936 1343 Martyrolog.
2992 1270 3151 1324 Rom.
3192 1268 3226 1323 5
3257 1267 3605 1328 Februarii,

1986 1373 2077 1426 ubi
2121 1369 2417 1425 cardinalis
2470 1366 2757 1430 Baronius,
2806 1364 2900 1433 qui
2934 1372 2989 1417 et
3020 1361 3087 1417 ad
3141 1376 3345 1415 annum
3404 1359 3483 1412 49
3530 1358 3605 1411 in

1986 1465 2183 1522 Annal.
2241 1463 2332 1535 (an
2373 1462 2465 1516 ille
2496 1460 2591 1530 qui
2628 1458 2887 1528 superius
2926 1455 3034 1510 fos.
3066 1453 3383 1520 Celerinus)
3421 1450 3501 1504 24
3530 1459 3603 1505 et

1984 1561 2097 1616 25:
2158 1557 2410 1629 quamvis
2472 1554 2541 1609 de
2571 1566 2799 1608 cursore
2854 1550 3000 1605 illam
3049 1548 3118 1604 ad
3165 1563 3279 1602 rem
3315 1544 3597 1616 eligendo

1989 1651 2271 1724 scripserit
2301 1656 2528 1706 sanctus
2565 1646 2822 1717 lgnatius,
2860 1641 3089 1712 epistola
3113 1640 3181 1695 ad
3203 1639 3596 1710 Polycarpum

314 1735 370 1781 et
392 1726 901 1796 invocaruntsuper
917 1741 1014 1781 eos
1039 1726 1422 1796 quihabebant
1446 1727 1671 1797 spiritus
1693 1729 1888 1794 malos,
1920 1738 1963 1793 Β
1990 1748 2052 1801 2|
2084 1765 2098 1811 ;
2158 1742 2466 1799 tabellarios
2518 1739 2924 1810 episcoporum,
2970 1748 3067 1789 seu
3096 1733 3327 1802 legatos,
3358 1730 3596 1783 ιίιιεη-

313 1832 515 1872 nomen
551 1816 767 1873 Domini
797 1816 947 1885 Jesu,
984 1825 1258 1873 tentantes
1288 1818 1564 1889 adjurare,
1603 1820 1697 1874 sed
1728 1822 1887 1874 irrito

312 1919 536 1975 conatu,
587 1926 641 1965 v.
690 1909 762 1964 25
799 1920 854 1966 et
882 1912 1258 1981 sequentibus.
1296 1910 1351 1965 In
1392 1911 1670 1982 baptismo
1703 1919 1887 1967 autem

312 2002 654 2058 exorcismus
705 2003 886 2069 ﬁebat,
925 2019 1049 2058 cum
1080 2017 1280 2072 magno
1306 2003 1695 2073 jurejurando,
1734 2003 1891 2074 jura-

314 2094 517 2149 bantin
536 2110 732 2149 nomen
768 2094 977 2149 Christi
996 2095 1473 2161 catechumeni,et
1502 2095 1893 2150 exsulllabatur

319 2189 556 2253 daemon,
582 2185 1076 2257 imponebaturque
1096 2201 1294 2242 manus
1331 2201 1362 2240 a
1408 2188 1742 2257 presbytero,
1781 2187 1894 2241 ut4

316 2277 445 2333 dist.
466 2276 639 2348 gloss.‘
660 2278 714 2332 in
731 2294 782 2332 c.
802 2276 1066 2345 Pervenit,
1089 2278 1177 2344 ⁵50,
1198 2294 1255 2349 q.
1275 2279 1301 2333 1
1315 2319 1330 2333 .
1344 2276 1600 2349 Polydor.
1641 2276 1893 2348 Virgilius

316 2384 367 2423 c.
393 2369 427 2422 4
454 2377 509 2424 et
555 2368 609 2435 5,
648 2368 744 2424 lib.
800 2383 854 2423 tv
887 2368 965 2422 De
1006 2370 1265 2423 inventor.
1331 2383 1543 2433 rerum;
1602 2365 1794 2436 Cujac.
1824 2366 1893 2420 ad

316 2478 368 2518 c.
400 2462 433 2516 5
458 2462 536 2516 De
560 2470 770 2535 cognat.
796 2461 1070 2527 spiritual.
1104 2460 1274 2515 Hodie
1308 2475 1437 2514 vero
1466 2458 1809 2522 catechismi,
1842 2468 1896 2512 et

323 2555 619 2611 exorcismi
644 2555 917 2612 solemnes
943 2564 1075 2611 sunt
1098 2556 1369 2627 baptismo
1390 2554 1690 2625 conjuncti,
1710 2560 1766 2608 et
1781 2562 1895 2607 sta-

316 2649 416 2706 tim
444 2664 509 2704 ac
535 2649 667 2703 editi
690 2664 885 2704 sumus
917 2648 1190 2710 inlucem,
1223 2657 1319 2703 aut
1348 2657 1472 2718 post
1500 2646 1748 2702 triduum
1785 2646 1897 2701 sal-

318 2751 453 2805 tem,
477 2741 766 2796 adhibetur
783 2749 1097 2811 utrumque,
1123 2741 1253 2795 dum
1277 2740 1449 2796 sacris
1475 2739 1737 2811 tingimur
1757 2738 1897 2810 lym-

318 2832 696 2905 phis;Franc.
727 2832 980 2889 Connan.
1014 2834 1111 2889 lib.
1148 2849 1245 2889 vnt
1266 2830 1765 2889 Commentar.Jur.
1791 2846 1840 2885 c.
1868 2828 1899 2884 5

322 2942 382 2980 ιι.
410 2926 464 2981 2.
498 2925 569 2980 At
588 2925 880 2981 exorcismi
928 2938 1427 2995 energumenorum
1471 2922 1702 2978 formula
1723 2928 1903 2975 exstat

320 3018 377 3073 in
435 3016 640 3073 Rituali
700 3016 950 3073 Romano
1004 3017 1073 3073 ad
1125 3014 1355 3072 calcem.
1412 3013 1901 3071 Eminentissimus

321 3125 543 3180 quoque
588 3110 886 3165 cardinalis
918 3111 1090 3176 Bona,
1117 3108 1543 3180 sapientissime,
1575 3122 1641 3162 ac
1663 3106 1900 3177 pruden-
1924 3086 1968 3144 (ἶ

320 3204 534 3261 tissime
549 3203 789 3270 disserit,
820 3199 1138 3257 derindiciis
1189 3211 1351 3270 atque
1377 3199 1552 3271 signis
1580 3210 1904 3267 energume-

322 3312 540 3361 norum,
569 3296 637 3351 de
666 3293 997 3350 discretione
1015 3292 1304 3364 spirituum
1326 3292 1422 3347 lib.
1452 3292 1784 3359 Aureo,cap.
1812 3287 1900 3352 11,

324 3404 479 3444 num.
517 3388 616 3454 i4;
655 3384 873 3456 Ulpian.
908 3385 963 3439 in
1003 3384 1041 3440 l.
1073 3400 1113 3449 t,
1153 3382 1223 3438 D.
1252 3383 1317 3437 de
1342 3399 1459 3437 var.
1494 3391 1545 3436 et
1567 3378 1899 3435 extraordin.

322 3482 538 3553 cognit:
577 3500 595 3531 ‹
616 3480 673 3533 Si
699 3477 1017 3543 incantavit,
1045 3476 1091 3533 si
1118 3476 1451 3547 imprecatus
1478 3484 1582 3540 est,
1610 3473 1679 3538 si,
1710 3480 1773 3527 ut
1796 3470 1905 3526 vul-

330 3572 448 3644 gari
481 3570 647 3643 672
679 3568 1061 3639 impositorum
1079 3566 1545 3639 (ttanuncupabat
1568 3562 1906 3633 Chistianos)

325 3663 494 3719 verbo
541 3670 667 3716 utar
723 3658 1091 3721 exorcizavit;
1130 3676 1149 3711 ι
1179 3668 1299 3712 erat
1348 3654 1616 3725 Ulpianus
1660 3650 1909 3705 infensus

328 3752 678 3818 Christianis,
727 3750 875 3806 unde
928 3749 1144 3820 collegit
1186 3748 1418 3819 septimo
1447 3746 1587 3801 libro
1621 3744 1695 3799 De
1727 3742 1907 3812 ofﬁcio

330 3860 574 3915 procons.
620 3843 886 3913 rescripta
922 3843 1231 3913 principum
1263 3842 1331 3896 de
1365 3839 1542 3909 pugnis
1569 3836 1912 3891 Christiano-

328 3951 493 4001 rum;
534 3949 566 3989 e
600 3932 905 3999 Lactantio,
960 3931 1147 4003 Cujac.
1197 3946 1317 4001 cap.
1352 3930 1421 3983 '54
1454 3928 1528 3983 lib
1566 3943 1600 3980 x
1635 3925 1908 3981 Observat.

333 4032 398 4081 de
438 4026 748 4080 exorcismis
808 4034 859 4079 et
884 4024 1281 4094 energnmenis;
1306 4022 1503 4075 Alciat.
1534 4020 1630 4073 lib.
1665 4030 1763 4073 vm
1799 4015 1912 4069 Pa-

333 4135 473 4190 rerg.
501 4134 622 4189 cap.
662 4118 749 4172 25.
786 4116 942 4172 Adde
988 4116 1370 4185 Hippocratem
1402 4113 1499 4168 lib.
1540 4110 1676 4181 napi.
1706 4108 1913 4179 παρθε-

336 4209 487 4265 νιῶν.
514 4209 765 4263 Romano
782 4208 1016 4264 concilio
1038 4206 1140 4261 sub
1172 4205 1432 4260 Silvestro
1460 4218 1596 4273 papa
1619 4200 1915 4256 interfuere

338 4303 575 4377 aeolythi
605 4302 696 4367 44,
720 4302 1006 4356 exorcista:
1033 4300 1125 4363 22,
1157 4298 1391 4354 lectores
1422 4295 1586 4351 Urbis
1605 4293 1693 4360 90,
1713 4290 1914 4347 notarii

1992 1853 2225 1910 rumque
2260 1838 2463 1891 latores
2507 1831 2783 1901 comperio
2807 1826 3089 1898 acolytbos
3138 1824 3286 1894 apud
3316 1830 3592 1878 sanctum

1989 1931 2377 2002 Augustinum,
2431 1925 2659 1997 epistola
2711 1922 2818 1977 101
2873 1922 2941 1975 ad
2974 1919 3211 1979 Sixtum,
3242 1918 3335 1972 cui
3367 1915 3593 1970 rescrio

1992 2033 2143 2091 ptum
2171 2034 2333 2075 suum
2362 2016 2514 2071 misit
2545 2030 2641 2085 per
2672 2012 2931 2067 Albinum
2958 2009 3297 2079 acolythum.
3318 2006 3594 2061 Clemens

1994 2113 2190 2168 tertius
2240 2125 2379 2181 papa
2426 2108 2480 2162 in
2536 2105 2706 2174 antiq.
2741 2101 3079 2159 Collectione
3126 2100 3186 2165 2,
3244 2098 3391 2168 apud
3445 2096 3589 2149 Ant.

1992 2210 2222 2277 August.
2249 2204 2344 2257 lib.
2374 2217 2449 2255 vlt
2482 2196 2857 2259 Decretalium,
2890 2195 2974 2249 tit.
3000 2192 3033 2247 7
3068 2192 3141 2246 De
3163 2206 3393 2244 concess.
3427 2187 3595 2242 Pro:-

1995 2299 2111 2350 ben.
2140 2295 2220 2348 .ad
2249 2293 2549 2347 Remensem
2580 2287 3050 2354 archiepiscopum,
3075 2298 3125 2337 c.
3150 2282 3222 2336 4:
3264 2298 3284 2331 ι
3322 2279 3592 2333 Insinua-

1994 2391 2073 2443 vit
2100 2388 2259 2442 nobis
2287 2383 2525 2454 (scribit)
2563 2381 2796 2435 dilectus
2825 2378 2967 2432 [ilius
3000 2383 3189 2430 noster
3221 2372 3285 2428 Ο.
3322 2386 3504 2441 nepos
3529 2378 3594 2425 et

1996 2479 2281 2552 acolythus
2320 2482 2527 2531 noster.
2574 2492 2593 2524 ι

2070 2572 2342 2625 Minorum
2403 2568 2631 2622 istorum
2690 2562 2948 2618 ordinum
3009 2558 3309 2614 meminere
3353 2564 3591 2610 sanctus

1998 2664 2215 2719 Marcus
2243 2663 2295 2715 in
2332 2658 2596 2728 Liturgia,
2624 2656 2879 2711 Clemens
2906 2652 3190 2707 Romanus
3224 2649 3280 2703 in
3308 2646 3591 2703 constitu-

2000 2757 2264 2819 tionibus,
2286 2750 2636 2823 στηκέτωσαν
2665 2748 2723 2802 δὲ
2753 2749 2804 2800 οἱ
2834 2746 2934 2817 μὲν
2958 2742 3202 2815 πυλωροὶ
3227 2743 3308 2805 εἰς
3336 2740 3442 2803 τὰς
3476 2740 3594 2791 εἱσ-

1999 2851 2154 2913 όδους
2177 2847 2286 2900 τῶν
2334 2842 2564 2915 ἀνδρῶν.
2615 2841 2884 2893 Assislant
2934 2845 3115 2890 autem
3161 2831 3475 2887 ostiariiad
3502 2832 3592 2882 in-

2002 2954 2209 3012 gressus
2241 2937 2499 2997 virorum,
2533 2940 2589 2987 et
2619 2930 2874 2985 Canones
2905 2925 3281 2996 apostolorum
3306 2923 3419 2992 jam
3464 2922 3585 2975 lau-

2003 3031 2155 3095 dati;
2191 3029 2308 3082 l‘use
2334 3025 2402 3079 de
2435 3024 2518 3077 his
2551 3019 2907 3076 doctissimus
2932 3017 3137 3073 Hallier
3167 3015 3465 3085 episcopus
3486 3012 3591 3064 Ca-

2001 3122 2338 3184 ballicensis,
2392 3134 2447 3188 p.
2503 3115 2630 3179 564,
2682 3114 2734 3168 in
2775 3112 2946 3167 altera
2974 3118 3130 3178 parte
3162 3108 3239 3163 De
3270 3106 3449 3163 sacris
3478 3104 3591 3159 ele-

2004 3213 2299 3276 ctionibus,
2348 3219 2403 3264 et
2451 3203 2846 3263 ordinationib.
2900 3210 3035 3257 sect.
3079 3200 3133 3265 1,
3170 3214 3222 3254 c.
3258 3199 3312 3262 1,
3341 3196 3501 3251 artic.
3532 3196 3583 3248 1.

2005 3306 2238 3362 Sanctus
2292 3299 2591 3370 Gregorius
2645 3294 3024 3349 Nazianzenus
3078 3302 3224 3347 orat.
3276 3288 3367 3354 18,
3399 3296 3589 3342 narrat

2007 3406 2256 3455 sanctum
2317 3392 2652 3464 Cyprianum
2704 3386 2984 3458 Magnum,
3046 3391 3342 3451 antequam
3399 3388 3588 3449 pastor

2006 3492 2179 3551 ﬁeret,
2231 3483 2500 3552 νεωκόρον
2528 3480 2699 3535 fuisse
2745 3478 3040 3541 delectum,
3080 3474 3137 3529 id
3174 3480 3281 3537 est,
3302 3470 3580 3535 aedituum,

2007 3582 2086 3638 uti
2140 3578 2328 3634 Billius
2378 3577 2435 3630 in
2473 3573 2629 3628 Notis
2658 3570 2901 3639 exponit.
2935 3567 3267 3631 Ministrum,
3305 3565 3583 3623 nimirum.

2008 3674 2100 3731 cui
2119 3671 2302 3741 templi
2332 3666 2671 3739 expurgandi
2694 3675 2749 3719 et
2777 3661 3026 3717 verrendi
3052 3673 3281 3713 munus
3309 3656 3584 3711 incumbe-

2008 3766 2122 3832 bat,
2143 3778 2254 3818 uno
2283 3759 2450 3815 verbo
2477 3756 2773 3820 ostiariis;
2800 3752 2962 3823 673
2978 3748 3439 3812 huicAdltelmus,
3456 3745 3585 3800 c.15

2011 3857 2090 3912 De
2119 3852 2323 3909 laudib.
2353 3849 2697 3921 virginitatis,
2726 3856 2782 3901 et
2812 3845 3017 3900 Hallier
3062 3858 3118 3913 p.
3146 3840 3253 3897 566
3276 3839 3582 3895 assentiun-

2011 3956 2125 4015 tur,
2178 3944 2273 4001 sed
2296 3952 2415 3998 acta
2442 3953 2748 4011 praeconem
2780 3946 2834 3993 et
2882 3934 3254 4005 expositorem
3286 3945 3581 3992 sacrorum,

2013 4040 2069 4095 id
2109 4048 2193 4093 est
2237 4037 2498 4091 lectorem
2542 4030 2853 4103 perhibent.
2883 4025 3093 4082 Deinde
3118 4039 3252 4081 vero
3279 4022 3579 4083 diaconum,

2015 4128 2334 4196 neutiquam
2387 4131 2697 4193 pastorem,
2739 4133 2836 4174 seu
2863 4116 3203 4187 pontiﬁcem,
3236 4111 3582 4183 Martyrolog.

2014 4220 2177 4275 Rom.
2232 4218 2321 4273 die
2356 4214 2427 4269 26
2472 4211 2830 4283 Septembris;
2867 4208 2961 4263 ubi
2990 4205 3288 4261 cardinalis
3329 4203 3584 4258 Baronius

2017 4312 2243 4365 adnotat
2297 4307 2519 4362 Graecos
2579 4303 2770 4358 Patres
2822 4299 3226 4355 Antiochenum
3265 4295 3583 4367 Cyprianum

339 4396 455 4462 M;
497 4394 599 4451 sub
636 4394 893 4449 Cornelio
935 4408 1071 4463 papa
1109 4392 1165 4445 in
1200 4389 1443 4445 Ecclesia
1478 4388 1727 4443 Romana
1759 4391 1901 4439 eranl

2021 4403 2234 4473 Magum
2282 4399 2509 4455 Justinae
2563 4409 2788 4467 procum
2850 4390 3188 4447 confundere
3243 4389 3434 4445 solitos
3469 4402 3585 4441 cum

344 4487 582 4560 acolythi
635 4488 727 4551 22,
781 4486 1065 4540 exorcistae
1120 4494 1176 4539 et
1228 4483 1462 4537 lectores
1513 4496 1638 4535 cum
1672 4476 1917 4534 ostiariis

341 4576 449 4646 52;
487 4578 604 4633 fuse
655 4592 774 4646 cap.
806 4576 892 4641 10,
936 4576 1032 4630 lib.
1072 4592 1108 4630 ll
1168 4573 1425 4629 Prwnest.
1459 4572 1651 4641 antiq.;
1685 4569 1921 4626 concilio

342 4671 620 4727 Arelaten.
682 4671 784 4724 sub
845 4667 1036 4724 eodem
1090 4667 1358 4721 Silvestre
1408 4679 1545 4735 papa
1596 4662 1924 4731 subscripsit

345 4778 471 4817 cum
532 4760 840 4825 Dammate,
898 4776 993 4816 seu
1026 4758 1201 4815 Dal‘no
1233 4758 1490 4829 episcopo
1530 4772 1597 4812 ex
1642 4755 1920 4825 provincia

351 4850 655 4907 Viennense
685 4851 906 4907 civitate
932 4850 1190 4917 Vasione,
1220 4847 1409 4903 Victor
1432 4845 1726 4909 exorcista,
1754 4854 1809 4900 et
1830 4844 1922 4898 alii

348 4947 416 4997 ad
472 4957 675 4996 annum
708 4939 856 4995 C.N.
904 4939 1030 4995 526.
1078 4938 1454 5010 Aeolythatus,
1495 4936 1581 4991 vel
1610 4933 1924 4991 ceroferarii

352 5050 575 5101 munus,
606 5033 695 5088 cui
727 5032 796 5087 ab
828 5033 1085 5103 episcopo
1136 5030 1434 5101 porrigitur
1460 5037 1513 5082 et
1546 5026 1780 5081 traditur
1803 5041 1929 5081 can-

351 5126 637 5180 delabrum
685 5139 812 5178 cum
854 5123 1079 5178 candela
1127 5121 1419 5184 exstincta,
1455 5129 1508 5173 et
1552 5118 1805 5172 urceolus
1835 5133 1928 5171 va-

353 5232 491 5273 cuus
530 5216 599 5271 ad
636 5214 1035 5287 suggereudum
1066 5214 1254 5279 vinum
1290 5223 1343 5268 et
1374 5229 1572 5282 aquam
1625 5211 1680 5264 in
1716 5209 1928 5264 Eucha-

354 5310 567 5366 ristiam
612 5307 897 5379 sanguinis
942 5306 1168 5371 Christi,
1209 5308 1277 5362 de
1305 5322 1415 5377 quo
1454 5306 1589 5360 satis
1629 5305 1713 5375 egi
1744 5318 1932 5373 super-

358 5417 464 5471 que
501 5416 554 5458 c.
585 5401 619 5455 5
641 5400 931 5456 Corollarii
961 5400 1186 5454 secundi
1226 5399 1298 5453 De
1327 5399 1493 5469 Agnis
1524 5396 1641 5464 Dei,
1673 5407 1727 5451 et
1752 5395 1930 5451 cardi-

363 5493 500 5548 nalis
554 5493 823 5548 Baronius
872 5490 941 5546 ad
1001 5506 1206 5546 annum
1258 5490 1366 5555 58;
1404 5506 1529 5545 cum
1568 5490 1846 5559 deputata,
1879 5495 1934 5543 et

365 5585 733 5659 κανδηλάπτῃ,
767 5600 830 5639 ac
857 5584 1200 5655 λαοσυνάκτῃ
1231 5592 1286 5637 et
1306 5581 1673 5653 ὲκκλεσιὰρχῃ
1703 5579 1935 5636 miscent

365 5675 559 5730 Graeci.
620 5676 722 5732 Per
780 5675 1098 5733 Onesimum
1149 5673 1482 5746 acolythum,
1547 5673 1746 5729 Paulus
1788 5671 1937 5728 misit

2022 4491 2441 4563 Carthaginensi
2469 4488 2721 4559 pr:esule,
2759 4486 2900 4541 sicut
2929 4483 3073 4538 idem
3105 4479 3321 4546 Billius,
3351 4478 3444 4548 qui
3468 4493 3585 4533 san-

2023 4594 2174 4641 ctum
2231 4581 2559 4652 Gregorium
2598 4576 3026 4639 Nazianzenum,
3067 4569 3246 4641 quoad
3280 4568 3472 4638 potuit,
3496 4583 3586 4623 ex-

2024 4692 2218 4733 cusare
2243 4675 2399 4729 nisus
2428 4679 2535 4727 est.
2574 4671 2647 4725 De
2680 4667 2851 4738 gradu
2878 4664 3063 4720 aeditui
3094 4670 3321 4718 sanctus
3344 4659 3590 4715 Paulinus

2024 4767 2293 4832 Nolanus,
2352 4764 2511 4835 epist.
2556 4761 2590 4816 6
2624 4760 2693 4815 ad
2737 4758 3008 4814 Severum.
3041 4754 3216 4811 Graeci
3246 4753 3585 4817 recentiores,

2026 4860 2259 4915 lectores
2286 4864 2495 4911 tantum
2519 4859 2844 4924 agnoscunt,
2861 4858 2920 4903 at
2942 4856 3151 4902 veteres
3168 4843 3451 4901 ostiarium
3474 4857 3589 4911 pne

2027 4963 2197 5017 terea,
2258 4958 2314 5004 et
2363 4946 2714 5009 exorcistam,
2764 4951 2930 5011 atque
2950 4938 3284 5009 acolythum,
3317 4945 3448 4991 teste
3473 4932 3588 4987 llat-

2029 5046 2149 5110 lier,
2190 5058 2314 5114 pag.
2334 5039 2439 5095 585
2476 5038 2552 5092 De
2575 5036 2825 5109 gradibus
2861 5030 3314 5103 presbyterorum,
3353 5028 3588 5080 diacono—

2033 5151 2180 5197 rum,
2230 5132 2675 5199 subdiaconorum
2720 5138 2769 5182 et
2828 5126 3107 5180 lectorum.
3146 5122 3297 5177 Elias
3333 5120 3587 5176 Cretensis

2032 5229 2086 5284 in
2117 5227 2389 5283 decimam
2419 5224 2723 5278 orationem
2758 5219 2935 5275 sancti
2976 5215 3226 5285 Gregorii
3256 5211 3583 5273 Nazianzeni,

2033 5334 2157 5389 pag.
2205 5317 2331 5371 575.
2394 5314 2632 5369 Sanctus
2689 5309 2983 5382 Dionysius
3041 5303 3392 5374 Areopagita,
3424 5299 3586 5370 cap.5

2036 5411 2239 5467 Eccles.
2271 5408 2533 5463 Itierarclt.
2574 5413 2727 5476 parte
2754 5421 2818 5471 tt,
2850 5411 3007 5457 vocat
3034 5400 3326 5470 ἐκκρίτους
3376 5394 3588 5461 λειτουρ-

2036 5505 2187 5574 γούς,
2243 5504 2293 5558 id
2322 5511 2428 5569 est,
2456 5500 2676 5555 selectos
2706 5498 3000 5563 ministros,
3032 5494 3086 5549 id
3111 5501 3215 5557 est,
3244 5489 3583 5559 presbyteros,

2037 5595 2122 5649 vel
2176 5594 2459 5657 diaconos,
2513 5590 2763 5659 aliosque
2801 5586 3069 5657 adjungit,
3113 5583 3355 5637 minores
3384 5578 3583 5642 scilicet,

2038 5688 2132 5758 qui
2188 5686 2489 5743 sanctuarii
2538 5683 2748 5741 foribus
2800 5686 3099 5746 astant,et
3120 5675 3244 5732 aliis
3273 5672 3581 5733 ministrant,
