3816 6220
91 324 257 386 1401

1452 324 1551 383 DE
1593 324 1772 384 VITA
1811 324 1870 384 S.
1907 323 2073 385 NILI

3256 310 3393 375 1502

90 436 438 491 secundum
480 436 687 491 oixeiav
727 438 903 507 τάξιν,
942 438 1124 505 idest,
1150 441 1425 511 proprium
1449 441 1713 505 ordinem,
1745 449 1790 505 Α
1820 441 1948 512 logi.
2003 440 2351 510 Prazpositus,
2416 438 2471 493 in
2527 455 2578 495 c.
2615 438 2702 493 15,
2752 437 2880 492 dist.
2922 434 3007 499 l3,
3057 430 3224 488 tradit
3273 440 3398 483 ueto

89 528 291 582 sicuti
351 529 719 583 subdiaconos
768 530 864 600 qui
909 531 1151 586 minores
1188 532 1429 601 reliquos
1462 545 1713 600 compre-

87 616 508 685 hendebant,e
528 617 879 689 Pachymere,
898 628 1063 688 atque
1090 618 1329 675 Maximo
1363 619 1419 673 in
1450 618 1705 675 scholiis.

177 707 480 775 Quorsum
515 710 616 765 iste
650 710 866 777 cinnus,
898 721 1061 781 atque
1093 711 1307 783 farrago
1344 711 1411 766 de
1435 710 1673 767 ostiariis
1695 749 1712 775 ,

92 800 455 863 lectoribus,
494 803 782 858 exorcistis
806 843 821 869 ,
850 812 904 858 et.
932 804 1095 858 aliis?
1126 804 1229 860 nisi
1263 812 1322 858 ut
1351 803 1713 860 (economiam

95 890 508 963 Rortianmque
574 893 849 963 providam
919 894 1380 963 dispensationem
1457 893 1716 949 Ecclesiae

93 982 312 1050 magis
340 999 405 1037 ac
436 984 607 1053 magis
632 984 888 1049 admirer,
912 993 1074 1055 atque
1103 987 1420 1056 suspiciam,
1443 1002 1565 1057 quae
1591 984 1716 1056 Spi-

92 1074 269 1128 ritus
307 1076 486 1130 sancti
524 1075 704 1130 afﬂatu
758 1076 1018 1134 instincta
1051 1078 1338 1135 inferiores
1367 1080 1568 1150 gradus
1597 1078 1714 1134 fos-

93 1166 434 1229 soriorum,
464 1182 559 1221 seu
602 1167 898 1234 fossorum,
933 1178 987 1224 et
1019 1170 1426 1240 psalmistarum
1460 1171 1549 1240 (de
1577 1185 1714 1240 quo-

94 1271 248 1310 rum
282 1256 485 1310 muniis
506 1257 629 1312 vide
656 1273 707 1312 c.
733 1258 910 1314 ultim.
929 1259 1264 1318 Pontificalis
1284 1259 1537 1325 Romani,
1555 1258 1711 1332 etc.,)

95 1350 331 1406 officiis
352 1352 672 1422 deputavit,
713 1361 769 1407 at
802 1353 1116 1422 superiores
1142 1353 1420 1409 accensuit
1452 1354 1592 1408 inter
1625 1368 1714 1407 or-

96 1441 311 1507 dines,
355 1441 461 1497 ﬁxe
488 1443 792 1509 stabiliens,
823 1443 1172 1513 minoresque
1194 1444 1550 1514 nuncupavit,
1592 1443 1716 1498 aliis

99 1538 310 1592 tribus
360 1538 533 1592 sacris
603 1538 872 1608 majorum
926 1553 1124 1593 nomen
1184 1538 1488 1608 imponens.
1549 1535 1714 1591 Caius

96 1630 330 1687 etenim
349 1629 591 1701 pontifex
608 1630 895 1694 Maximus,
914 1630 1181 1696 Dalmata,
1197 1646 1260 1686 ex
1289 1644 1485 1700 genere
1515 1628 1717 1684 Diocle-

100 1723 265 1777 tiani
288 1723 542 1792 Augusti,
565 1724 631 1777 ad
653 1738 856 1777 annum
874 1722 937 1777 C.
953 1722 1080 1789 285,
1096 1725 1146 1776 in
1172 1724 1377 1794 cryptis
1394 1723 1711 1788 habitando,

1814 533 1984 590 fuisse
2008 534 2229 605 gradus,
2262 533 2464 603 quibus
2493 531 2885 587 ascendebatur
2913 529 2977 583 ad
3024 534 3234 597 portam
3263 532 3401 576 temo

1814 628 1890 699 pli
1939 644 2005 682 ex
2064 627 2352 681 Ezechiele
2390 640 2440 681 c.
2475 641 2560 689 XL,
2599 634 2654 679 et
2687 625 2908 679 totidem
2942 622 3058 675 fore
3085 616 3398 688 dignitates,

1814 721 2014 791 qnibus
2045 719 2356 789 proceditur
2387 719 2451 772 ad
2486 728 2765 788 papatum,
2796 715 2911 771 sive
2944 725 3217 767 summum
3260 721 3398 776 pon-

1816 813 2100 876 tificatum,
2135 825 2329 879 nempe
2369 810 2711 879 parochiam,
2743 808 3091 867 decanatum,
3123 797 3398 853 archidia-

1814 911 2092 965 conatum,
2117 916 2213 956 seu
2235 900 2668 970 przeposituram,
2685 896 2980 960 abbatiam,
3000 893 3396 962 episcopatum,

1815 992 2365 1063 archiepiscopatum,
2389 994 2680 1062 primatum
2717 1004 2770 1045 et
2792 986 3238 1059 patriarchatum.
3287 980 3396 1034 Leo

1816 1084 2049 1140 Allatius
2071 1085 2377 1147 contendit,
2396 1095 2451 1139 et
2470 1085 2667 1154 probat
2696 1083 2792 1137 lib.
2822 1079 2899 1135 De
2939 1088 3087 1135 wtat.
3116 1086 3163 1130 et
3190 1077 3394 1129 interst.

1817 1178 2141 1242 Grecorum,
2169 1178 2427 1231 lectorem
2470 1192 2576 1231 non
2612 1175 2977 1230 ordinandum
3012 1187 3106 1227 seu
3135 1164 3400 1233 Ἀναγνώ-

1817 1290 1950 1342 στην
1971 1288 2118 1336 eum,
2137 1271 2229 1339 qui
2252 1270 2318 1324 18
2341 1286 2515 1324 annos
2531 1270 2725 1333 aetatis,
2740 1268 2823 1323 vel
2848 1265 2918 1321 20
2941 1281 3043 1320 non
3061 1262 3350 1333 explesset,
3365 1273 3399 1314 e

1817 1363 2207 1420 Nomocanone
2238 1362 2446 1427 Photii,
2481 1360 2747 1430 Notisque
2777 1357 3185 1420 Balsamonis,e
3205 1351 3398 1407 Basili-

1815 1456 1916 1517 cis,
1949 1470 2089 1525 eque
2103 1452 2325 1508 Novella
2344 1453 2642 1524 praesertim
2657 1451 2761 1506 237
2779 1446 3068 1505 Justiniani
3087 1445 3226 1515 apud
3243 1442 3394 1498 Grac-

1814 1563 1932 1613 cos,
1970 1563 2021 1616 p.
2045 1547 2114 1601 '56
2134 1553 2187 1601 et
2203 1546 2293 1603 59.
2326 1544 2503 1611 Unde,
2526 1544 2682 1599 sicuti
2701 1543 2811 1611 jam
2832 1539 3061 1605 asserui,
3082 1534 3398 1591 Theodulus

1814 1640 1919 1695 Nili
1950 1640 2092 1695 ﬁlius
2125 1639 2191 1694 ad
2233 1638 2520 1709 νεωκόρων
2550 1644 2858 1706 provectus,
2902 1634 2956 1687 in
2998 1631 3186 1686 ordine
3214 1641 3394 1688 sacro.

1817 1747 2038 1795 munus,
2070 1731 2385 1801 impositum
2425 1726 2529 1783 sibi
2555 1743 2586 1782 a
2617 1726 2901 1782 sacerdote
2933 1722 3241 1777 divinorum
3282 1734 3399 1787 my-

100 1828 213 1868 seu
267 1812 627 1877 catacumbis,
680 1821 740 1865 ut
784 1822 1004 1876 vocant,
1037 1813 1153 1877 sed,
1206 1823 1263 1868 ut
1304 1827 1404 1883 ego
1454 1812 1709 1879 arbitror,

1824 1824 2113 1878 steriorum
2152 1800 2394 1884 Christi,
2448 1833 2573 1873 cum
2636 1817 2866 1886 impigre
2912 1813 3046 1868 illud
3096 1811 3293 1875 obiret,
3344 1817 3399 1862 et

105 1904 503 1971 catatumbis;
537 1905 586 1959 id
618 1913 722 1971 est,
753 1905 822 1958 ad
860 1905 1097 1969 tumbas,
1126 1918 1222 1959 seu
1253 1903 1494 1960 tumulos
1544 1905 1713 1974 (tum-

102 1996 183 2051 ba
246 1996 400 2052 enim
452 2013 557 2051 vox
611 2009 695 2053 est
742 1998 913 2052 sancti
942 1996 1224 2067 Gregorii,
1277 2012 1400 2067 qua:
1444 1998 1713 2051 tumulum

104 2091 405 2161 signiﬁcat
440 2104 455 2144 :
497 2100 550 2145 et
580 2090 653 2144 ita
678 2090 848 2146 sensit
867 2091 1162 2145 cardinalis
1184 2089 1449 2145 Baronius
1478 2090 1532 2144 in
1562 2087 1715 2144 Notis

104 2184 183 2237 ad
205 2184 244 2238 5
263 2183 512 2237 Januarii
527 2182 803 2254 Martyrol.
820 2182 1073 2249 Romam,
1090 2182 1340 2251 quamvis
1358 2181 1603 2237 Latinius
1620 2199 1717 2234 κα-

106 2274 421 2345 τακύμϐον
479 2274 682 2329 dictum
742 2273 891 2337 velit,
954 2274 1117 2327 veluti
1176 2288 1516 2337 concavum,
1574 2272 1717 2342 apud

111 2366 305 2435 Magri
344 2366 399 2418 in
433 2364 679 2435 Notitia),
713 2381 838 2419 cum
872 2365 1079 2436 fugeret
1108 2365 1560 2435 persecutionem,
1593 2380 1719 2422 con.-

112 2460 319 2512 stituit
345 2467 405 2512 ut
431 2458 648 2513 ordines
680 2473 867 2531 omnes
890 2458 946 2512 in
971 2458 1211 2513 Ecclesia
1238 2458 1316 2512 sic
1340 2457 1715 2512 ascenderent.

116 2551 183 2603 Si
261 2550 390 2619 quis
427 2549 714 2619 episcopus
741 2565 866 2607 esse
899 2560 1224 2616 mereretur,
1256 2558 1402 2604 esset
1434 2550 1716 2612 ostiarius,

113 2645 331 2707 lector,
352 2642 648 2710 exorcista;
674 2656 927 2711 sequens,
960 2641 1013 2696 id
1042 2650 1144 2707 est,
1163 2642 1465 2711 acolythus,
1496 2640 1719 2695 subdia-

112 2751 346 2801 conus;
401 2735 688 2800 diaconus,
735 2733 1040 2805 presbyter,
1089 2743 1144 2788 et
1189 2734 1475 2803 episcopus
1523 2732 1719 2788 eximie

115 2828 501 2881 ordinaretur.
541 2826 616 2880 Ex
646 2824 937 2880 Anastasio
961 2864 979 2889 ,
1011 2823 1125 2880 sive
1154 2835 1377 2878 auctore
1409 2823 1540 2878 Vitae
1567 2832 1717 2893 pont.

117 2916 299 2971 nom.
343 2930 466 2985 pag.
496 2915 586 2969 15.
612 2914 874 2969 Silvester
911 2922 1098 2984 postea
1126 2916 1180 2968 in
1215 2914 1447 2969 concilio
1474 2914 1720 2968 Romano

115 3025 175 3062 c.
227 3007 287 3071 7,
319 3014 373 3061 et
408 3004 598 3060 Patres
632 3005 1080 3077 Carthaginensis
1130 3006 1322 3076 synodi
1362 3014 1571 3075 quartae
1600 3005 1723 3059 toti-

1816 1916 2129 1988 ὑπηρεσίας
2164 1913 2412 1985 πρώτας,
2467 1911 2773 1967 ministeria
2806 1909 2980 1979 prima
3012 1906 3125 1989 sive
3162 1901 3396 1967 osriarii,

1814 2017 1870 2063 et
1920 2009 2125 2073 azditui,
2162 2016 2324 2076 atque
2362 2005 2601 2068 lectoris,
2633 2019 2755 2073 qua:
2786 2010 2977 2057 mutuo
3007 2013 3129 2055 sese
3156 1995 3396 2065 comple—

1815 2103 2122 2167 ctehantur,
2172 2106 2450 2155 exerceret
2503 2098 2767 2163 studiose,
2815 2106 3174 2167 magnamque
3212 2089 3397 2145 conci-

1819 2201 1957 2246 taret
1987 2207 2136 2261 spem
2171 2189 2467 2260 profectus,
2498 2205 2622 2245 cum
2655 2187 2807 2244 brevi
2835 2196 3075 2257 tempore
3101 2185 3267 2239 multa
3297 2182 3402 2236 vir-

1818 2290 1995 2335 tutum
2014 2280 2337 2351 praebuisset
2358 2279 2677 2349 specimina,
2700 2286 2753 2332 et
2774 2276 2825 2331 id
2852 2274 3106 2330 omnibus
3126 2273 3406 2343 foret,pro-

1816 2382 1935 2443 pter
1966 2373 2157 2437 bouos,
2197 2372 2506 2441 probosque
2542 2384 2721 2424 mores
2748 2386 2763 2434 ;
2795 2367 3160 2436 consequitur
3191 2363 3400 2419 certius

1818 2482 1945 2523 eum
1992 2466 2240 2537 exegisse
2289 2466 2474 2520 decem
2514 2472 2571 2518 et
2599 2472 2721 2517 octo
2750 2456 2943 2525 annos,
2975 2461 3085 2514 imo
3113 2464 3169 2512 et
3188 2454 3399 2525 viginti.

1852 2594 1853 2599 η
1893 2556 2168 2611 Hactenus
2188 2556 2415 2624 primam
2438 2554 2690 2624 paginam
2712 2552 2847 2606 Vitae
2866 2551 3042 2606 sancti
3060 2548 3164 2603 Nili
3193 2545 3405 2602 abbatis

1819 2646 2085 2717 pervolvi,
2120 2661 2267 2700 nunc
2298 2646 2364 2700 ad
2396 2645 2623 2699 alteram
2652 2659 2840 2715 pergo.
2874 2640 2929 2696 Si
2962 2641 3113 2711 prius
3144 2639 3406 2695 observa-

1818 2738 1991 2792 verim
2047 2738 2378 2791 recentiores
2433 2734 2674 2801 Graecos,
2737 2734 2831 2804 qui
2882 2732 3141 2787 Romanae
3194 2728 3406 2783 malunt

1820 2830 2077 2887 Ecclesia:
2103 2830 2439 2900 reliquarum
2476 2828 2636 2883 matri
2666 2827 2960 2890 adhaerere,
2992 2839 3095 2879 nec
3130 2822 3201 2877 ab
3228 2836 3290 2876 ea
3317 2836 3405 2875 re-

1820 2925 1944 2979 velli
2014 2922 2357 2993 discindique
2408 2921 2666 2992 gaudent,
2716 2919 3032 2974 lectoratum
3072 2930 3195 2972 cum
3230 2913 3409 2984 prima

1822 3028 2047 3071 tonsura
2090 3013 2362 3079 conferre,
2409 3022 2470 3068 ut
2513 3013 2570 3068 in
2602 3010 2956 3081 Euchologio,
2987 3009 3079 3063 ubi
3108 3004 3262 3071 τάξις
3290 3022 3413 3075 χει-

117 3100 262 3153 dem
306 3106 756 3153 numeraverunt.
787 3097 1097 3170 cardinalis
1138 3097 1407 3154 Baronius
1448 3098 1613 3151 refert
1654 3099 1718 3151 ad

1828 3106 2073 3179 ροτονίας
2112 3104 2209 3159 τοῦ
2248 3105 2601 3176 ἀναγνώστου
2645 3105 2700 3159 in
2734 3103 2927 3174 primis
2961 3099 3257 3171 κείρεταιὸ
3287 3095 3411 3149 δοῦ-

117 3205 343 3245 annum
376 3189 440 3245 C.
492 3189 555 3244 Ν.
596 3190 688 3257 44,
724 3206 780 3243 n.
811 3190 899 3244 34.
932 3188 1028 3243 Pie
1060 3204 1125 3244 ac
1168 3190 1449 3256 ingeniose
1484 3188 1724 3244 Landul-

121 3285 281 3352 phus
309 3280 715 3337 Carthusianus
762 3288 913 3351 parte
959 3297 978 3336 ι
1027 3280 1159 3336 Vitta
1201 3281 1421 3347 Christi,
1466 3298 1517 3336 c.
1563 3281 1654 3349 65,
1696 3298 1727 3337 e

122 3385 333 3431 sancto
370 3374 683 3439 Ambrosio,
718 3374 934 3429 lectoris
964 3388 1165 3428 munus
1196 3373 1512 3443 praestitisse
1558 3384 1728 3430 testa-

123 3480 229 3523 tur
264 3466 545 3523 Christum
582 3466 896 3532 Dominum,
941 3464 1161 3535 quando
1189 3465 1319 3536 legit
1357 3466 1409 3519 in
1455 3482 1728 3537 synagoga

126 3562 259 3631 ipse
303 3559 635 3615 versiculum
681 3559 919 3629 primum
963 3556 1158 3627 capitis
1206 3559 1531 3627 sexagesimi
1568 3560 1729 3629 primi

126 3652 314 3717 Isaiae,
356 3660 418 3708 ut
453 3659 641 3707 narrat
662 3658 886 3707 sanctus
931 3649 1132 3717 Lucas,
1168 3666 1247 3715 ιι,
1308 3650 1375 3706 18
1408 3650 1726 3721 Evangelii;

127 3741 431 3799 ostiarium
478 3741 666 3807 etiam,
693 3741 912 3812 quando
936 3740 1094 3811 ejecit
1121 3740 1439 3808 vendentes,
1460 3749 1516 3794 et
1542 3754 1731 3795 emen-

129 3847 222 3891 tes
267 3834 337 3889 de
378 3834 617 3905 templo;
666 3834 1025 3899 exorcistam,
1081 3832 1403 3903 expellendo
1452 3833 1731 3889 daemonas

129 3943 164 3983 e
194 3926 524 3996 corporibus
540 3924 708 3998 674
728 3926 1044 3992 hominum;
1064 3925 1374 3996 acolythum
1396 3963 1412 3987 ,
1446 3939 1542 3980 seu
1572 3940 1729 3980 cero-

131 4019 431 4083 ferarium,
446 4032 507 4073 se
533 4018 712 4073 lucem
735 4033 919 4073 veram
943 4017 1302 4083 ostentando;
1328 4024 1381 4071 et
1403 4017 1477 4071 ita
1495 4024 1732 4085 quatuor

133 4110 335 4164 munia
378 4110 653 4165 minorum
691 4110 947 4164 ordinum
993 4108 1325 4164 exercuisse.
1381 4106 1515 4161 Erat
1561 4107 1616 4161 in
1666 4121 1732 4161 eo

134 4200 350 4273 quippe
376 4209 617 4272 potestas
658 4201 1023 4265 excellentiae,
1055 4200 1109 4255 id
1128 4209 1232 4266 est,
1262 4198 1554 4254 ministerii
1585 4198 1735 4269 prin-

136 4296 340 4367 cipalis
366 4296 666 4351 secundum
696 4295 838 4366 quod
867 4301 987 4350 erat
1008 4292 1193 4359 homo;
1225 4307 1351 4347 nam
1381 4292 1435 4347 in
1466 4300 1731 4362 quantttm

140 4390 298 4446 Deus
342 4387 577 4442 habebat
597 4394 915 4457 potestatem
938 4384 1279 4440 auctoritatis
1299 4400 1314 4449 ;
1333 4384 1413 4439 sic
1439 4383 1735 4453 loquuntur

1826 3203 1916 3263 λος
1947 3200 2041 3254 τοῦ
2073 3198 2211 3253 Θεοῦ
2241 3215 2346 3254 ο.ο.
2380 3199 2462 3261 εἰς
2492 3198 2557 3251 τὸ
2607 3196 2779 3266 ὄνομα
2804 3194 2899 3249 τοῦ
2932 3192 3166 3265 Πατρδς,
3198 3190 3296 3245 καὶ
3315 3188 3411 3243 τοῦ

1826 3292 1992 3359 Υἱοῦ,
2033 3292 2129 3347 καὶ
2172 3290 2265 3345 τοῦ
2303 3291 2459 3359 ἁγίου
2496 3290 2816 3359 Πνεῦματος
2841 3327 2857 3353 ,
2892 3287 2948 3341 id
2983 3297 3088 3349 est,
3143 3283 3412 3339 Tondetur

1827 3402 2003 3441 servus
2038 3385 2137 3439 Dei
2178 3382 2253 3439 Ν.
2275 3382 2352 3437 Ν.
2393 3383 2450 3437 in
2487 3383 2695 3436 nomine
2725 3378 2927 3443 Patris,
2952 3387 3002 3431 et
3024 3375 3176 3441 Filii,
3210 3385 3260 3429 et
3290 3372 3414 3443 Spi-

1829 3479 1967 3532 ritus
2016 3476 2232 3541 sancti;
2284 3474 2504 3529 lectoris
2554 3481 2610 3527 et
2652 3470 2894 3526 cantoris
2945 3474 3030 3522 est
3077 3466 3265 3519 eadem
3300 3466 3415 3517 for-

1829 3572 1998 3633 mula,
2030 3570 2159 3623 huic
2181 3569 2343 3623 datur
2367 3567 2507 3620 liber
2537 3563 2902 3626 Psalmorum,
2935 3576 3031 3617 seu
3061 3557 3414 3621 Psalterium,

1829 3663 1908 3719 illi
1942 3661 2331 3732 Epistolarum,
2380 3674 2476 3713 seu
2516 3655 2910 3727 Epistolarium
2961 3668 3085 3708 cum
3125 3650 3411 3704 oratione:

1829 3753 2027 3825 Κύριε,
2058 3752 2147 3815 δὸς
2191 3750 2341 3820 αὐτῷ
2394 3749 2535 3820 μετὰ
2564 3748 2747 3817 πάσης
2775 3745 2965 3814 σοφίας
3007 3742 3101 3797 καὶ
3147 3740 3418 3802 συνέσεως

1829 3846 1935 3900 τῶν
1951 3845 2109 3898 Θείων
2130 3860 2223 3897 σου
2246 3843 2419 3910 λόγων
2440 3841 2541 3911 τὴν
2570 3838 2803 3911 μελέτην
2832 3838 2927 3890 καὶ
2959 3834 3058 3905 τὴν
3105 3833 3419 3901 ἀνάγνωσιν

1831 3933 2106 3991 ποιεῖσθαι
2135 3950 2150 4000 ;
2193 3932 2246 3988 id
2267 3940 2349 3987 est
2376 3950 2391 3986 :
2415 3930 2657 3994 Domine,
2692 3930 2762 3983 da
2788 3927 2879 3982 isti
2898 3941 3016 3981 cum
3036 3924 3178 3976 omni
3206 3922 3420 3991 sapien-

1833 4030 1932 4091 tia,
1953 4038 2003 4083 et
2019 4025 2182 4098 675
2207 4023 2489 4095 prudentia
2504 4022 2801 4075 divinorum
2816 4029 3028 4073 tuorum
3046 4016 3419 4087 mysteriorum

1832 4121 2249 4184 meditationem,
2282 4127 2333 4171 et
2365 4114 2634 4170 lectionem
2668 4112 2990 4167 exsecutioni
3016 4109 3291 4163 mandare.
3326 4106 3423 4162 ln-

1832 4212 1967 4268 clusi
2026 4220 2154 4266 sunt
2184 4211 2259 4273 ,in
2308 4208 2701 4262 subdiaconatu
2781 4199 3275 4273 comprehensique
3324 4197 3418 4252 alii

1834 4303 1944 4357 duo
1998 4301 2243 4356 minores
2291 4297 2534 4361 ordines,
2586 4294 2901 4350 ostiariatus
2952 4306 3018 4347 ac
3050 4290 3415 4362 acolytbatus,

1834 4403 1888 4449 et
1903 4393 2073 4449 utitur
2093 4392 2353 4446 ordinans
2377 4390 2529 4444 hisce
2548 4387 2726 4444 verbis
2752 4403 2767 4452 ;
2793 4385 2987 4455 Κύριε,
3008 4383 3096 4447 δὸς
3112 4381 3262 4453 αὐτῷ
3278 4380 3417 4449 ἀγά-

139 4481 491 4547 scholastici,
532 4488 592 4535 ut
620 4479 857 4550 explicat
886 4479 950 4534 P.
988 4477 1274 4548 Philippus
1311 4492 1341 4531 a
1370 4477 1723 4531 Sanctissima

1837 4503 1948 4556 πην
1979 4486 2074 4539 καὶ
2107 4483 2443 4553 εὐπρέπειαν
2472 4482 2622 4534 οἴκου
2654 4495 2773 4542 σου,
2801 4476 3143 4549 παριστάναι
3180 4474 3300 4536 ταῖς
3324 4471 3424 4526 θύ-

140 4574 193 4629 Τ
198 4574 421 4628 rinitate
452 4580 594 4643 part.
624 4571 786 4638 urbe
823 4570 1170 4625 sacramentis
1196 4570 1253 4622 in
1285 4583 1488 4639 genere,
1540 4576 1735 4637 quaest.

141 4666 244 4732 64,
280 4676 385 4721 art.
413 4665 470 4719 ὅ.
494 4663 741 4735 Implevit
769 4665 934 4719 etiam
971 4676 1204 4717 munera
1227 4659 1483 4717 Christus
1512 4660 1739 4716 subdia-

143 4760 304 4823 coni,
338 4758 555 4829 quando
580 4756 864 4827 praecinxit
889 4770 948 4812 se
975 4756 1144 4811 linteo
1168 4796 1184 4821 ,
1215 4763 1272 4810 et
1300 4753 1468 4824 pedes
1498 4752 1741 4823 discipu-

146 4853 333 4907 lorum
382 4851 548 4916 lavit;
592 4848 832 4914 diaconi,
862 4847 1084 4917 quando
1113 4847 1171 4901 in
1210 4860 1368 4902 cmna
1419 4858 1622 4913 corpus
1672 4851 1731 4898 et

147 4942 477 5013 sanguinem
520 4957 680 4998 suum
719 4940 1002 5011 discipulis
1046 4937 1742 5009 ministravit;presbyteri

150 5037 393 5106 denique
436 5052 561 5092 cum
584 5052 779 5109 panem
814 5047 870 5093 et
901 5038 1088 5093 vinum
1116 5037 1171 5092 in
1209 5051 1411 5107 corpus
1442 5045 1496 5091 et
1520 5034 1743 5106 sangui-

156 5142 286 5182 nem
323 5143 483 5183 suum
529 5129 780 5195 mutavit,
818 5138 874 5184 et
898 5128 1139 5199 episcopi
1186 5128 1493 5183 animarum
1522 5136 1741 5182 nostra-

157 5234 309 5285 rum,
347 5235 472 5273 cum
511 5219 588 5274 uti
625 5218 869 5289 pontifex
902 5220 953 5273 in
978 5235 1071 5275 ara
1100 5219 1280 5275 crucis
1310 5234 1371 5274 se
1404 5214 1618 5274 obtulit'
1639 5217 1744 5271 Pa-

158 5311 273 5373 tri,
313 5310 619 5366 sacerdouo
661 5311 861 5366 etenim
893 5309 1220 5381 fungebatur
1242 5325 1409 5377 vero;
1446 5310 1742 5365 cardinalis

163 5401 431 5473 Oreggius
456 5411 673 5458 tractat.
709 5402 764 5470 5,
792 5412 932 5473 part.
966 5418 1051 5465 tu,
1080 5417 1201 5471 cap.
1246 5402 1335 5469 15,
1366 5410 1563 5472 quaest.
1598 5401 1652 5456 1.

238 5496 296 5551 In
323 5496 464 5552 caelo
492 5496 713 5566 quidem
743 5510 936 5551 novem
974 5504 1103 5551 sunt
1131 5494 1449 5564 angelorum
1483 5495 1659 5560 chori,
1690 5502 1746 5549 et

168 5589 426 5645 Ecclesiae
457 5570 847 5659 triumphantis
877 5596 986 5643 tres
1018 5588 1361 5652 hierarchiaa,
1399 5589 1474 5641 ita
1510 5588 1563 5641 in
1599 5587 1744 5641 mili-

169 5689 320 5736 tante
357 5694 551 5736 novem
601 5695 723 5736 esse
758 5680 980 5735 ordines
1011 5678 1278 5744 videmus,
1306 5679 1605 5733 secundum
1650 5694 1746 5732 ca-

173 5772 438 5841 nonistas,
478 5771 732 5845 quamvis
766 5771 834 5831 ad
872 5780 1079 5843 septem
1111 5786 1205 5829 eos
1239 5772 1562 5829 contrahant
1591 5770 1743 5826 theo-

1842 4594 1965 4650 ραις
1985 4574 2077 4630 τοῦ
2094 4573 2223 4629 ναοῦ
2239 4573 2336 4627 τοῦ
2358 4572 2517 4642 ἁγίου
2546 4589 2663 4638 σου,
2693 4571 2958 4625 ἀνάπτειν
2987 4567 3180 4639 λύχνον
3212 4562 3427 4634 σκηνώ-

1844 4686 2018 4742 ματος
2065 4668 2224 4738 δόξης
2281 4682 2376 4719 σου
2403 4682 2419 4730 ;
2452 4664 2505 4719 id
2534 4672 2618 4719 est
2651 4682 2664 4717 :
2699 4661 2942 4728 Domine,
2966 4660 3038 4713 da
3068 4658 3158 4713 isti
3188 4658 3427 4711 charita-

1842 4774 1968 4824 tem,
1995 4768 2045 4816 et
2083 4759 2321 4813 decorem
2346 4757 2534 4811 domus
2564 4765 2691 4821 tute,
2712 4765 2770 4809 ut
2800 4756 3020 4809 assistat
3042 4751 3228 4822 januis
3245 4748 3427 4818 templi

1841 4854 2014 4910 sancti
2062 4854 2161 4917 tui,
2200 4860 2250 4906 et
2298 4850 2552 4905 accendat
2576 4848 2849 4904 lucernam
2880 4844 3207 4901 tabernaculi
3244 4842 3431 4915 gloria:

1846 4957 1971 5003 tuae.
2007 4944 2417 5001 Exorcistarum
2449 4950 2630 4996 autem
2661 4928 3059 5011 presbyteratui
3091 4934 3431 5004 coniungunt

1845 5049 1957 5095 tam
2013 5054 2178 5109 super
2219 5036 2665 5098 catechumenos,
2699 5047 2865 5102 quam
2898 5038 2954 5085 et
3004 5043 3169 5099 super
3198 5040 3430 5095 euergu-

1845 5146 2053 5187 menos.
2115 5130 2293 5199 Atque
2321 5128 2428 5182 hoc
2456 5125 2618 5180 modo
2654 5124 2857 5181 sensim
2890 5122 3344 5193 appropinquant,
3374 5127 3430 5171 et

1846 5220 2114 5276 accedunt
2160 5217 2227 5272 ad
2279 5217 2583 5272 Romanam
2620 5213 2922 5268 Ecclesiam
2962 5218 3239 5281 parentem
3273 5207 3428 5262 beni-

1846 5310 2187 5383 gnissimam,
2219 5317 2276 5362 ut
2305 5306 2491 5376 accepi
2518 5307 2589 5360 ab
2618 5303 2993 5359 illustrissimo
3034 5301 3259 5356 domino
3289 5298 3433 5352 Onu-

1846 5403 2006 5473 phrio
2066 5399 2427 5456 Constantino
2483 5397 2896 5467 archiepiscopo
2951 5393 3318 5456 Deberitano;
3375 5398 3431 5443 et

1846 5500 2126 5557 revocant,
2182 5501 2347 5561 atque
2394 5498 2678 5553 renovant,
2702 5488 2881 5559 quoad
2908 5492 3159 5557 possunt,
3194 5492 3427 5539 veterem

1847 5588 1993 5643 illam
2048 5585 2409 5640 hierarchiam
2463 5583 2696 5639 similem
2729 5580 3009 5644 Romanis,
3040 5592 3162 5647 quae
3191 5573 3428 5645 vigebat,

1847 5686 1903 5732 et
1954 5676 2327 5731 cﬂlorescebat
2372 5673 2429 5727 in
2482 5671 2756 5743 primaevis
2786 5671 2893 5728 illis
2935 5667 3192 5725 Ecclesia
3229 5666 3434 5723 Graecae

1850 5769 2123 5826 nascentis
2168 5767 2428 5832 emt-diis,
2464 5766 2733 5837 cujusque
2761 5780 2929 5837 penes
2956 5762 3058 5821 SS.
3089 5759 3435 5831 Dionysium,
