3816 6220
364 286 496 355 1ὦο3

1052 295 1202 356 JOS.
1236 295 1499 355 ΜΛΒΙἉΕ
1541 295 1900 358 SUARESII
1939 298 2169 361 LIBER
2205 301 2841 366 CHRONOLOGICUS

3522 295 3541 355 l
3553 295 3674 356 3.433

358 400 649 472 lgnatium,
701 407 756 456 et
808 388 1165 468 Clementem,
1215 404 1463 474 aliosque
1488 402 1708 460 Graecos
1754 403 1941 461 Patres
1969 431 2014 481 Α
2044 409 2160 465 rius
2211 409 2440 479 prolata,
2480 425 2578 466 seu
2608 412 2718 465 duo
2747 409 3074 475 candelabra
3110 408 3347 463 lucentia
3387 406 3572 458 etiam
3616 407 3679 459 in

358 502 576 549 exstant
620 494 845 563 vestigia
873 503 927 548 et
954 507 1296 566 argumenta,
1328 512 1451 552 cum
1492 497 1750 553 Ecclesiae
1786 497 1946 553 Occi-

357 584 589 639 dentalis
634 596 691 639 et
741 583 1034 641 Orientalis
1084 586 1370 642 unanimes
1428 596 1483 642 et
1536 599 1942 657 contesseratze,

361 688 526 748 atque
576 679 857 733 foederatae
891 679 1109 737 vinculo
1139 679 1445 745 charitatis,
1480 689 1533 735 et
1564 682 1772 751 glutine
1805 698 1946 738 veras

359 771 668 825 concordia:
701 771 1172 835 consociarentur,
1223 778 1477 839 tanquam
1507 774 1628 827 duae
1672 775 1847 837 olivae,
1880 774 1947 829 de

359 862 562 931 quibus
634 861 951 927 Zacharias,
984 869 1039 916 et
1074 859 1227 915 Nilus
1263 862 1380 931 ipse
1416 862 1471 915 in
1513 861 1754 933 Epistola
1786 878 1949 934 supe-

2048 503 2208 557 terris
2237 513 2363 557 ante
2412 502 2703 557 Dominum
2739 502 3167 567 Dominatorem,
3205 499 3545 570 Apocalyps.
3586 514 3679 563 Il,

2048 595 2103 660 ι,
2134 610 2256 665 quze
2295 602 2357 650 ut
2412 596 2742 651 resarciatur
2773 595 2957 665 divina
3010 595 3369 648 miseratione
3431 588 3681 643 tandem

2050 686 2370 755 aliquando,
2405 686 2872 756 quemadmodum
2911 693 3024 740 toto
3076 683 3296 745 affectu,
3333 683 3685 749 intimoque

2052 794 2245 849 precor
2273 794 2338 833 ex
2371 779 2575 845 animo,
2610 777 2691 834 sic
2716 786 2771 833 et
2796 778 3010 832 ominor
3043 777 3425 847 perlubenter.

712 1038 801 1098 De
833 1038 1175 1099 tentatione
1204 1038 1273 1099 S.
1307 1036 1443 1102 Nili
1472 1036 1743 1111 abbatis,
1779 1048 1837 1101 et
1864 1038 2110 1119 reliqua
2153 1040 2309 1113 vita,
2339 1048 2396 1101 et
2443 1047 2667 1113 morte,
2698 1048 2887 1120 atque
2916 1037 3226 1119 sepulcro.

432 1222 555 1280 Uno
599 1223 791 1294 spiritu
840 1239 945 1278 non
995 1225 1172 1293 potuit
1220 1222 1328 1277 vita
1370 1222 1474 1277 Nili
1527 1223 1830 1279 transcurri
1882 1240 1948 1279 ac

358 1315 912 1385 exsuperarizclivus
960 1327 1044 1369 est
1091 1316 1254 1369 altior
1303 1325 1357 1369 et
1405 1315 1696 1381 excelsior;
1743 1316 1947 1370 levavit

358 1408 560 1477 quippe
590 1408 669 1461 vir
694 1406 927 1460 eximius
957 1406 1146 1460 oculos
1183 1406 1250 1459 ad
1278 1414 1489 1460 montes
1522 1406 1758 1476 erigens,
1791 1420 1950 1461 suos-

358 1512 464 1566 que
504 1512 725 1566 gressus
766 1496 967 1550 direxit
1012 1496 1079 1549 ad
1120 1511 1304 1564 rupes,
1350 1504 1404 1550 et
1444 1510 1578 1550 saxa
1614 1494 1855 1565 praealta,
1894 1500 1951 1548 et

359 1589 611 1644 sublimia
643 1604 767 1644 cum
800 1587 1083 1643 Thcodulo
1116 1588 1248 1653 ﬁlio,
1290 1603 1416 1643 vere
1462 1588 1559 1642 Dei
1590 1603 1771 1644 servo.
1803 1585 1951 1641 Tau-

360 1681 531 1751 tisper
569 1681 735 1752 igitur
761 1680 1259 1751 conquiescendum
1295 1679 1397 1733 fuit
1437 1694 1545 1734 una
1581 1695 1707 1734 cum
1743 1679 1851 1734 illis
1894 1678 1948 1732 in

2052 1226 2159 1280 rius
2204 1235 2409 1296 partes,
2458 1225 2767 1296 Europam,
2801 1226 2988 1281 Asiam
3035 1234 3090 1280 et
3124 1224 3366 1280 Africam
3409 1224 3683 1279 inunda-

2053 1328 2182 1374 runt
2211 1319 2513 1389 superfusis
2550 1319 2900 1374 examinibus
2929 1318 3255 1389 populorum
3289 1318 3498 1372 exinde
3524 1335 3679 1387 pro-

2055 1411 2359 1479 iectorum;
2392 1411 2665 1495 Cimbrica
2701 1426 2896 1479 nempe
2932 1411 3316 1466 Chersonesus
3355 1426 3385 1462 a
3431 1421 3679 1478 septen-

2057 1507 2231 1561 trione
2255 1522 2270 1570 ;
2296 1506 2364 1559 ab
2389 1514 2578 1559 austro
2599 1514 2778 1558 autem
2807 1503 3025 1567 Arabia,
3063 1519 3205 1573 quae,
3240 1503 3441 1559 saltem
3480 1503 3677 1570 Felix,

2055 1599 2350 1655 Peninsula
2401 1598 2632 1663 videtur,
2684 1597 2812 1652 hinc
2867 1598 2989 1652 sinu
3040 1596 3298 1663 Arabico,
3355 1598 3479 1652 sive
3513 1599 3677 1651 mari

2057 1693 2360 1764 Erythram,
2408 1691 2559 1746 illinc
2591 1691 2714 1746 sinu
2748 1691 3005 1755 Persico,
3038 1698 3154 1744 tum
3189 1689 3259 1744 ab
3306 1704 3524 1745 oceano
3556 1688 3667 1743 ln-

363 1774 650 1831 Sinaiticis
694 1774 865 1845 jugis,
923 1774 979 1827 in
1022 1773 1304 1828 montibus
1359 1772 1474 1837 Dei,
1536 1773 1589 1826 in
1638 1773 1840 1842 quibus
1871 1772 1948 1825 illi

2089 1759 2171 1842 ico
2198 1786 2377 1840 abluta
2407 1794 2462 1839 et
2486 1785 2851 1854 circumsepta
2872 1799 2887 1849 ;
2912 1799 3036 1838 cum
3075 1782 3286 1838 Petraea
3312 1793 3367 1837 et
3400 1782 3675 1849 Deseru;

363 1868 624 1922 solitariae
656 1867 782 1922 vita:
828 1866 1237 1937 praagustabant
1281 1866 1664 1921 suavissimam
1704 1865 1951 1920 dulcedi-

363 1977 512 2016 nem.
549 1960 736 2031 Itaque
758 1957 866 2013 Nili
919 1961 1115 2028 patria,
1142 1958 1382 2023 nomine,
1412 1958 1629 2022 studiis,
1669 1959 1948 2028 dignitate,

362 2051 616 2123 conjuge,
662 2050 1194 2124 prole-virtutibus,
1237 2049 1616 2115 conversione,
1652 2051 1949 2119 rebusque,

364 2145 545 2215 quoad
593 2144 812 2214 assequi
858 2143 1032 2213 potui,
1076 2142 1267 2211 gestis,
1312 2142 1594 2213 hucusque
1636 2144 1950 2209 transactis,

365 2236 700 2307 colligendus
729 2244 811 2291 est
837 2235 1052 2290 fructus
1078 2234 1313 2290 tirocinii
1350 2237 1660 2303 monastici,
1698 2237 1751 2291 in
1778 2253 1954 2308 eoque

367 2330 735 2400 percipiendo,
793 2338 847 2383 et
880 2328 1245 2397 excerpendo,
1290 2337 1345 2384 et
1383 2330 1647 2400 quidquid
1690 2332 1814 2385 vita:
1858 2347 1955 2385 su-

365 2425 567 2496 perfuit
597 2423 954 2487 recensendo,
982 2424 1133 2494 juvat
1165 2438 1383 2492 operam
1419 2439 1617 2478 navare
1647 2435 1948 2488 strenuam,

365 2520 541 2574 donec
581 2518 649 2572 ad
700 2526 899 2571 metam
949 2515 1294 2585 perveniam,
1348 2516 1707 2587 ultimamque
1751 2517 1954 2572 lineam

365 2610 586 2675 ducam,
617 2616 670 2664 et
707 2609 954 2678 sepulcra
986 2623 1338 2675 componam.

438 2700 740 2755 Intentator
769 2707 852 2753 est
884 2698 1152 2751 malorum
1183 2696 1326 2753 Deus
1346 2739 1360 2763 ,
1392 2698 1471 2753 uti
1515 2698 1708 2754 scribit
1736 2709 1958 2754 sanctus

364 2788 604 2846 Jacobus
652 2791 934 2859 apostolus
972 2790 1024 2843 in
1060 2789 1221 2857 epist.
1260 2807 1314 2855 v,
1358 2790 1442 2845 15.
1477 2790 1728 2845 Tentavit
1775 2799 1959 2845 tamen

367 2882 644 2937 Abraham
674 2880 810 2937 Gen.
847 2896 981 2946 χιιι,
1016 2881 1040 2933 1
1074 2895 1225 2950 seqq.
1272 2895 1436 2949 super
1488 2879 1639 2935 Isaac
1695 2880 1807 2935 ﬁlio
1858 2895 1960 2936 suo

370 2973 680 3045 unigenilo,
714 2989 874 3043 quem
915 2972 1175 3042 diligebat
1213 2973 1392 3039 unice,
1442 2982 1498 3027 ιιι
1541 2972 1628 3042 pia
1662 2972 1782 3041 ejus
1831 2974 1962 3027 obe-

2052 1893 2177 1932 nam
2209 1878 2263 1930 in
2296 1878 2397 1931 has
2431 1885 2541 1930 tres
2575 1884 2683 1929 tota
2725 1874 2987 1929 dividitur
3017 1873 3241 1939 Arabia,
3278 1889 3493 1943 perque
3525 1876 3676 1929 istas

2051 1971 2188 2025 duas
2214 1970 2454 2024 adhaeret
2484 1967 2817 2032 Palaestinas,
2851 1982 2917 2022 ac
2952 1967 3142 2039 Syriae,
3177 1982 3209 2021 a
3239 1982 3350 2037 qua
3375 1967 3671 2022 dirimitur

2052 2062 2328 2132 Euphrate
2362 2061 2525 2117 ﬁuvio
2547 2059 2925 2124 interfluente;
2960 2059 3371 2114 Chersonesum
3400 2059 3635 2113 Cimbri
3658 2090 3670 2097 -

2052 2172 2171 2211 cam
2204 2171 2234 2209 a
2268 2154 2504 2209 Cimbris
2545 2154 2747 2209 dictam
2798 2152 3015 2222 populis
3039 2192 3056 2217 ,
3104 2166 3216 2222 quo
3250 2152 3482 2206 nomine
3524 2150 3677 2206 Ger-

2056 2251 2200 2305 mani
2240 2257 2439 2303 vocant
2483 2249 2610 2310 τοὺς
2636 2247 2874 2318 λῃστάς,
2915 2247 2966 2301 id
2997 2254 3114 2311 est,
3155 2247 3431 2309 latrones,
3468 2247 3517 2300 si
3548 2262 3672 2315 qua

2054 2340 2186 2393 ﬁdes
2214 2338 2507 2393 Plutarcho
2554 2339 2609 2392 in
2638 2336 2847 2402 Mario,
2896 2338 3135 2391 arbitror
3176 2352 3301 2393 esse
3330 2338 3503 2391 ollam
3538 2353 3675 2392 suc-

2054 2445 2273 2485 censam
2298 2469 2312 2493 ,
2345 2443 2508 2498 quam
2554 2427 2879 2497 praeviderat
2916 2424 3183 2480 Jercmias
3217 2441 3249 2479 a
3298 2424 3445 2480 facie
3504 2428 3674 2495 aqui-

2057 2525 2198 2579 lonis
2223 2539 2274 2577 c.
2316 2538 2355 2587 ι,
2394 2537 2447 2574 v.
2485 2519 2572 2573 15.
2606 2518 2767 2573 Certe
2812 2516 3080 2579 Scandia,
3132 2518 3249 2571 sive
3285 2517 3673 2573 Scandinavia

2059 2616 2169 2683 (ita
2212 2614 2359 2669 enim
2399 2620 2750 2679 nuncupatur
2807 2609 2922 2663 inec
2969 2608 3259 2678 peninsula
3312 2610 3464 2662 inter
3513 2625 3676 2665 mare

2057 2709 2359 2772 Balticum,
2393 2722 2490 2761 seu
2533 2704 2815 2759 Codanum
2863 2702 3078 2767 sinum,
3116 2712 3173 2757 et
3212 2717 3495 2757 oceanum
3542 2719 3675 2773 sep—

2059 2799 2439 2858 tentrionalem
2475 2806 2702 2850 extensa
2744 2794 2919 2848 Plinio
2944 2802 2999 2847 et
3024 2792 3250 2863 Solino)
3293 2795 3677 2862 cognomina-

2062 2907 2150 2951 tur
2195 2893 2388 2962 vagina
2411 2890 2677 2962 gentium,
2701 2896 2755 2942 et
2780 2886 2995 2941 oﬁicina
3016 2886 3325 2950 nationum,
3354 2885 3492 2954 quia
3520 2884 3673 2939 sicut

2060 2988 2241 3044 innuit
2262 2984 2567 3040 Jornandes
2592 2982 2685 3052 (an
2715 2979 3023 3035 Gordianus
3057 2978 3348 3043 diaconus,
3380 2977 3481 3047 qui
3539 2978 3677 3033 scri-

369 3068 571 3123 dientia
601 3068 767 3138 676
800 3067 1121 3136 probaretur
1156 3064 1371 3119 saeculis
1403 3063 1458 3117 in
1491 3064 1741 3119 notitiam
1776 3064 1958 3134 prole—

2089 3081 2171 3136 »sit
2187 3080 2252 3133 de
2269 3079 2432 3132 rebus
2460 3073 2701 3129 Geticis?
2718 3074 2759 3137 ),
2779 3087 2845 3126 ex
2866 3086 2931 3126 ea
2956 3070 3215 3124 nimirum
3244 3068 3675 3125 innumerabilis

373 3160 560 3227 nenda;
597 3159 756 3229 idque
784 3158 1077 3213 observant
1107 3164 1329 3211 sanctus
1359 3156 1720 3226 Augustinus,
1738 3156 1837 3218 lib,
1870 3171 1959 3211 xvi

372 3251 449 3306 De
497 3252 709 3305 civitate
737 3250 851 3314 Dei,
892 3265 941 3305 c.
976 3250 1065 3313 52,
1099 3258 1151 3302 et
1191 3258 1414 3304 sanctus
1444 3247 1683 3304 Joannes
1719 3248 1963 3320 Chryso-

373 3354 608 3405 stomus,
645 3343 790 3397 hom.
819 3344 853 3397 4
878 3342 931 3395 in
969 3340 1179 3406 Genes.,
1208 3356 1315 3394 non
1348 3349 1528 3395 autem
1562 3340 1665 3409 ipsi
1713 3340 1841 3407 Deo,
1875 3341 1964 3395 cui

374 3446 504 3492 nota
556 3446 673 3491 erat
734 3435 854 3505 ejus
903 3434 1036 3489 ﬁdes
1090 3432 1414 3504 singularis.
1470 3432 1696 3487 Tentari
1745 3449 1966 3504 quoque

376 3532 625 3603 permisit
655 3529 799 3584 Deus
840 3544 1057 3583 servum
1106 3544 1267 3583 suum
1321 3526 1423 3583 Job
1462 3528 1602 3597 (toto
1632 3528 1771 3582 libro
1800 3526 1965 3597 Job),

377 3624 473 3680 sed
516 3624 688 3679 ﬁdelis
735 3623 1068 3685 Altissimus,
1134 3638 1313 3692 neque
1377 3621 1585 3691 patitur
1633 3636 1964 3691 quemquam

379 3716 577 3771 tentari
606 3731 773 3785 supra
803 3714 857 3769 id
890 3714 1034 3784 quod
1080 3722 1281 3784 potest,
1316 3713 1448 3768 facit
1486 3713 1651 3768 etiam
1687 3729 1812 3767 cum
1847 3724 1970 3768 ten-

378 3809 586 3863 tatione
616 3816 961 3877 proventum,
996 3806 1074 3860 sic
1098 3805 1243 3859 enim
1277 3807 1471 3875 probat
1503 3805 1651 3859 velut
1676 3807 1969 3876 explorans

376 3902 656 3971 justorum
697 3899 891 3961 ﬁdem,
932 3914 962 3953 e
1000 3907 1192 3953 sancto
1232 3898 1405 3953 Paulo
1435 3898 1480 3952 11
1505 3898 1630 3954 Cor.
1670 3915 1739 3963 x,
1777 3898 1882 3965 13;
1918 3906 1973 3951 et

380 4010 413 4048 e
442 4002 635 4049 sancto
681 3992 1023 4063 Augustino,
1054 4006 1218 4046 serm.
1247 4006 1286 4045 ιι
1335 3990 1414 4044 De
1464 3992 1630 4045 verbis
1676 3990 1889 4044 Domini
1918 3991 1975 4043 in

384 4085 699 4141 Mutthwum
722 4100 775 4150 x,
800 4093 859 4137 ut
887 4098 981 4139 eos
1002 4091 1248 4138 coronet.
1275 4080 1478 4136 Sancto
1500 4080 1790 4138 Ambrosio
1815 4090 1971 4145 teste,

382 4178 480 4233 lib.
513 4193 567 4231 ιν
620 4176 696 4230 De
736 4176 963 4243 Abrah.,
1015 4190 1065 4232 c.
1098 4173 1131 4228 8
1154 4214 1169 4238 ,
1219 4190 1320 4229 nec
1355 4174 1608 4240 sustinet,
1653 4174 1891 4245 sinitque
1920 4176 1975 4229 in

382 4272 739 4326 tentationem
787 4286 885 4325 eos
930 4269 1136 4333 induci,
1181 4269 1265 4322 vel
1304 4268 1615 4340 εἰσενέγκῃ.
1663 4276 1722 4321 ιιι
1753 4276 1978 4322 sanctus

385 4364 726 4435 Augustinus
753 4364 977 4433 exponit
1009 4378 1056 4417 c.
1089 4364 1143 4429 9,
1173 4362 1269 4417 lib.
1302 4378 1337 4416 ιι
1374 4361 1447 4415 De
1475 4378 1634 4415 serm.
1674 4360 1892 4415 Domini
1921 4364 1978 4414 in

2066 3167 2351 3223 hominum
2396 3162 2689 3219 multitudo
2738 3158 2971 3215 diversis
3020 3156 3361 3226 temporibus
3401 3158 3674 3225 prosiliit,

2065 3271 2121 3317 et
2151 3275 2247 3330 per
2284 3266 2481 3320 totum,
2527 3268 2691 3325 quam
2744 3252 2850 3306 late
2891 3258 3059 3321 patet,
3103 3248 3317 3303 telluris
3346 3247 3677 3303 habitabilis

2068 3356 2302 3425 spatium
2348 3351 2476 3406 inde
2521 3346 2927 3417 commigravit,
2981 3357 3116 3398 neve
3167 3350 3410 3409 repetam
3460 3340 3675 3396 effusos

2067 3448 2265 3504 exinde
2291 3443 2569 3504 Cimbros,
2606 3439 2940 3501 Ambronas,
2973 3446 3028 3491 et
3062 3434 3365 3496 Teutonas,
3402 3448 3430 3487 a
3466 3432 3675 3487 Catulo

2068 3542 2235 3595 variis
2275 3537 2477 3610 praeliis
2508 3534 2745 3597 attritos,
2781 3539 2837 3587 et
2866 3546 2895 3585 a
2926 3529 2987 3585 C.
3034 3527 3209 3582 Mario
3236 3527 3303 3581 ad
3332 3527 3676 3580 internecio-

2072 3645 2194 3683 nem
2238 3641 2413 3697 usque
2472 3623 2679 3678 deletos
2710 3622 2763 3675 in
2801 3618 3084 3691 provincia
3115 3614 3498 3679 Narbonense,
3540 3614 3672 3667 dum

2072 3719 2275 3774 Gallias
2303 3714 2603 3788 pervagati,
2628 3722 2684 3769 et
2714 3711 3086 3774 Germaniam,
3113 3708 3437 3762 invaderent
3459 3706 3672 3760 italiam

2073 3811 2177 3866 sub
2210 3823 2414 3864 annum
2451 3806 2520 3860 ab
2548 3804 2696 3860 Urbe
2725 3802 2945 3857 condita
2978 3799 3106 3865 650,
3140 3807 3195 3853 et
3223 3809 3351 3853 ante
3384 3796 3671 3851 Christum

2075 3912 2264 3957 natum
2294 3900 2428 3962 102,
2458 3896 2789 3953 testantibus
2829 3893 2993 3965 677
3045 3890 3327 3946 Plutarch.
3366 3892 3422 3945 in
3469 3888 3673 3953 Mario,

2075 4010 2129 4063 p.
2152 3991 2275 4058 HO;
2312 3990 2537 4055 Velleio,
2571 3989 2750 4053 lib.!n,
2782 4002 2904 4056 pag.
2940 3982 3337 4048 H9;Justino,
3363 3982 3460 4037 lib.
3482 3998 3673 4047 vam,

2078 4099 2201 4154 pag.
2241 4081 2385 4148 2%;
2434 4080 2640 4133 Annaeo
2682 4075 2880 4139 Floro,
2914 4074 3006 4129 lib.
3044 4089 3128 4128 ιιι.
3172 4090 3219 4128 c.
3258 4075 3311 4141 3;
3342 4072 3545 4139 Plinio,
3575 4074 3671 4130 lib.

2079 4191 2154 4240 ιν,
2181 4190 2231 4231 c.
2263 4174 2362 4239 l4;
2404 4172 2576 4226 Paulo
2618 4169 2838 4233 Orosio,
2864 4167 2960 4222 lib.
2993 4183 3051 4233 v,
3088 4181 3139 4220 (δ.
3177 4165 3276 4231 16;
3322 4163 3593 4233 Eutropio
3619 4164 3673 4218 in

2080 4268 2327 4338 Epitome
2352 4265 2611 4329 Liviana;
2656 4260 2968 4316 Berthaudo
3000 4260 3056 4313 in
3090 4257 3245 4312 Flor.
3288 4256 3436 4312 Gall.
3466 4259 3565 4312 lib.
3594 4275 3671 4321 ιιι,

2081 4378 2129 4416 c.
2162 4361 2215 4415 4.
2262 4360 2399 4415 Cum
2458 4358 2653 4411 Decius
2702 4353 2975 4423 Trajanus
3025 4352 3353 4421 imperaret,
3411 4348 3576 4404 Gothi
3609 4366 3673 4403 ex

386 4467 580 4521 monte,
615 4472 716 4511 nec
752 4456 975 4510 omnino
1020 4455 1280 4521 immittit,
1324 4470 1420 4509 seu
1458 4452 1719 4523 relinquit
1762 4453 1970 4521 virgam
2003 4452 2050 4509 D
2075 4453 2264 4508 eadem
2302 4449 2593 4520 peninsula
2622 4447 2750 4510 orti,
2785 4444 3115 4512 deductique
3138 4443 3194 4496 in
3224 4440 3537 4511 Scythiam,
3564 4451 3673 4494 tum

388 4560 734 4621 peccatorum
770 4564 936 4618 super
976 4557 1177 4602 sortem
1207 4548 1481 4618 justorum
1510 4588 1523 4612 ,
1558 4562 1588 4601 e
1622 4546 1761 4615 psal.
1792 4562 1975 4613 cxxtv,

388 4645 443 4709 5,
503 4653 561 4698 ιιι
610 4644 847 4713 explicat
902 4640 1352 4710 eloquentissime
1403 4649 1630 4694 sanctus
1686 4637 1979 4710 Gregorius

388 4737 787 4800 Nazianzenus,
815 4746 956 4790 orat.
990 4751 1027 4798 ι,
1068 4750 1119 4803 p.
1159 4734 1283 4788 588.

461 4830 712 4886 Tentavit
741 4830 905 4885 etiam
934 4829 1117 4882 Nilum
1154 4826 1297 4882 Deus
1328 4841 1491 4895 super
1522 4824 1636 4878 ﬁlio
1673 4839 1776 4879 suo
1801 4820 1984 4877 Theo-

388 4924 562 4991 dulo,
618 4931 678 4978 ut
741 4922 903 4977 ambo
961 4920 1313 4991 pretiosiores
1368 4917 1744 4971 invenirentur
1800 4929 1979 4981 auro,

390 5018 531 5088 quod
578 5032 674 5087 per
704 5017 883 5087 ignem
914 5016 1208 5085 probatur,
1243 5029 1274 5069 e
1304 5021 1496 5069 sancto
1543 5010 1702 5065 Petro
1751 5007 1805 5080 (l
1836 5007 1980 5063 Petr.

393 5125 440 5176 ι,
485 5107 881 5178 7).Cecinerat
922 5104 1223 5175 profanus,
1268 5112 1324 5159 et
1356 5102 1628 5172 relegatus
1672 5098 1763 5153 ille
1802 5106 1982 5166 poeta:

465 5212 679 5268 Scilicet
708 5220 763 5263 ut
796 5210 997 5279 fulvum
1029 5217 1297 5279 spectatur
1319 5209 1373 5261 in
1406 5207 1622 5279 ignibus
1643 5219 1870 5269 aurum,

542 5277 892 5352 Tempore‘sic
921 5277 1063 5334 duro
1085 5291 1160 5334 est
1191 5277 1516 5347 inspicienda
1549 5277 1701 5345 ﬁdes.

393 5388 659 5458 Hancque
713 5395 1093 5457 tempestatem
1142 5383 1504 5454 proccllosam
1555 5386 1849 5435 consecuta
1903 5383 1989 5431 est

396 5481 664 5537 mirabilis
706 5480 1104 5550 tranquillitas,
1146 5477 1410 5545 illaesique
1474 5474 1695 5528 fuerunt
1742 5472 1906 5524 ambo
1933 5471 1986 5523 in

402 5573 562 5640 aquis
607 5573 820 5633 validis.
847 5571 891 5625 ll
921 5571 1078 5626 Esdr.
1110 5586 1187 5634 ιχ,
1216 5570 1303 5622 ll.
1327 5567 1456 5621 Dnze
1486 5576 1614 5621 sunt
1643 5564 1987 5635 potissimum

404 5663 463 5717 in
500 5662 753 5718 universo
788 5675 1058 5718 terrarum
1091 5663 1225 5717 orbe
1264 5660 1548 5731 regiones,
1583 5674 1705 5729 quae
1737 5656 1902 5709 variis
1934 5654 1988 5707 in

400 5754 618 5810 saeculis
664 5765 774 5811 tres
809 5755 1142 5812 notissimas.
1179 5765 1231 5810 ct
1271 5755 1605 5809 coltmrcutes
1651 5750 1883 5806 invicem
1922 5748 1987 5801 il-

2082 4544 2232 4599 Getis
2275 4542 2523 4607 immisti,
2556 4541 2829 4610 Gothique
2866 4537 3145 4608 appellati,
3176 4536 3335 4606 quasi
3372 4535 3591 4605 γόητες,
3623 4536 3673 4588 id

2081 4642 2166 4687 est
2192 4632 2358 4701 magi,
2381 4630 2495 4685 sive
2529 4630 2920 4692 incantatores,
2945 4641 3071 4680 eum
3102 4624 3450 4679 devicerunt.
3493 4623 3614 4677 Mox
3643 4639 3673 4675 a

2084 4722 2331 4788 Claudio,
2372 4719 2665 4788 Proboque
2715 4718 2932 4783 domiti,
2964 4725 3019 4771 et
3046 4715 3239 4772 crediti
3291 4714 3411 4785 Gog
3463 4724 3518 4769 et
3568 4714 3675 4767 Ma-

2084 4830 2207 4885 gog,
2273 4828 2412 4884 quos
2473 4811 2869 4883 prienuntiarat
2939 4808 3190 4864 Ezechiel
3240 4823 3293 4864 c.
3353 4823 3567 4861 xxxvnt
3625 4818 3673 4862 et

2084 4919 2274 4970 xxxix,
2300 4913 2355 4959 et
2384 4904 2451 4959 de
2473 4904 2677 4973 quibus
2699 4901 2811 4971 agit
2838 4910 3067 4955 sanctus
3085 4896 3349 4963 Joannes,
3375 4898 3665 4967 Apocalyp.

2084 5015 2178 5063 xx,
2216 4998 2281 5065 7;
2326 5006 2551 5052 sanctus
2581 4996 2927 5065 Augustinus
2976 4993 3077 5049 lib.
3131 5007 3201 5045 xx
3258 4991 3337 5046 De
3382 4991 3531 5045 civit.
3567 4991 3669 5054 Dei,

2087 5107 2138 5145 c.
2164 5090 2249 5155 ll;
2269 5088 2522 5152 Orosius,
2552 5087 2648 5141 lib.
2668 5100 2767 5149 vn,
2791 5100 2841 5140 c.
2860 5084 2952 5149 59,
2976 5083 3312 5152 fortunaque
3334 5097 3463 5135 cum
3485 5081 3673 5135 Roma-

2087 5184 2173 5237 nis
2216 5183 2335 5236 orbi
2393 5180 2805 5237 dominantibus
2838 5194 2987 5231 nunc
3026 5190 3311 5245 prospera,
3354 5175 3675 5243 quandoque

2088 5276 2316 5331 adversa
2364 5282 2667 5344 pugnantes
2712 5271 2994 5325 Valentem
3042 5268 3323 5331 fuderunt,
3360 5268 3493 5321 dein
3540 5264 3671 5319 Cou-

2090 5367 2502 5436 stantinopolim
2536 5365 2893 5426 obsederunt,
2943 5360 3071 5415 inde
3112 5358 3342 5412 Romam
3394 5368 3665 5429 ceperunt,

2088 5471 2143 5517 et
2163 5461 2522 5515 obtinuerunt
2542 5458 2645 5513 sub
2668 5456 2909 5525 regibus,
2934 5456 3109 5509 donec
3132 5468 3161 5506 a
3189 5450 3421 5505 Narsete
3447 5452 3667 5513 subacti,

2089 5564 2143 5610 et
2177 5551 2520 5609 exterminati
2563 5552 2781 5606 fuerunt
2811 5565 2867 5603 ιιι
2904 5547 3082 5601 italia.
3113 5546 3245 5612 Quze
3272 5555 3459 5597 autem
3490 5558 3670 5597 eorum

2090 5647 2273 5717 portio
2320 5646 2377 5699 in
2423 5643 2776 5699 Narbonense
2824 5640 3104 5711 provincia
3159 5635 3502 5693 subsederat.
3555 5652 3668 5704 qua

2094 5741 2163 5796 ab
2212 5740 2297 5794 his
2344 5734 2658 5806 Langolbite
2712 5747 2917 5790 nomen
2954 5731 3058 5788 fuit
3104 5730 3327 5793 sortita,
3377 5736 3570 5797 postra
3618 5727 3669 5781 in
