3816 6220
166 260 322 325 1105

1496 268 1596 329 DE
1631 270 1804 331 VITA
1840 272 1901 333 S.
1932 273 2096 334 NILI

3340 281 3475 345 1106

158 374 496 447 Hispaniam
556 385 897 467 transgressa
951 393 1076 435 cum
1140 381 1326 438 Alanis
1388 392 1443 439 et
1494 384 1766 451 Vandalis,
1798 392 2238 461 Acalipharum,
2290 408 2418 449 mox
2476 394 2838 452 Sultauorum
2881 398 3046 454 ductu
3092 398 3479 456 sibisubdide-

157 469 472 539 gentilibus
502 470 657 538 suis,
688 482 743 526 et
785 471 1145 540 Gothalauiaa,
1196 492 1293 530 seu
1334 475 1631 532 Cataloniae
1677 494 1775 534 no-

160 577 303 615 men
343 562 512 628 dedit,
545 571 599 615 et
642 563 990 619 Vandalusire
1022 565 1310 636 imposuit,
1338 578 1392 623 et
1419 568 1473 623 in
1504 568 1776 624 Tarraco-

157 652 362 716 nensi,
412 668 478 708 ac
520 651 786 709 Toletana
842 671 1070 725 regnum
1121 658 1424 713 Gothorum
1466 662 1771 725 constituit,

154 746 321 813 quod
356 746 426 802 ad
460 748 776 803 Austriacos
825 752 1112 819 pervenit:
1164 750 1393 807 Vandali
1436 755 1596 809 etiam
1647 756 1773 811 inde

157 836 512 906 trajicientes
540 838 593 892 in
627 837 888 905 Africam,
924 856 987 895 ea
1026 841 1203 911 potiti,
1254 842 1488 899 Romam
1534 845 1774 915 diripue-

154 939 324 993 runt,
353 938 409 983 et
432 929 673 985 Africam
714 943 1076 1002 occuparunt,
1101 950 1389 1005 quousque
1446 936 1768 1006 Belisarius,

148 1021 327 1089 jussu
351 1021 645 1078 Justiniani
668 1026 899 1096 Augusti
925 1042 1021 1082 eos
1052 1026 1301 1082 abolerit.
1343 1027 1422 1085 Ne
1460 1046 1769 1087 recenseam

153 1115 397 1179 Gallias,
441 1116 494 1170 iu
538 1118 739 1188 quibus
766 1119 945 1174 adhuc
972 1136 1155 1176 rerum
1198 1122 1485 1187 potiuntur
1518 1123 1711 1181 Franci
1738 1141 1769 1180 e

158 1204 575 1274 Scandinavia,
630 1224 725 1265 seu
773 1208 1045 1267 Cimbrica
1088 1212 1435 1272 Chersoneso
1491 1220 1766 1288 progressi

154 1303 364 1365 etiam,
399 1304 809 1373 propagatique,
837 1304 917 1359 uti
947 1306 1239 1363 Turnebus
1269 1310 1502 1365 allirniat
1523 1327 1644 1381 cap.
1674 1312 1765 1374 57,

153 1394 266 1450 lib.
302 1411 428 1449 xxw
453 1395 743 1451 Adversar.
771 1405 1060 1467 postquam
1091 1399 1143 1454 in
1173 1399 1522 1455 Germaniam
1553 1402 1759 1467 diﬁusi,

155 1489 499 1543 commorati
544 1489 779 1545 fuissent
826 1491 1048 1556 ibidem,
1095 1501 1150 1547 et
1196 1491 1517 1549 Franconia:
1563 1511 1764 1551 nomen

154 1580 521 1646 indidissent,
576 1581 847 1654 Belgicam
900 1585 1179 1655 aggressi,
1220 1586 1476 1642 Celticam
1525 1604 1763 1658 quoque,

154 1690 229 1729 ac
255 1675 669 1744 Aquitanicam,
708 1674 1234 1749 Narbonensemque
1263 1691 1547 1749 ceperunt,
1583 1691 1636 1735 et
1669 1682 1766 1737 ilo-

153 1771 547 1827 rentissimum
596 1786 825 1843 regnum
873 1771 1281 1842 fundaverunt;
1318 1793 1419 1833 nec
1468 1779 1616 1833 enim
1656 1784 1768 1835 An-

154 1862 314 1933 glos,
352 1864 448 1933 qui
492 1863 820 1931 Britannias,
875 1881 976 1922 nec
1004 1865 1432 1937 Longobardos,
1467 1871 1560 1940 qui
1603 1888 1770 1928 occu-

151 1962 371 2024 parunt
402 1952 609 2008 Italiam
639 1956 991 2025 postmodum
1021 1959 1465 2013 commemorabo
1490 2002 1504 2024 ,
1558 1963 1770 2031 regnis-

154 2058 277 2113 que
305 2044 382 2098 ibi
414 2044 650 2099 conditis
670 2046 923 2101 eamdem
944 2047 1210 2117 originem
1240 2060 1575 2118 agnoscunt;
1606 2054 1770 2108 omit-

155 2148 285 2192 tam
336 2149 601 2209 praeterea
659 2139 927 2208 Herulos,
984 2141 1344 2214 Burgundos,
1401 2144 1765 2211 Normannos,

155 2229 428 2292 nmmos,
455 2229 743 2302 Bulgaros,
776 2243 831 2288 et
859 2235 998 2290 alios
1030 2236 1280 2307 populos,
1313 2237 1405 2307 qui
1431 2254 1497 2292 ex
1526 2254 1591 2293 eo
1622 2238 1768 2294 fonte

156 2333 501 2387 manarunt,
541 2325 873 2396 nominaque
922 2342 1022 2382 sua
1087 2338 1389 2398 posuerunt
1420 2330 1473 2382 in
1512 2330 1692 2385 terris.

238 2416 325 2469 Ad
374 2416 628 2470 Arabiam
664 2432 748 2471 me
778 2428 1060 2485 converto,
1110 2436 1233 2490 qua:
1271 2420 1428 2490 quasi
1472 2420 1658 2490 Ereps,
1712 2421 1765 2476 id

154 2511 276 2567 est,
322 2502 551 2558 occidua
585 2513 641 2559 et
690 2506 1001 2571 tenebrosa,
1051 2515 1110 2561 ut
1146 2507 1386 2579 Scaliger
1422 2510 1539 2564 vult
1576 2510 1629 2563 in
1665 2509 1767 2566 Fe-

156 2605 341 2661 stum,
387 2596 442 2649 in
474 2611 639 2666 quant
686 2596 979 2668 Pompeius
1027 2608 1340 2669 penetrans,
1376 2599 1655 2671 Agarenos
1684 2603 1764 2657 vir

155 2697 342 2755 cerat,
395 2686 698 2745 Saracenos
725 2692 848 2745 dein
883 2693 1182 2761 appellatos
1222 2708 1328 2747 non
1364 2694 1433 2747 ab
1480 2694 1626 2764 Agar
1667 2711 1765 2749 an-

155 2781 318 2845 cilla,
357 2781 436 2837 vel
462 2780 598 2837 Sara
625 2799 795 2838 uxore
822 2784 1143 2849 Ahrahami,
1176 2799 1206 2838 a
1235 2800 1340 2855 qua
1374 2801 1433 2841 se
1457 2786 1764 2856 gloriaban-

159 2884 264 2929 tur
282 2875 598 2945 progenitos
622 2875 672 2947 (e
704 2875 1062 2948 Sozomeuo),
1089 2893 1279 2931 verum
1312 2892 1341 2931 a
1373 2893 1505 2933 voce
1529 2879 1761 2933 Arabica

157 2968 371 3035 Sarak,
413 2969 569 3038 quasi
606 2967 839 3032 furaces,
873 2981 926 3024 et
960 2971 1311 3041 λῃστρικούς,
1337 2987 1367 3025 e
1399 2969 1677 3042 Scaligero
1705 2974 1761 3027 in

1878 492 2007 538 runt
2045 499 2194 539 anno
2238 484 2364 550 654,
2397 496 2451 540 et
2481 485 2757 542 Persidem
2807 503 2954 543 anno
3003 490 3129 556 659,
3162 490 3275 544 imo
3304 501 3472 546 totam

1874 574 2240 631 obtinuerunt
2286 576 2551 644 Africam,
2583 587 2639 633 et
2665 580 2908 648 depulsis
2945 578 3230 646 Romanis,
3267 581 3474 636 Mauri-

1873 667 2074 731 tanias,
2114 676 2169 723 et
2196 666 2510 723 Numidiam
2532 711 2546 733 ,
2578 671 2837 740 mistique
2870 670 3131 727 Vaudalis
3176 674 3248 727 ibi
3280 689 3473 743 super-

1872 763 2123 827 stitibus,
2161 765 2585 820 communicatis
2625 767 2941 822 nominibus
2964 807 2979 831 ,
3010 768 3088 821 uli
3124 770 3473 837 superstitio-

1871 855 2054 921 nibus,
2109 856 2313 911 Christi
2367 856 2582 912 Domini
2632 857 2975 913 divinitatem
3023 860 3378 930 abuegantcs.
3418 863 3472 917 in

1871 947 2162 1018 Hispanias
2186 951 2541 1020 trajecerunt,
2568 962 2621 1005 et
2651 951 2702 1005 in
2734 952 2959 1016 Gallias,
2992 952 3165 1009 donec
3189 970 3283 1008 eos
3305 955 3473 1009 Carn-

1869 1038 1957 1095 lus
1988 1039 2253 1096 Martialis
2287 1057 2354 1095 an
2387 1040 2616 1097 Tudes?
2661 1052 2768 1095 tam
2817 1044 3016 1097 celebri
3054 1046 3338 1109 contudit,
3374 1062 3473 1099 cx-

1869 1135 2172 1203 stinxitque
2207 1134 2413 1203 praelio.
2451 1132 2564 1188 lmo
2601 1132 2843 1188 Siciliam
2868 1176 2882 1201 ,
2930 1144 2984 1189 et
3026 1134 3255 1190 Romam
3295 1139 3469 1206 ipsam

1868 1226 2243 1295 diripuerunt,
2300 1242 2364 1280 ac
2414 1235 2728 1291 vastarunt,
2780 1243 3146 1298 magnamque
3193 1228 3460 1283 Graeciam

1867 1321 2237 1373 detinuerunt.
2268 1319 2393 1373 Ideo
2418 1317 2677 1388 Vaginam
2712 1319 3097 1384 Vandalorum,
3129 1321 3179 1375 id
3208 1330 3330 1386 est,
3365 1320 3468 1375 Sa-

1867 1426 2212 1472 racenorum,
2236 1426 2329 1464 seu
2353 1410 2664 1465 Maurorum
2689 1412 2793 1465 sub
2830 1411 3030 1465 Carolo
3063 1411 3258 1482 Magno
3300 1413 3469 1468 fuisse

1866 1502 1927 1556 P.
1963 1502 2200 1557 Cucsnai
2235 1503 2288 1555 in
2317 1502 2483 1557 Maria
2520 1502 2837 1573 Magdalena
2868 1502 3206 1559 Massiliense
3236 1504 3466 1569 advena,

1866 1608 1919 1661 p.
1954 1593 2079 1657 562,
2116 1594 2317 1647 dictam
2350 1593 2518 1648 fuisse
2546 1592 2787 1647 Africam
2823 1593 3076 1659 aﬁirmat,
3108 1604 3165 1649 et
3214 1610 3315 1665 ego
3347 1595 3469 1651 fuse

1864 1688 2040 1757 probo
2072 1687 2124 1741 iii
2158 1685 2541 1741 Dissertatione
2570 1687 2633 1739 de
2661 1686 2981 1756 patrimonio
3038 1696 3185 1757 pont.
3221 1687 3374 1742 Rom.
3407 1690 3464 1743 in

1870 1780 2105 1850 provinc.
2146 1777 2509 1833 Narbonense.
2551 1781 2724 1833 Antea
2756 1779 3117 1848 prmiuserant
3164 1779 3334 1836 variis
3371 1796 3468 1835 ex-

1871 1870 2221 1927 cursionibus
2254 1880 2514 1925 vexantes
2548 1868 2787 1941 Syriam,
2816 1877 2870 1925 et
2896 1869 3267 1932 Palaestinam,
3305 1871 3468 1926 habi-

1872 1972 2046 2017 tantes
2073 1962 2124 2016 in
2156 1962 2428 2026 tentoriis,
2455 1960 2607 2016 Isaiae
2635 1978 2752 2028 xm,
2772 1963 2866 2018 20.
2901 1961 3169 2017 Latrones
3200 1962 3465 2027 Arabum,

1868 2055 1961 2124 qui
2016 2063 2192 2109 castra
2230 2055 2560 2119 invaserant,
2616 2070 2808 2110 omnes
2860 2054 3100 2123 majores
3149 2065 3278 2108 natu
3326 2054 3467 2109 ﬁlios

1866 2146 2051 2201 Joram
2111 2149 2255 2217 regis
2287 2145 2425 2201 Juda
2477 2145 2890 2212 interfecerunt,
2937 2147 3178 2201 Arabum
3236 2147 3464 2213 scilicet,

1866 2241 1960 2310 qui
2012 2240 2256 2294 conﬁnes
2309 2247 2437 2293 sunt
2494 2238 2887 2309 IEthiopibus;
2950 2255 3076 2293 nam
3128 2240 3329 2307 duplex
3381 2248 3468 2295 est

1866 2332 2184 2403 Ethiopia:
2219 2342 2342 2403 post
2374 2332 2665 2403 Egyptum
2714 2333 2903 2397 altera,
2942 2332 2995 2385 in
3049 2332 3249 2384 ﬁnibus
3296 2330 3467 2384 Palae-

1866 2427 2044 2492 stinae,
2094 2440 2191 2480 seu
2230 2425 2409 2477 Terra:
2444 2426 2657 2478 Sanctae
2689 2432 2743 2477 et
2782 2423 2971 2487 Sinai;
3033 2423 3161 2485 alia,
3200 2424 3313 2475 sive
3351 2422 3465 2476 Illa-

1864 2517 2012 2579 dian,
2046 2532 2075 2569 a
2107 2529 2214 2585 qua
2244 2513 2488 2583 Sephora
2514 2529 2652 2568 uxor
2680 2512 2911 2583 Moysis,
2945 2510 3285 2581 Ethiopissa
3318 2511 3464 2567 dicta

1863 2624 1913 2664 c.
1955 2624 1991 2662 ll
2021 2606 2189 2661 Exod.
2217 2614 2268 2660 et
2297 2620 2347 2660 c.
2374 2620 2448 2659 xu
2470 2604 2756 2659 Nuineror.
2787 2602 2859 2657 De
2881 2604 2984 2657 hac
3016 2603 3068 2657 in
3107 2603 3242 2670 psal.
3277 2617 3461 2657 van:

1868 2697 2173 2766 uEthiOpia
2193 2695 2483 2767 praeveniet
2500 2709 2697 2748 manus
2716 2692 2836 2763 ejus
2860 2693 2988 2758 Deo,
3004 2711 3021 2743 ι
3044 2692 3133 2745 ubi
3154 2690 3464 2745 Geuebrar-

1861 2793 1983 2859 dus,
2034 2792 2156 2846 vide
2189 2790 2447 2844 Allatium
2504 2787 2985 2843 in-IIexaemerum
3036 2785 3284 2840 Ettslalh.
3339 2801 3463 2855 pag.

1861 2886 1997 2950 328;
2029 2894 2264 2954 quatuor
2278 2881 2516 2936 Arabum
2544 2896 2741 2952 genera
2760 2879 3023 2935 describit
3042 2879 3117 2932 La
3141 2878 3291 2933 Valle
3321 2886 3462 2947 part.

1861 2995 1944 3043 ιιι,
1976 2978 2133 3046 epist.
2165 2976 2253 3040 ll,
2291 2990 2343 3044 p.
2367 2973 2492 3037 482,
2527 2972 2622 3041 qui
2655 2970 2926 3041 hodieque
2955 2981 3297 3041 grassantur.
3347 2968 3456 3022 Sed

155 3057 368 3113 Euseb.
410 3060 659 3130 Χρονικ.,
686 3061 816 3130 quin
864 3071 917 3115 et
975 3062 1225 3116 Scenitas
1267 3079 1296 3116 a
1338 3064 1605 3128 tentoriis.
1657 3066 1760 3119 sub
1786 3086 1829 3143 ο
1864 3071 1929 3123 ad
1975 3082 2187 3123 comvos
2233 3063 2339 3119 Nili
2386 3063 2783 3131 regrediamur,
2823 3077 2963 3132 quos
2999 3061 3143 3115 inter
3188 3059 3464 3130 Vopiscus

155 3150 372 3219 quibus
408 3151 633 3219 degunt,
687 3162 1031 3222 nuncupatos
1066 3155 1176 3208 ἀπὸ
1221 3154 1331 3207 τῶν
1376 3154 1613 3225 σκηνῶν.
1652 3159 1765 3211 Au-

156 3248 368 3312 gustus
395 3257 489 3296 eos
520 3243 779 3307 tentavit,
810 3254 1037 3299 canente
1067 3243 1333 3314 Virgilio:

243 3332 432 3390 Omnis
462 3334 666 3401 Arabs,
696 3351 874 3391 omnes
908 3346 1173 3392 verterunt
1204 3346 1350 3407 terga
1390 3336 1586 3393 Sabini.

1229 3428 1448 3485 zEneid.
1492 3431 1585 3485 lib.
1620 3448 1695 3487 ix.

241 3516 577 3589 ...Inferre
622 3528 817 3591 parant
865 3518 1210 3591 lacrymabile
1263 3521 1484 3589 bellum,

382 3612 693 3668 Hircam‘sve
733 3612 1010 3667 Arabisve.

1347 3705 1568 3761 /Eneid.
1598 3722 1689 3762 vn.

158 3797 244 3851 At
272 3794 584 3865 Propertius
618 3794 671 3849 in
697 3792 847 3865 Eleg.
882 3799 951 3849 ad
980 3792 1189 3848 Musam
1222 3794 1316 3849 lib.
1348 3812 1405 3857 ιι.

390 3884 459 3939 Et
486 3886 674 3939 domus
707 3886 924 3939 intacta:
961 3893 1009 3939 te
1032 3886 1209 3939 tremit
1246 3887 1477 3942 Arabiw.

158 3978 445 4048 Trajanus
487 3978 745 4033 Arabiam
788 3977 1049 4032 domitam
1081 3976 1287 4047 redegit
1330 3978 1382 4031 in
1430 3976 1763 4046 provinciam

158 4070 391 4125 obtritis
440 4068 738 4139 Agarenis,
792 4067 961 4139 678
1003 4074 1058 4121 et
1112 4080 1309 4136 magna
1359 4065 1479 4135 ejus
1528 4067 1764 4136 regionis

158 4168 329 4233 parte
357 4168 617 4229 occupata
644 4175 658 4225 ;
693 4167 922 4214 testatur
954 4158 1005 4213 id
1039 4156 1237 4212 Sextus
1271 4156 1463 4212 Rullus
1484 4198 1499 4223 ,
1533 4166 1587 4211 et
1618 4158 1762 4211 anti-

159 4267 345 4323 quum
380 4252 689 4315 numisma,
732 4251 786 4305 in
825 4264 937 4321 quo
967 4250 1194 4321 legitur,
1226 4249 1432 4304 Arabia
1467 4249 1759 4319 acquisita.

160 4348 381 4399 Novam
411 4344 607 4399 deinde
642 4342 983 4413 provinciam
1016 4341 1143 4397 fecit
1189 4339 1424 4395 Severus
1456 4340 1757 4410 Augustus,

1866 3161 2113 3216 nominat
2162 3158 2453 3213 Blemmies
2489 3165 2677 3227 gentes
2720 3153 2989 3209 Barbaras
3029 3153 3084 3207 in
3131 3152 3451 3214 Aureliano,

1864 3263 1919 3306 et
1954 3250 2195 3315 Plinius,
2255 3249 2350 3302 lib.
2391 3264 2446 3313 v,
2494 3262 2544 3303 c.
2606 3246 2663 3310 8,
2710 3245 2960 3316 Blcmyes
3011 3254 3171 3299 vocat
3232 3243 3465 3313 populos

1865 3340 2160 3411 Ethiopiae
2206 3354 2399 3395 versus
2442 3347 2690 3394 austrum
2722 3352 2752 3391 a
2794 3335 2980 3405 Blemg
3029 3350 3137 3389 uno
3164 3350 3195 3390 e
3228 3336 3465 3389 ducibus

1867 3434 2110 3506 Dionysii
2148 3448 2343 3487 nomen
2382 3438 2691 3494 mutuatos,
2725 3444 2756 3483 e
2807 3426 3116 3491 Strabone,
3153 3427 3190 3480 I.
3227 3443 3375 3489 mi,
3409 3435 3465 3481 et

1868 3524 2129 3594 Steplian.
2174 3521 2249 3576 De
2275 3519 2447 3575 urbib.
2481 3519 2752 3589 capitibus
2804 3522 3077 3571 carentes.
3129 3516 3466 3569 Claudianus

1865 3615 2011 3671 feros
2036 3616 2257 3676 vocitat,
2275 3620 2329 3665 et
2349 3612 2492 3664 locat
2515 3610 2653 3663 inter
2674 3606 2890 3662 Meroen
2915 3622 2978 3660 ac
3001 3606 3236 3676 Syenen,
3253 3604 3305 3657 in
3328 3603 3465 3656 Car-

1866 3710 2003 3761 mine
2051 3706 2117 3759 de
2170 3703 2320 3758 Nilo.
2358 3704 2606 3773 Blemyas
2639 3700 2857 3770 subegit
2888 3698 3120 3763 Probus,
3165 3711 3465 3764 eorumque

1863 3800 2107 3866 captivos
2126 3795 2353 3850 Romam
2380 3794 2705 3859 transmisit,
2728 3793 2821 3862 qui
2848 3791 3154 3845 mirabilem
3177 3790 3261 3844 sui
3284 3790 3462 3841 visum

1864 3890 2103 3960 stupenti
2127 3890 2329 3960 populo
2357 3888 2607 3942 Romano
2626 3889 2997 3957 praebuerunt;
3024 3883 3092 3937 de
3117 3883 3202 3937 his
3229 3882 3332 3937 ista
3360 3881 3466 3934 Ma-

1865 3982 2151 4037 mertinius
2181 3982 2319 4035 dixit
2348 3980 2405 4034 in
2433 3979 2775 4034 Genethliaco
2808 3975 3190 4031 Maximiliani.
3213 3973 3327 4027 Non
3348 3975 3466 4027 istae

1864 4074 2026 4128 modo
2047 4115 2064 4142 ,
2095 4074 2325 4143 aliaeque
2358 4082 2546 4145 gentes
2582 4072 2813 4137 viribus,
2848 4069 3131 4140 armisque
3166 4067 3463 4129 terribiles,

1860 4165 2028 4236 679
2064 4165 2259 4221 ﬁducia
2311 4166 2592 4221 instructae
2623 4164 2693 4219 ad
2750 4163 3046 4235 perniciem
3101 4158 3459 4215 humanitatis

1863 4266 2111 4323 utuntur,
2131 4257 2222 4311 sed
2237 4257 2401 4312 etiam
2420 4256 2611 4311 Blemii
2636 4258 2719 4326 (ut
2737 4256 2924 4327 audio)
2952 4254 3162 4309 levibus
3197 4253 3359 4307 modo
3376 4266 3466 4306 as-

1864 4349 2003 4403 sueti
2028 4349 2238 4419 sagittis
2264 4350 2529 4405 adversus
2558 4348 2868 4419 jEtliiopes,
2893 4354 3165 4417 quaerunt,
3203 4361 3325 4414 qua:
3355 4360 3464 4397 non

164 4438 270 4509 qui
314 4436 418 4491 sibi
453 4437 669 4492 littllum
698 4434 916 4489 ArabiCi
948 4434 1267 4504 assumpsit.
1300 4444 1358 4488 ιιι
1400 4433 1452 4487 ill
1485 4433 1763 4504 Apparalu
1800 4442 1842 4496 D
1872 4438 2073 4494 habent
2096 4454 2269 4505 arma,
2294 4448 2349 4494 et
2376 4454 2515 4508 pene
2547 4439 2711 4495 nudis
2736 4437 2878 4493 odiis
2896 4437 3084 4508 praelia
3122 4434 3463 4490 iuternecina

165 4531 441 4587 historico
462 4545 625 4584 arcus
647 4527 995 4597 triumphalis
1025 4528 1191 4582 erecti
1215 4527 1283 4580 ad
1306 4526 1480 4595 ipsius
1504 4526 1768 4581 honorem

167 4624 455 4679 adnotavi.
488 4621 844 4694 Vagabantur
875 4620 1095 4690 quidem
1123 4620 1351 4682 Arabes,
1381 4635 1478 4675 seu
1509 4616 1771 4680 Saraceni

168 4732 412 4787 semper,
444 4724 497 4771 et
521 4715 575 4770 in
608 4714 788 4770 vicina
820 4713 1186 4768 excurrebant
1213 4710 1431 4781 oppida,
1468 4711 1768 4781 vicosque;

166 4818 334 4877 rapto
361 4809 639 4873 viventes,
672 4807 994 4877 praedasque
1034 4814 1419 4861 convectantes
1446 4848 1460 4869 ,
1493 4807 1627 4874 quin
1656 4806 1771 4859 via-

170 4899 389 4955 toribus
434 4899 775 4955 insidiantes.
805 4896 1182 4967 Nomadesque
1228 4897 1373 4951 sicut
1421 4896 1636 4967 Scytha:
1676 4897 1773 4950 de-

170 4992 443 5046 nominati
465 5000 614 5056 sunt,
645 5000 702 5045 ut
732 4991 913 5061 arguit
940 4989 1002 5043 P.
1031 4990 1306 5045 Combelis
1354 4990 1420 5043 ad
1450 4988 1691 5044 Nicetam
1716 4989 1771 5044 in

172 5082 303 5138 Vita
333 5085 505 5139 sancti
536 5083 821 5155 Hyacinthi
847 5083 1207 5145 Amastrien.,
1228 5081 1399 5152 p.15;
1434 5081 1771 5135 Romanum-

172 5190 288 5245 que
317 5176 665 5230 incesserunt
702 5174 993 5244 imperium
1017 5214 1032 5238 ,
1080 5189 1315 5228 excusso
1342 5174 1495 5243 jugo,
1528 5174 1772 5243 magnis-

172 5281 287 5337 que
323 5282 448 5321 cum
487 5268 662 5337 copiis
689 5267 983 5331 irruentes,
1032 5266 1428 5321 lsmaelitarum
1468 5266 1642 5321 ascito
1674 5280 1773 5320 no-

177 5359 328 5413 mine
376 5360 444 5413 ab
483 5358 740 5424 lsmaele,
776 5369 899 5428 post
928 5358 1408 5429 Mahometis,qui
1453 5372 1549 5427 per
1581 5372 1775 5413 ascen-

176 5466 361 5507 sorem
401 5453 594 5506 cameli
632 5452 843 5507 videtur
889 5451 1164 5522 designari
1216 5450 1370 5506 Isaiae
1416 5466 1530 5517 ut,
1563 5451 1616 5513 8,
1664 5466 1772 5505 non

177 5543 357 5600 solum
393 5543 666 5615 Hegiram,
714 5560 809 5599 seu
846 5542 1052 5609 fugam,
1103 5559 1292 5597 verum
1324 5544 1490 5597 etiam
1540 5550 1773 5597 mortem

177 5636 462 5704 Cynicam,
512 5650 565 5691 et
606 5636 805 5692 fabulis
851 5638 1239 5699 inumbratam,
1290 5651 1382 5689 an.
1426 5636 1487 5689 C.
1537 5635 1602 5689 N.
1651 5638 1775 5705 plus

177 5728 363 5785 minus
390 5728 487 5785 651
520 5747 535 5797 ;
570 5745 693 5785 nam
728 5728 938 5802 Syriam
963 5739 1014 5785 ct
1042 5727 1337 5801 Aigyptum
1364 5729 1770 5785 Saracenorum:

1872 4530 2241 4585 committunt.
2269 4530 2344 4585 De
2372 4530 2456 4586 bis
2481 4528 2747 4600 Sulpitius
2794 4529 3029 4584 Severus
3052 4526 3180 4581 dial.
3208 4526 3260 4589 1,
3287 4541 3335 4579 c.
3366 4525 3393 4577 1
3407 4524 3459 4577 5.

1871 4618 2178 4675 Prmmonui
2216 4618 2421 4674 dudum
2470 4636 2524 4690 p.
2557 4620 2680 4682 659,
2727 4619 2830 4674 sub
2859 4618 3086 4687 imperio
3125 4614 3462 4677 Diocletiani,

1871 4722 1926 4767 et
1954 4711 2113 4768 Petro
2146 4712 2405 4783 episcopo
2442 4710 2870 4766 Alexandrinam
2912 4708 3212 4763 Ecclesiam
3247 4716 3466 4775 regente

1872 4812 2131 4875 martyre,
2180 4804 2277 4873 qui
2327 4802 2587 4857 occubuit
2640 4816 2785 4857 anno
2812 4800 2875 4857 C.
2903 4798 2970 4855 N.
2995 4800 3126 4865 510,
3163 4800 3466 4854 monachos

1874 4912 2104 4952 summa:
2154 4898 2375 4952 virtutis
2405 4912 2470 4951 ac
2498 4896 2805 4951 sanctitatis
2834 4894 2889 4949 in
2922 4894 3217 4949 solitudine
3251 4892 3468 4947 Thecue

1874 4989 2231 5059 interemptos
2259 5005 2291 5043 a
2320 4988 2759 5044 discurrentibus
2810 4986 3212 5043 Saracenorum
3260 4985 3469 5039 latrun-

1874 5081 2017 5136 culis
2060 5096 2092 5135 e
2140 5081 2432 5136 collatione
2463 5080 2497 5135 6
2545 5080 2797 5135 Cassiani
2829 5095 2879 5134 c.
2914 5079 2938 5133 1
2984 5089 3034 5133 et
3072 5079 3126 5131 2.
3163 5078 3469 5131 Cardinalis

1874 5174 2144 5229 Baronius
2195 5174 2251 5228 in
2307 5174 2452 5229 notis
2497 5174 2563 5229 ad
2598 5173 3037 5245 Matyrologium,
3071 5172 3263 5227 diebus
3291 5160 3471 5224 141a-

1874 5266 2077 5332 nuarii,
2114 5266 2181 5320 19
2224 5265 2531 5327 Februarii,
2568 5274 2624 5321 et
2676 5266 2743 5320 16
2774 5274 2828 5321 et
2856 5264 2927 5319 ‘28
2973 5264 3120 5327 Maii,
3173 5262 3340 5317 refert
3382 5263 3453 5315 iu

1876 5361 2162 5416 cursiones
2204 5360 2386 5414 varias
2418 5358 2842 5424 Saracenorum,
2875 5374 2906 5414 e
2931 5358 3133 5428 quibus
3171 5356 3345 5425 prima
3385 5362 3468 5408 est

1876 5453 1981 5507 ista
2029 5452 2132 5507 sub
2181 5450 2518 5506 Diocletiano
2560 5452 2627 5507 ad
2663 5467 2872 5506 annum
2911 5448 3057 5505 ΟΝ.
3107 5449 3231 5512 305,
3263 5446 3330 5502 de
3359 5461 3465 5516 qua

1876 5544 2173 5600 Cassianus
2200 5544 2330 5614 agit,
2366 5544 2419 5598 in
2457 5542 2700 5608 Tliecue,
2736 5544 2966 5613 ejusque
2996 5540 3170 5597 ϐιωθί
3202 5538 3466 5594 memine-

1879 5644 2014 5689 runt.
2060 5635 2115 5688 in
2161 5633 2491 5703 hlenolocgio,
2549 5633 2640 5688 die
2672 5634 2740 5689 M
2771 5632 3019 5687 Januarii
3047 5632 3196 5685 hisce
3234 5630 3417 5683 verbis
3450 5642 3464 5679 :

1879 5727 1992 5800 Πρὸ
2024 5726 2079 5781 δὲ
2122 5726 2329 5799 χρόνων
2371 5724 2580 5781 πολλῶν
2618 5726 2717 5799 ,ἐπὶ
2751 5726 2855 5798 τῆς
2904 5722 3185 5796 βασιλείας
3235 5718 3466 5789 Διοκλη-
