3816 6220
295 238 430 304 1387

998 239 1148 300 JOS.
1187 237 1451 299 MARI/E
1487 237 1845 299 SUARESII
1885 240 2115 301 LIBER
2162 244 2800 315 CHRONOLOGICUS

3464 255 3624 319 13%;

289 356 381 424 qui
406 350 588 422 potius
629 363 856 406 errones
883 359 1079 417 erant;
1134 351 1409 405 secundus
1430 350 1565 404 ordo
1587 359 1703 403 erat
1727 365 1876 404 asce-
1906 356 1949 410 Α
1984 352 2169 410 Iaudes
2206 358 2423 427 quidem
2455 360 2702 419 ﬂorentia
2743 366 2985 421 excitant
3018 368 3260 438 ingenia,
3304 380 3366 425 et
3396 373 3493 420 vi:
3518 382 3615 423 tos

285 457 465 502 tarum
496 460 608 500 non
655 444 951 514 generatim
989 452 1363 513 sumptorum,
1400 443 1493 496 sed
1532 442 1769 513 preprie,
1802 458 1866 497 ac

286 536 567 608 pressim,
635 535 728 606 qui
793 534 863 589 ad
947 545 1139 588 nutum
1200 534 1454 587 abbatum
1525 541 1579 587 et
1633 532 1870 601 ἡγουμέο

286 646 394 682 νων
418 626 665 698 jejuniis,
725 626 1070 682 orationibus
1117 635 1169 680 et
1198 624 1637 679 meditationibus
1667 639 1868 677 vacan-

286 728 369 772 tes
402 718 811 781 exercebantur,
852 724 906 770 et
932 714 1227 769 Sarabaitaa
1251 714 1410 767 etiam
1442 713 1871 767 denominaban-

288 818 415 875 tur;
472 809 664 864 tertius
722 806 1097 876 μοναζόντων,
1159 804 1253 873 qui
1302 803 1526 873 propius
1559 802 1723 873 660
1779 817 1870 856 ac-

286 899 553 953 cedebant
582 899 647 953 ad
674 896 1082 958 mouachatum,
1108 903 1161 948 et
1187 902 1392 948 vestem
1419 892 1715 946 induebant
1738 892 1868 945 reli-

288 992 496 1060 giosam
518 1009 532 1056 ;
556 1000 783 1060 quartus
825 988 1241 1051 monachorum,
1276 985 1367 1055 qui
1392 984 1695 1038 monastico
1730 984 1869 1037 ami-

288 1083 572 1137 ciebantur
602 1081 810 1146 habitu,
837 1089 892 1134 et
929 1077 1369 1139 attondebantur,
1395 1091 1569 1145 neque
1583 1077 1869 1131 continen-

290 1175 422 1227 tiam
478 1181 726 1239 tantum,
782 1170 877 1225 sed
932 1177 1353 1240 paupertatem,
1417 1174 1472 1220 et
1496 1167 1866 1221 obedientiam

291 1265 667 1322 custodiebant
711 1261 1067 1317 adamussim.
1121 1260 1180 1314 In
1238 1259 1468 1329 singulis
1517 1267 1696 1311 autem
1744 1257 1866 1311 istis

288 1358 545 1429 gradibus
596 1363 742 1410 certa
794 1363 1101 1423 temporum
1150 1352 1453 1421 priestituta
1495 1360 1655 1404 erant
1696 1349 1866 1403 inter-

283 1449 447 1511 valla,
472 1454 531 1499 ut
563 1442 942 1505 animadverti,
969 1456 1022 1511 p.
1051 1440 1174 1495 601.
1214 1439 1287 1493 Ea
1312 1452 1442 1493 vero
1475 1439 1867 1492 contraheban-

286 1535 376 1594 εἴη*
399 1537 709 1600 interdum;
774 1549 899 1587 nam
941 1531 1204 1586 Joannem
1257 1531 1557 1585 Climacum
1596 1529 1665 1583 ab
1699 1544 1864 1597 opere

285 1634 488 1687 dictum
543 1628 842 1690 Scalarem,
871 1634 926 1680 et
980 1640 1010 1679 a
1053 1639 1277 1678 munere
1336 1623 1748 1688 scholasticum,
1802 1625 1858 1678 in

287 1721 614 1774 monachum
639 1718 807 1772 fuisse
824 1724 1118 1785 receptum,
1145 1724 1198 1768 et
1224 1723 1520 1776 attonsum,
1547 1714 1858 1783 amictuque
1891 1689 1933 1744 Β

287 1810 591 1865 monastico
648 1810 903 1861 donatum
947 1804 1186 1874 comperi
1238 1804 1357 1873 ejus
1397 1804 1450 1857 in
1502 1802 1646 1867 Vita,
1698 1820 1862 1874 quam

292 1902 477 1956 Daniel
540 1900 800 1953 Raithuni
858 1898 1095 1953 ctenobii
1154 1897 1459 1950 monachus
1513 1898 1862 1965 conscripsit,

288 2003 523 2063 quatuor
547 2006 721 2045 annos
760 2006 882 2044 cum
909 1988 1183 2060 posuisset
1208 1987 1262 2040 in
1291 1987 1564 2050 tirocinio,
1598 1996 1653 2042 et
1692 1988 1863 2041 Isido-

288 2102 409 2139 rum
454 2083 878 2138 Alexandrinum
922 2096 1044 2136 eum
1079 2089 1285 2149 septem
1315 2079 1585 2149 exegisset
1631 2081 1681 2132 in
1735 2079 1863 2137 Bai-

286 2177 460 2229 thuno
492 2172 762 2227 cteuobio.
798 2169 977 2224 Nilum
1014 2184 1109 2239 ego
1138 2176 1192 2224 et
1236 2168 1577 2223 Theodulum
1618 2184 1723 2222 non
1771 2169 1866 2223 ob-

287 2282 538 2322 servasse
585 2264 854 2334 graduum
927 2262 1155 2316 istorum
1209 2260 1523 2315 discrimina
1584 2261 1863 2330 suspicor,

286 2359 656 2413 continentem
689 2355 887 2424 quippe
923 2352 1112 2417 fuisse,
1141 2366 1267 2406 cum
1293 2360 1476 2420 ageret
1509 2352 1687 2407 adhuc
1717 2351 1864 2407 Con-

289 2445 642 2516 stantinopoli
687 2458 752 2499 ex
796 2457 1067 2498 consensu
1094 2440 1342 2510 conjugis
1380 2439 1561 2495 Nilum
1586 2481 1600 2505 ,
1636 2442 1779 2496 sicut
1812 2451 1867 2497 et

287 2538 626 2594 Theodulum
665 2534 1015 2591 continentiae
1042 2532 1363 2586 innutritum
1388 2532 1692 2587 adolevisse
1717 2532 1866 2587 arbi-

284 2643 420 2696 tror,
439 2629 842 2697 asceticamque
857 2627 1021 2680 vitam
1044 2634 1335 2695 utrumque
1351 2625 1681 2695 professum,
1706 2629 1867 2697 μονάς

284 2724 475 2788 ξοντας
505 2721 670 2790 igitur
694 2721 832 2773 istos
861 2726 1100 2771 montem
1135 2717 1201 2770 ad
1240 2716 1417 2783 Sinai,
1448 2717 1596 2772 velut
1633 2719 1700 2773 ad
1738 2734 1865 2787 por-

285 2823 403 2867 tum
435 2810 630 2881 quietis
663 2806 937 2876 appulisse
969 2805 1101 2860 mihi
1148 2820 1475 2875 persuasum
1509 2814 1613 2873 est,
1645 2822 1712 2862 eo
1745 2808 1865 2878 ipso

272 2919 428 2959 .anoo
460 2902 563 2954 405
590 2899 650 2954 C.
687 2897 785 2964 .N.,
808 2913 839 2953 e
872 2897 1331 2953 sollicitudinibus
1364 2898 1593 2953 terrenis
1638 2898 1692 2953 in
1732 2900 1865 2954 soli-

286 2998 520 3062 tudines,
552 3005 605 3051 et
625 3010 655 3049 e
700 2993 851 3048 sellis
885 2991 1240 3062 praefectoriis
1271 2994 1324 3047 in
1358 2993 1526 3048 cellas
1558 2995 1863 3050 eremiticas
1890 3027 1936 3089 ο

286 3088 571 3160 migrando
602 3100 767 3140 acum
791 3084 881 3138 alii
912 3082 1157 3153 Byzantii
1182 3098 1301 3139 sese
1327 3082 1382 3136 in
1411 3098 1615 3137 oceano
1647 3084 1866 3141 delicia-

284 3197 406 3235 rum
467 3187 522 3233 et
551 3178 887 3245 voluptatum
920 3174 1303 3241 volutant,jilli
1336 3174 1650 3229 coelestibus
1693 3178 1864 3231 medi-

285 3269 586 3326 lationibus
620 3267 746 3322 elati
782 3266 1006 3320 volitant
1040 3265 1107 3319 ad
1157 3264 1503 3334 paradisum;
1558 3266 1686 3319 dum
1726 3268 1863 3324 alios

286 3362 477 3416 molles
499 3360 623 3415 lecti
665 3359 1010 3413 lascivientes
1057 3356 1392 3420 obvolvunt,
1424 3355 1544 3409 illos
1578 3371 1862 3412 sacrorum

285 3458 546 3510 librorum
570 3453 729 3507 lectio
746 3449 1055 3514 detinebat,
1082 3463 1181 3502 nec
1201 3448 1269 3502 ad
1287 3447 1621 3517 epis00pales
1639 3449 1862 3503 thronos

284 3547 412 3602 inde
447 3562 515 3600 se.
538 3545 652 3613 rapi
686 3542 1053 3613 patiebantur,
1084 3540 1176 3595 sed
1236 3541 1428 3594 rastris
1458 3548 1512 3594 et
1539 3540 1769 3594 sarculis
1807 3541 1861 3593 in

284 3636 595 3694 excolendis
628 3633 859 3688 hortulis
890 3640 1091 3686 terram
1123 3645 1407 3685 arenosam
1443 3629 1781 3693 eﬂ'odientes,
1809 3640 1863 3685 et

285 3738 465 3784 rostra
503 3725 865 3795 despiciantes
885 3720 1129 3776 victricis
1151 3720 1349 3790 linguae
1377 3720 1647 3789 opulentis
1677 3735 1862 3789 perso-

284 3819 467 3874 nantia
496 3814 847 3879 dictionibus,
871 3820 1124 3881 astraque
1153 3808 1859 3879 aspicientes,Conditorem

283 3920 475 3962 eorum
503 3897 1230 3968 dilaudabantpsalmodiis,
1280 3897 1501 3967 hymnis
1558 3906 1612 3951 et
1646 3898 1862 3951 oratio-

286 3999 482 4057 nibus,
516 3994 583 4048 de
619 3993 819 4063 quibus
852 3999 963 4044 tam
1001 3990 1185 4043 utilem
1218 3996 1511 4042 tractatum
1552 3991 1863 4059 composuit

286 4084 461 4139 Nilus.
485 4081 593 4136 Nec
612 4082 756 4136 enim
777 4079 1062 4145 vilitatem,
1078 4076 1511 4147 etasperitatem,
1533 4092 1596 4132 ac
1623 4078 1862 4133 illuviem

288 4176 541 4237 vestium,
572 4171 872 4226 nuditatem
910 4170 1127 4241 pedum,
1163 4185 1268 4239 qua
1299 4169 1692 4223 aemulabantur
1718 4170 1864 4240 Any-

287 4267 523 4337 poditas,
564 4264 615 4317 id
642 4262 1125 4329 est,.Excalceatos
1156 4260 1629 4330 Constantinopoli
1660 4261 1863 4330 degen-

290 4368 372 4411 tes
396 4358 448 4409 in
481 4354 815 4409 monasterio
837 4352 1019 4406 Sancti
1042 4350 1337 4414 Thalassii,
1364 4353 1521 4421 cujus
1544 4352 1859 4407 archiman-
1884 4385 1936 4439 κῃ

289 4449 458 4503 drites
510 4445 791 4516 presbyter
856 4444 1124 4514 Diogenes
1173 4443 1503 4512 subscripsit
1553 4444 1736 4497 libello
1793 4445 1862 4498 ad

286 4539 549 4594 Joannem
582 4537 966 4607 patriarcham,
1000 4544 1106 4589 act.
1140 4550 1155 4589 ι
1186 4535 1385 4589 concil.
1413 4550 1466 4599 v,
1499 4551 1549 4604 p.
1589 4536 1680 4598 ‘20,
1708 4536 1863 4589 obla-

288 4640 377 4696 to;
415 4629 647 4700 vigilias,
703 4627 904 4697 quibus
951 4628 1357 4681 Accemetenses
1396 4624 1867 4695 Constantinopoli

286 4735 507 4791 quoque
518 4719 856 4773 diversantes
872 4715 1293 4784 exsuperabant,
1314 4715 1561 4783 eloquar,
1584 4716 1778 4777 luctus,
1798 4716 1870 4767 la-

288 4826 523 4882 crymas,
540 4810 793 4880 suspiria,
812 4810 1077 4878 planctus,
1093 4815 1146 4861 et
1162 4806 1392 4874 ﬂagella,
1410 4807 1609 4875 quibus
1620 4806 1870 4859 ὑπωπιά-

287 4906 439 4971 ζεται
469 4900 626 4970 σῶμα
659 4904 753 4952 καὶ
775 4898 1221 4964 δουλαγωγεῖται,
1250 4897 1324 4949 uti
1356 4893 1557 4949 Paulus
1592 4894 1758 4949 lCor.
1788 4911 1867 4961 Ix,

286 4996 377 5061 27,
415 4996 463 5048 id
492 5004 591 5059 est,
625 4993 843 5046 lividum
865 4992 923 5057 ﬁt
956 5005 1146 5059 corpus
1175 4998 1223 5042 et
1253 4990 1307 5041 in
1336 4990 1638 5042 servitutem
1670 4990 1869 5059 redigi-

289 5100 395 5152 tur,
439 5087 800 5148 chamteunia,
837 5086 889 5139 id
919 5096 1023 5148 est,
1073 5083 1359 5137 decubitus
1408 5082 1578 5144 humi,
1627 5081 1868 5151 genuﬂe-

287 5182 520 5246 xiones;
558 5178 919 5247 γονυκλίσεις,
969 5176 1276 5247 μετανοίας,
1317 5190 1414 5229 seu
1438 5174 1867 5243 ,prostrationes,

290 5288 355 5326 ac
378 5273 613 5342 denique
660 5270 898 5337 silentia,
950 5278 1005 5324 et
1046 5267 1275 5337 jejunia,
1324 5266 1707 5335 xerophagias,
1755 5266 1871 5320 sive

291 5364 476 5417 aridas
552 5378 709 5417 escas
762 5372 928 5432 atque
986 5360 1239 5414 siccatas.
1317 5358 1547 5423 Quando
1609 5359 1724 5426 ipse
1776 5357 1871 5409 Ni-

292 5454 380 5510 lus
417 5455 623 5517 tacuit,
662 5470 762 5523 ego
821 5467 1041 5523 quoque
1086 5450 1392 5520 praeteribo.
1452 5449 1726 5519 Ἀνεμώνη
1772 5447 1870 5502 ﬂos

295 5554 381 5598 est
410 5545 502 5614 qui
543 5554 701 5599 vento
745 5543 1003 5612 aperitur,
1037 5542 1179 5609 apud
1202 5539 1609 5604 Dioscoridem;
1644 5538 1867 5608 symbo-

294 5632 408 5687 lum
436 5647 558 5689 esse
584 5631 838 5687 vanitatis
888 5629 1159 5683 Lucianus
1199 5643 1321 5681 eum
1354 5628 1539 5681 ﬂorem
1581 5627 1817 5679 aftirmat
1847 5642 1861 5677 :

1976 454 2191 510 laudata
2226 459 2444 521 crescit,
2477 460 2757 529 gloriaque
2786 460 2945 514 habet
2980 460 3321 516 immensum
3354 464 3621 523 calcar,

1974 557 2033 600 ut
2058 547 2147 600 ille
2177 549 2397 614 cecinit,
2427 565 2527 605 nec
2550 551 2658 603 ulla
2684 561 2767 604 est
2798 558 2947 604 tanta
2973 551 3288 617 humilitas,
3312 570 3454 623 qua
3492 568 3622 605 non

1972 648 2228 711 tangatur
2279 641 2467 711 gloria:
2521 642 2831 706 dulcedine,
2877 643 3032 712 juxta
3080 642 3372 698 Valerium
3434 644 3620 697 Max.

1970 730 2071 785 lib.
2129 745 2252 796 vni,
2322 746 2445 798 cap.
2499 730 2587 786 14.
2631 730 3021 788 Themistoclis
3069 733 3307 787 auribus
3358 734 3619 786 nullum

1970 845 2221 885 acroama
2268 828 2529 882 libentius
2570 826 2962 890 excipiebatur,
3008 842 3172 896 quam
3232 827 3405 891 illud,
3481 840 3622 892 quo

1972 920 2119 973 illius
2157 917 2565 972 celebrabantur
2606 916 2821 985 egregia
2866 913 3130 969 facinora.
3162 914 3419 969 Joannes
3469 916 3625 984 ipse

1969 1008 2111 1064 XXII
2146 1024 2279 1078 papa
2303 1006 2485 1062 fassus
2514 1016 2599 1062 est
2632 1022 2692 1060 se
2717 1005 3020 1071 blanditiis,
3042 1007 3203 1076 661
3238 1022 3393 1073 quas
3421 1022 3622 1059 aver-

1969 1103 2213 1165 sabatur,
2254 1100 2612 1154 nihilominus
2643 1096 2967 1161 demulceri,
2999 1106 3054 1151 et
3086 1097 3378 1151 interdum
3418 1097 3565 1165 capi
3592 1113 3613 1160 ;

1886 1234 1901 1241 ~
1968 1200 2166 1267 sapius
2196 1195 2299 1250 illae
2334 1192 2562 1261 repulsae
2595 1189 2809 1244 tandem
2838 1203 2905 1242 ex
2931 1188 3132 1241 Seneca
3164 1189 3355 1241 solent
3385 1186 3615 1241 admit-

1969 1295 2030 1349 ti.
2076 1285 2509 1357 Ἐξανεμοῦσθαι
2557 1292 2738 1337 tamen
2768 1281 3026 1335 dicuntur
3075 1288 3316 1348 segetes,
3352 1279 3610 1332 eventi-

1965 1384 2067 1439 lari
2111 1381 2357 1443 scilicet,
2390 1392 2453 1430 ac
2481 1373 2781 1437 exsuﬂlari,
2816 1372 3064 1425 daemone
3086 1369 3315 1424 inﬂante
3347 1388 3362 1423 :
3397 1371 3607 1423 nimio

1964 1476 2166 1532 etenim
2200 1480 2482 1526 ventorum
2517 1466 2650 1520 ﬂatu
2672 1472 3027 1525 evacuantur,
3061 1469 3116 1517 et
3139 1462 3601 1523 exinaniuntur,

1965 1567 2241 1640 praecipue
2285 1562 2415 1617 dum
2461 1564 2859 1617 maturescunt,
2897 1554 3041 1623 apud
3076 1552 3543 1622 Theophrastum
3573 1570 3595 1613 ;

1964 1662 2040 1715 ita
2069 1658 2236 1713 nimia
2260 1652 2529 1724 praeconia
2560 1651 2823 1705 clariores
2850 1648 3064 1702 animos
3088 1645 3324 1709 nudant,
3351 1655 3410 1699 et
3442 1662 3594 1712 spo-

1965 1752 2100 1806 liant
2151 1748 2410 1802 virtutum
2464 1742 2753 1797 fructibus.
2804 1738 3069 1809 Vergunt,
3113 1746 3167 1791 et
3214 1742 3590 1807 propendent.

1965 1844 2238 1915 pleniores
2268 1838 2447 1893 aristas
2484 1836 2550 1889 ad
2579 1835 2831 1894 humum,
2858 1832 2933 1886 ita
2962 1830 3056 1901 qui
3092 1830 3294 1884 virtute
3310 1839 3450 1883 sunt
3479 1830 3586 1881 in—

1965 1937 2171 2005 signes,
2217 1930 2535 1986 humiliores
2575 1926 2846 1990 evadunt;
2880 1923 3076 1977 hirudo
3103 1922 3310 1991 quippe
3356 1919 3581 1973 Joanni

1964 2028 2208 2082 Climaco
2230 2031 2313 2078 est
2333 2036 2475 2095 vana
2506 2018 2696 2089 gloria,
2734 2028 2787 2071 et
2817 2032 2847 2069 a
2884 2015 3090 2071 Griecis
3125 2013 3268 2067 inter
3300 2014 3576 2081 capitalia

1966 2121 2096 2175 vitia
2156 2126 2497 2177 recensetur,
2551 2122 2610 2167 ut
2658 2111 2773 2181 jam
2828 2107 3085 2178 praefatus
3130 2121 3277 2168 sum,
3328 2114 3389 2158 et
3442 2108 3576 2174 ipse

1966 2221 2189 2268 sanctus
2240 2208 2417 2273 Nilus,
2462 2221 2517 2275 p.
2557 2204 2661 2269 '56,
2702 2209 2906 2255 narrat.
2960 2201 3014 2261 ’5,
3070 2198 3138 2252 ab
3165 2212 3228 2251 ea
3271 2198 3570 2265 corrumpi

1964 2316 2112 2360 recte
2143 2303 2309 2367 facta,
2340 2312 2637 2366 veramque
2682 2294 2908 2365 gloriam
2947 2291 3068 2347 fuse
3097 2290 3289 2344 tradit.
3315 2290 3562 2359 Pmprio

1965 2396 2268 2470 praesertim
2308 2390 2574 2449 sordescit
2609 2388 2731 2441 laus
2766 2386 2818 2439 in
2850 2400 2981 2448 ore;
3010 2382 3157 2436 unde
3199 2390 3431 2435 sanctus
3462 2382 3566 2450 Cy-

1965 2492 2192 2563 prianus
2230 2488 2296 2541 ad
2332 2487 2598 2539 Donatum
2632 2480 2824 2534 scribit
2880 2477 3127 2531 odiosam
3165 2489 3287 2529 esse
3324 2473 3378 2527 in
3435 2490 3565 2543 pro-

1965 2586 2114 2657 prias
2144 2581 2331 2636 laudes
2355 2577 2741 2647 jactationem;
2768 2582 2822 2626 et
2850 2570 3061 2624 Plinius
3090 2568 3303 2638 junior,
3346 2566 3449 2619 lib.
3498 2581 3559 2629 ιι,

1965 2677 2126 2747 epist.
2158 2674 2212 2739 9,
2244 2672 2392 2743 quod
2421 2668 2770 2738 magnificum
2801 2664 3066 2718 referente
3101 2662 3208 2715 alio
3240 2660 3402 2725 foret,
3440 2661 3565 2727 ipso

1966 2768 2059 2838 qui
2094 2765 2262 2837 gessit
2294 2762 2583 2824 referente,
2613 2772 2935 2823 vanescere;
2968 2762 3225 2823 recteque
3262 2753 3561 2815 Salomon,

1966 2877 2016 2917 c.
2041 2875 2174 2921 xxn,
2194 2874 2244 2911 v.
2263 2856 2297 2909 2
2316 2852 2732 2908 Proverbiorum
2752 2850 3028 2911 admouet,
3046 2844 3485 2913 Ἐγκωμιαζέτω
3504 2861 3561 2895 σε

1965 2957 1994 3008 ὁ
2012 2953 2201 3014 πέλας,
2223 2955 2318 3003 καὶ
2344 2949 2418 3018 μὴ
2444 2946 2502 2999 τὸ
2531 2945 2619 2997 σὺν
2640 2940 3127 3011 στὸμα,ἁλλὸτριος
3160 2941 3255 2991 καὶ
3277 2938 3355 3007 μὴ
3388 2940 3462 2990 τὰ
3496 2938 3565 2989 σὰ

1971 3045 2143 3117 χείλη,
2195 3042 2247 3095 id
2296 3050 2399 3103 est,
2437 3037 2641 3090 Laudet
2694 3043 2745 3086 te
2788 3033 3013 3092 alienus,
3052 3044 3239 3084 etnon
3284 3045 3343 3081 os
3382 3038 3561 3091 tuum,

1970 3146 2275 3197 extraneas,
2321 3140 2368 3184 et
2404 3145 2507 3183 non
2547 3127 2692 3179 labia
2734 3138 2846 3177 tua.
2880 3121 3113 3176 Sanctus
3144 3136 3273 3173 vero
3300 3121 3563 3174 Clemens

1971 3227 2251 3280 Romanus
2273 3221 2447 3290 Epist.
2475 3218 2543 3271 ad
2566 3216 2828 3279 Cornu/1.,
2860 3229 2915 3282 p.
2937 3212 3025 3276 59,
3049 3212 3119 3265 49
3144 3221 3198 3265 et
3223 3211 3315 3273 50,
3350 3212 3565 3262 Ταπει-

1971 3318 2182 3389 νὸφρων
2220 3315 2295 3386 μὴ
2323 3310 2500 3381 ἑαυτῷ
2526 3306 2896 3381 μαρτυρείτω,
2918 3302 3226 3372 ἀλλ’ὲαυτῷ
3254 3302 3346 3371 ὑφ’
3364 3303 3563 3373 ἐτέρου

1974 3403 2374 3479 μαρτυρείσϐω·
2410 3402 2460 3457 id
2504 3409 2608 3464 est,
2637 3398 2742 3464 Qui
2766 3407 2933 3449 mente
2954 3395 3206 3463 prarditus
3230 3402 3306 3445 est
3333 3393 3558 3455 humili,

1970 3515 2071 3552 non
2124 3497 2188 3550 de
2233 3495 2400 3561 seipso
2453 3491 2809 3544 testimonium
2857 3487 3015 3555 ferat,
3055 3484 3145 3538 sed
3178 3484 3271 3537 abs
3305 3485 3417 3536 alio
3456 3485 3562 3536 sibi

1969 3591 2089 3644 velit
2122 3587 2223 3656 ipsi
2255 3586 2612 3639 testimonium
2633 3580 2876 3647 prteberi.
2901 3576 3055 3631 Nilus
3085 3577 3291 3646 itaque,
3316 3593 3443 3645 qua:
3473 3577 3563 3645 pie

1968 3679 2293 3735 macerando
2358 3690 2597 3740 carnem,
2650 3686 2704 3728 et
2760 3676 3065 3727 exercendo
3122 3685 3180 3723 se
3251 3686 3359 3723 una
3429 3688 3558 3723 cum

1968 3769 2251 3823 Theodulo
2274 3770 2325 3821 in
2350 3766 2551 3820 montis
2575 3764 2723 3818 Sinai
2744 3762 3111 3826 monasteriis,
3139 3761 3305 3829 inque
3327 3759 3557 3813 Patrum

1969 3861 2269 3933 synaxibus
2326 3858 2740 3930 (‘cnlligcbantur
2799 3858 2944 3908 enim
2995 3853 3297 3909 Dominicis
3354 3854 3560 3908 diebus

1970 3969 2138 4009 unum
2170 3955 2221 4007 in
2249 3965 2472 4015 coetum,
2497 3951 2806 4020 parilerque
2833 3948 3144 4018 congregati
3174 3949 3457 4013 monachi,
3493 3966 3561 4002 ac

1971 4045 2329 4116 μονάζοντες,
2374 4041 2857 4096 communicabant
2904 4038 3079 4092 sacris
3120 4040 3432 4109 mysteriis,
3482 4041 3556 4092 uti

1968 4149 2158 4195 narrat
2191 4140 2442 4208 διηγήσει
2480 4137 2635 4191 tertia
2662 4134 2837 4199 Nilus,
2868 4150 2923 4205 p.
2964 4133 3063 4200 58;
3089 4150 3265 4202 neque
3288 4134 3560 4188 difﬂtetur

1965 4232 2176 4287 delirus
2218 4232 2307 4286 ille
2354 4232 2616 4300 Apostata
2652 4227 2928 4298 Spalaten.
2972 4236 3105 4280 tom.
3152 4226 3194 4292 1,
3231 4242 3287 4295 p.
3326 4226 3432 4281 378
3481 4229 3557 4281 De

1968 4324 2151 4395 repub.
2180 4324 2501 4391 ecclesiast.)
2523 4330 2826 4392 peregerat,
2863 4320 2973 4376 Deo
3003 4320 3106 4376 soli
3146 4330 3273 4374 nota
3304 4336 3429 4374 esse
3457 4337 3556 4375 cu-

1967 4418 2137 4486 piens,
2185 4416 2555 4470 taciturnitate
2600 4414 2815 4485 premit.
2856 4414 2990 4468 Cum
3048 4429 3179 4468 vero
3218 4415 3454 4469 maritus
3503 4426 3556 4469 et

1966 4526 2103 4564 uxor
2145 4510 2254 4564 sint
2283 4509 2391 4563 duo
2427 4508 2480 4561 in
2514 4521 2681 4562 carne
2708 4521 2851 4571 una,
2878 4515 2933 4559 et
2978 4514 3133 4575 pater
3176 4521 3242 4560 ac
3274 4507 3371 4559 ﬁlii
3406 4524 3551 4570 una,

1965 4601 2265 4668 eademque
2294 4611 2525 4667 persona
2551 4606 2842 4649 censeatur
2866 4609 2933 4649 ex
2964 4594 3218 4659 artificio,
3245 4610 3309 4649 ac
3328 4595 3555 4663 ﬁgmen-

1966 4704 2021 4747 to
2056 4693 2198 4761 juris
2240 4692 2400 4745 etiam
2451 4689 2667 4753 civilis,
2712 4688 2845 4757 quin
2894 4696 2949 4742 et
2987 4699 3300 4742 commento
3342 4698 3555 4741 natura:

1970 4783 2347 4856 prehensantis
2396 4782 2856 4835 immortalitatem
2899 4780 3281 4849 procreatione
3319 4781 3555 4845 similis,

1976 4878 2015 4932 l.
2050 4856 2200 4929 ﬁnal.
2230 4875 2299 4928 lC.
2349 4873 2428 4926 De
2457 4874 2714 4937 impuber.
2737 4884 2792 4926 et
2818 4872 2890 4926 al.
2921 4870 3222 4933 substitut.,
3253 4870 3281 4941 §
3331 4871 3400 4923 Ei
3441 4888 3559 4925 vero

1974 4969 2206 5021 institut.
2246 4968 2308 5019 de
2328 4964 2793 5034 inutil.stipulat.,
2823 4963 2850 5034 §
2879 4961 2981 5018 Sed
3002 4964 3087 5017 sui
3108 4963 3327 5027 ibidem,
3361 4963 3427 5017 de
3455 4965 3559 5017 Inr-

1974 5062 2085 5113 red.
2118 5058 2307 5128 quatit,
2342 5057 2619 5126 patrisque
2650 5072 2753 5109 vox
2784 5097 2800 5119 ,
2838 5057 2911 5110 sit
2949 5070 3052 5108 vox
3087 5055 3206 5113 tilii.
3239 5055 3334 5123 qui
3378 5067 3559 5124 pater-

1975 5168 2170 5225 norum
2216 5153 2488 5205 viscerum
2536 5150 2715 5218 portio
2769 5157 2874 5213 est,
2913 5164 2978 5201 ex
3027 5149 3345 5211 Aristotele,
3384 5150 3477 5203 Iih.
3529 5166 3558 5201 v

1968 5243 2166 5310 Ethic.,
2192 5253 2246 5297 et
2268 5244 2321 5296 in
2348 5258 2459 5311 quo
2481 5252 2734 5311 parentes
2754 5240 3103 5305 reviviscunt,
3124 5249 3178 5293 et
3201 5243 3547 5310 quemadmo-

1966 5341 2096 5394 dum
2133 5340 2306 5407 magis
2334 5339 2697 5399 oblectamur,
2718 5336 2789 5390 ita
2808 5337 2929 5404 plus
2962 5346 3287 5404 torquentur
3319 5337 3372 5389 in
3403 5338 3556 5405 ipso;

1971 5434 2205 5488 ﬁliorum
2242 5442 2389 5486 certe
2423 5432 2683 5500 dignitas,
2722 5431 2862 5491 laus,
2899 5439 3061 5498 atque
3100 5429 3273 5497 gloria
3314 5445 3547 5483 cotnmu-

1973 5530 2059 5581 nis
2110 5538 2193 5581 est
2224 5527 2385 5595 patri.
2440 5524 2530 5578 liti
2578 5523 2924 5578 Justinianus
2974 5522 3145 5576 refert
3203 5523 3558 5587 Authenticis,

1977 5622 2265 5677 Constitut.
2298 5636 2416 5690 qua:
2446 5619 2786 5690 dignitatib.,
2829 5616 2856 5687 §
2891 5615 3239 5680 Generaliter,
3276 5617 3369 5671 ubi
3393 5619 3559 5688 gloss.
