3816 6220
148 272 329 338 1ἷ89
1508 272 1603 331 DE
1646 272 1758 331 VI'I

1861 274 1911 332 5.
1956 274 2121 334 NILI
3312 271 3455 340 1390

129 402 218 447 et.
254 392 334 446 ad
379 388 420 444 l.
453 386 558 445 Sed
588 386 866 451 Julianus,
909 384 1116 457 §Quod
1153 387 1353 440 dicitur
1396 384 1463 441 D.
1501 387 1570 441 ad
1609 385 1668 444 S.
1704 386 1765 441 (ἶ.
1799 394 1845 449 Α
1876 386 2112 458 Spiritus
2154 387 2329 443 sancti
2380 386 2544 453 dona,
2576 388 2908 447 vanitatibus
2934 388 3155 454 attritis,
3202 403 3269 446 ac
3308 392 3457 445 velut

134 481 556 536 Macedonian.
617 478 755 534 Hinc
774 494 944 549 arguo
972 477 1152 532 Nilum
1193 494 1291 533 nec
1330 479 1398 533 de
1434 478 1598 534 rebus
1626 493 1656 533 a
1686 492 1765 542 se,
1872 482 2083 547 erasis,
2127 491 2181 536 et
2218 481 2473 537 sordibus
2497 484 2869 537 emundatam.
2898 481 3054 549 Quod
3083 482 3129 537 si
3151 482 3335 537 omnis
3360 481 3459 553 qui

133 574 403 645 ﬁlioque
442 572 725 628 Theodoto
754 572 883 625 inibi
910 579 1097 625 sancte
1129 572 1316 640 gestis,
1338 586 1515 640 neque
1540 572 1606 625 de
1634 586 1768 625 con-
1871 574 2153 628 contendit
2194 574 2248 627 in
2281 589 2452 645 agone
2475 575 2542 628 ab
2586 575 2842 629 omnibus
2875 589 2933 629 se
2969 574 3225 639 abstinet,
3254 583 3317 629 ut
3341 590 3461 629 cor-

131 666 341 738 jugis,
382 667 614 736 filiaeque
652 664 931 735 pra:claris
959 672 1014 718 et
1066 664 1339 734 religiosis
1363 664 1575 719 actibus
1606 664 1766 734 quid-
1871 668 2185 735 ruptibilem
2221 668 2453 736 accipiat
2496 682 2795 731 coronam,
2836 676 2891 721 et
2932 668 3106 722 currit
3138 666 3194 721 in
3231 667 3455 731 stadio;

140 776 339 829 quam
400 759 700 813 litterarum
777 756 1148 810 monumentis
1205 755 1579 823 consignasse,
1630 754 1767 809 adeo
1866 757 2160 828 Apostolus
2202 758 2276 813 ita
2321 759 2510 813 scribit
2556 760 2577 812 Ι
2623 758 2751 814 Cor.
2785 774 2862 818 Ix.
2911 759 3003 823 25,
3038 767 3245 829 quanto
3283 756 3459 820 magis

143 853 429 906 modeste
444 851 509 905 de
526 866 605 915 se,
637 849 859 918 suisque
877 848 1170 911 sentiebat,
1191 847 1324 901 adeo
1340 855 1525 902 exacte
1542 846 1765 899 humili-

143 955 347 1000 tatem
381 943 624 1009 colebat;
655 941 843 995 mirari
881 940 1016 996 satis
1044 955 1153 993 non
1188 954 1433 1010 possum,
1467 939 1615 1009 quod
1647 938 1765 1008 ipse

148 1048 356 1093 totum
408 1036 537 1090 illud
565 1045 802 1104 tempus,
833 1047 943 1103 quo
979 1033 1035 1085 in
1064 1042 1249 1087 monte
1280 1032 1432 1086 Sinai
1458 1032 1764 1087 diversatus

147 1142 275 1195 est,
299 1139 427 1184 ante
446 1127 808 1182 Barbarorum
835 1125 1223 1192 incursionem,
1239 1140 1380 1195 quae,
1400 1132 1460 1178 ut
1482 1133 1761 1194 computo,

150 1222 381 1277 accidit
421 1237 453 1276 a
490 1220 551 1276 C.
597 1219 665 1273 N.
700 1219 827 1286 ΗΟ,
872 1220 1064 1288 sicque
1107 1216 1569 1288 quinquennium,
1616 1216 1761 1286 quod

154 1316 386 1386 peregit
416 1317 468 1369 in
498 1313 821 1368 Narratione
847 1311 1108 1373 secunda,
1137 1309 1300 1381 662
1324 1323 1445 1379 pag.
1467 1307 1554 1372 l7,
1579 1307 1763 1361 verbis

154 1408 301 1463 istis
339 1406 602 1461 describit
626 1423 640 1460 :
669 1405 819 1476 Αὕτη
854 1404 932 1476 μὴ
951 1404 1050 1474 τῆς
1084 1402 1317 1473 ἡσυχίας
1344 1399 1550 1469 ταύτης
1576 1398 1762 1469 ἐποίη-

157 1514 271 1550 σεν
323 1495 582 1566 ἐραστὴν,
635 1494 903 1565 καὶπρὸς
944 1497 1045 1565 τὴν
1083 1490 1427 1562 ποθουμένην
1480 1490 1762 1559 ὡδήγησεν

159 1589 275 1658 ὲρη
284 1586 433 1656 μίαν,
463 1586 557 1637 καὶ
584 1585 747 1654 μέχρι
774 1582 971 1637 πολλοῦ
1004 1580 1418 1654 παρεσκεύασεν
1450 1579 1760 1632 διαιτᾶσθαι

156 1678 353 1747 ήδέως
386 1677 628 1746 γαλήνης
658 1673 1000 1728 ἀπολαύοντα
1030 1672 1255 1742 πολλῆς,
1279 1671 1376 1725 καὶ
1399 1668 1567 1741 ούρίῳ
1596 1667 1760 1721 πνεύ-

167 1787 314 1840 ματι
341 1767 479 1838 πρὸς
517 1767 610 1820 τὸν
651 1766 852 1820 σκοπὸν
882 1764 1244 1837 εὐθυνόμενον
1300 1764 1428 1827 ἓως,
1461 1769 1569 1817 etc.
1612 1760 1759 1815 Talis

164 1861 423 1931 (potioris
451 1876 631 1929 nempe
649 1859 770 1913 boni
800 1859 1087 1928 cupiditas)
1118 1874 1199 1911 me
1235 1857 1427 1927 quietis
1454 1856 1615 1909 istius
1638 1854 1764 1923 fecit

160 1963 491 2017 ainatorem,
545 1962 595 2005 et
636 1952 704 2006 ad
741 1952 1101 2005 desideratam
1134 1950 1356 2004 deduxit
1397 1949 1762 2014 solitudinem,

160 2047 505 2115 multumque
553 2062 647 2116 per
694 2055 895 2115 tempus
936 2044 1111 2113 e/fecit
1169 2044 1469 2097 inhabitare
1514 2042 1759 2103 libenter,

160 2138 348 2193 multa
389 2137 651 2206 fruentem
707 2136 1132 2206 tranquillitate,
1185 2134 1513 2204 secundoque
1566 2132 1762 2200 spiritu

157 2231 436 2286 directum
470 2230 539 2284 ad
580 2246 817 2299 scopum,
858 2231 1021 2283 donec
1044 2242 1065 2283 :
1099 2228 1188 2282 ubi
1222 2227 1458 2281 multum
1499 2240 1594 2296 per
1626 2235 1764 2279 tem-

169 2338 283 2392 pus
334 2322 577 2394 intelligo
624 2322 891 2391 integram
935 2320 1307 2390 Olympiadem
1350 2328 1461 2388 quo
1518 2317 1765 2387 impleret

164 2415 553 2485 praescriptum
603 2412 933 2483 μονάζουσι,
984 2428 1078 2468 seu
1136 2411 1425 2482 νεωτέροις
1478 2412 1763 2465 monachis

168 2503 546 2558 intervallum.
584 2503 790 2557 Interea
821 2517 952 2556 vero
998 2510 1223 2555 sanctus
1246 2496 1486 2552 Joannes
1524 2497 1763 2566 Chryso-

167 2608 393 2651 stomus
424 2596 477 2649 in
523 2594 717 2650 exsilio
770 2593 1023 2647 Cumanae
1061 2592 1366 2645 decesserat
1412 2603 1554 2642 anno
1600 2588 1660 2642 C.
1694 2585 1761 2640 N.

168 2689 306 2754 407,
339 2689 483 2743 sicut
509 2686 793 2741 admonui.
826 2685 1044 2739 Obierat
1070 2691 1124 2738 et
1147 2680 1616 2751 Constantinopoli
1648 2681 1761 2733 Ka-

166 2782 324 2836 lend.
344 2780 518 2839 Maiis,
539 2779 793 2850 quamvis
812 2777 1090 2832 ascrihant
1114 2792 1127 2830 l
1152 2774 1382 2829 Kalend.
1404 2771 1759 2843 Septembris,

167 2874 269 2942 qui
302 2871 688 2942 Theophanem
719 2876 1045 2938 sequuntur,
1075 2880 1220 2920 anno
1242 2863 1596 2933 subsequenti
1630 2860 1761 2928 408,

167 2966 446 3022 Arcadius
483 2966 760 3034 Augustus
799 2962 1021 3027 viduus,
1059 2976 1091 3014 e
1125 2959 1325 3014 Codice
1353 2956 1758 3021 Theodosiano,

167 3068 229 3114 et
282 3067 622 3114 successerat
660 3054 1006 3109 Theodosius
1058 3054 1110 3107 in
1142 3051 1241 3105 Eoi
1283 3047 1758 3105 administratione

172 3150 417 3221 imperii.
450 3148 695 3205 Eudoxia
725 3162 853 3202 vero
883 3148 1127 3216 Augusta
1154 3143 1447 3213 putabatur
1480 3156 1623 3194 anno
1651 3137 1757 3192 404

173 3243 465 3297 demortua
487 3280 503 3305 ,
534 3240 627 3295 sed
670 3239 738 3293 ad
758 3238 885 3303 409,
912 3236 1133 3291 biennio
1163 3243 1287 3305 post
1330 3232 1505 3289 sancti
1533 3230 1761 3285 Joannis

172 3335 464 3400 obitum,e
490 3337 598 3388 vita
629 3335 893 3405 migrasse
924 3329 1251 3400 Spondanus
1276 3326 1477 3381 evincit
1507 3325 1572 3378 ad
1608 3323 1759 3377 illum

174 3442 384 3481 annum
414 3425 556 3489 404,
590 3440 742 3479 num.
784 3424 886 3488 l6,
922 3430 978 3477 et
1007 3421 1076 3476 ad
1112 3434 1315 3475 annum
1339 3418 1465 3484 407,
1507 3433 1659 3470 num.
1704 3415 1757 3471 7.

176 3519 387 3589 Opinor
416 3528 597 3572 autem
628 3527 737 3572 tam
787 3531 819 3569 a
848 3515 1002 3577 Nilo,
1028 3528 1191 3583 quam
1222 3529 1251 3566 a
1280 3510 1561 3565 Theodulo
1591 3509 1762 3562 luisse

179 3621 457 3665 servatum
493 3610 764 3680 jejunium
813 3608 1083 3677 apprime.
1120 3605 1280 3661 Certe
1325 3603 1453 3657 illud
1500 3602 1758 3664 delineat,

176 3720 233 3774 p.
262 3704 353 3767 55,
378 3718 427 3758 c.
456 3703 523 3756 l4
545 3711 598 3757 et
620 3717 744 3774 pag.
769 3700 833 3755 16
857 3708 1074 3754 tractat.
1098 3699 1176 3752 De
1205 3705 1433 3752 monast.
1455 3694 1759 3757 exercitae,

174 3806 536 3868 posteaquam
575 3796 875 3851 insectatus
911 3803 996 3849 est
1037 3792 1321 3847 catillones
1366 3789 1629 3846 delicatos
1664 3801 1761 3840 ex-

174 3892 511 3964 quisitorum
562 3890 834 3953 ciborum,
872 3893 928 3943 et
972 3885 1446 3941 condimentorum
1493 3877 1756 3938 asseclas,

175 3986 321 4055 gulae
362 4000 426 4039 ac
478 3981 871 4054 gastrimargias
912 3978 1129 4048 penitus
1165 3975 1447 4035 addictos,
1486 3981 1595 4025 tam
1635 3984 1761 4039 gra-

175 4078 357 4147 phice,
387 4076 534 4145 quod
576 4072 961 4128 custodiebant
998 4068 1257 4124 monachi
1288 4082 1384 4137 per
1411 4065 1636 4122 cellulas
1664 4063 1762 4117 ibi-

177 4175 327 4236 dem,
362 4181 422 4223 ut
446 4169 549 4223 sub
577 4167 769 4222 oculos
796 4172 984 4235 ponat.
1007 4161 1225 4232 Jejunio
1259 4158 1506 4231 profecto
1534 4172 1761 4212 revoca-

175 4276 271 4320 tur
308 4267 471 4318 liomo
521 4261 589 4315 ad
631 4257 968 4330 paradisum,
995 4272 1061 4311 ex
1099 4268 1210 4325 quo
1239 4261 1461 4323 propter
1488 4252 1758 4319 intempe-

176 4356 417 4411 rantiam
469 4349 573 4405 fuit
620 4348 850 4418 ejectus.
890 4343 1168 4415 Jejunium
1214 4350 1300 4395 est
1352 4340 1477 4393 vitae
1523 4338 1760 4393 ccclestis

1791 1729 1833 1784 Β

1787 3097 1829 3154 C

1865 852 2067 908 debent
2082 853 2335 907 monachi
2359 868 2579 922 operam
2601 853 2732 907 dare
2754 852 3121 917 abstinentia,
3138 851 3459 921 jejunioque

1864 959 2066 1015 corpus
2107 946 2364 1015 allligere,
2395 946 2620 1000 domare
2652 955 2812 1014 atque
2842 960 3145 1007 macerare,
3178 953 3236 998 ut
3257 943 3461 997 donen‘

1864 1045 1956 1091 tur
2041 1038 2355 1107 incorrupto
2450 1049 2506 1093 et
2610 1037 3052 1093 immarcescibili
3122 1034 3452 1089 diademate.

1864 1129 2006 1185 Inter
2050 1129 2275 1199 spiritus
2325 1139 2450 1185 octo
2503 1130 2755 1194 malitiae,
2807 1130 2924 1183 sive
2969 1137 3194 1197 peccata
3243 1127 3456 1197 capita-

1866 1219 1936 1274 lia
1994 1221 2201 1290 primas
2243 1220 2396 1276 ducit
2448 1222 2573 1291 gula
2629 1220 2842 1291 jejunio
2905 1221 3161 1284 adversa,
3220 1228 3283 1274 ut
3339 1219 3456 1287 ipse

1864 1311 2015 1367 Nilus
2044 1314 2276 1369 collocat
2299 1314 2352 1369 in
2370 1323 2605 1369 tractatu
2636 1314 2702 1370 de
2726 1314 2834 1369 illis
2863 1329 2986 1374 suo,
3011 1321 3067 1367 et
3095 1311 3457 1382 quemadmo-

1862 1403 1991 1457 dum
2064 1415 2149 1460 est
2212 1422 2277 1461 ea
2344 1407 2545 1461 ostium
2602 1407 2835 1460 aliorum
2911 1404 3248 1469 criminum,
3288 1401 3451 1473 663

1862 1497 1935 1549 ita
1961 1496 2231 1567 jejunium
2289 1498 2456 1567 janua
2489 1508 2573 1553 est
2631 1500 2863 1553 aliarum
2925 1498 3235 1559 virtutum;
3278 1495 3447 1559 Elias,

1862 1586 2098 1659 Moyses,
2157 1597 2211 1644 et
2273 1590 2523 1645 Christus
2583 1589 2849 1645 Dominus
2911 1588 3124 1659 jejunio
3189 1602 3249 1642 se
3311 1600 3448 1655 prm-

1864 1679 2227 1735 munierunt:
2274 1680 2511 1751 primus,
2546 1696 2671 1736 cum
2735 1682 2800 1736 ad
2866 1680 3035 1736 Deum
3086 1677 3334 1748 confugit
3389 1676 3448 1731 in

1867 1778 2102 1823 montem
2147 1768 2265 1835 Dei,
2308 1770 2425 1825 sive
2455 1769 2624 1835 Oreb,
2655 1770 2904 1826 meminit
2958 1768 3197 1824 Joannes
3244 1767 3448 1821 Clima-

1863 1876 1963 1916 cus
2003 1860 2176 1932 gradu
2206 1862 2261 1928 7,
2296 1876 2350 1932 p.
2387 1862 2529 1917 158:
2570 1861 2758 1917 Siddin
2808 1861 2913 1917 loci
2986 1860 3447 1915 anachoretarum

1863 1954 2020 2009 ardui
2048 1962 2104 2009 et
2128 1953 2415 2020 inaccessi,
2463 1955 2557 2023 qui
2589 1955 2826 2011 distabat
2856 1952 3214 2024 septuaginta;
3246 1948 3449 2004 millia-

1864 2046 2019 2101 ribus
2048 2062 2078 2101 a
2114 2054 2323 2109 castro,
2353 2046 2407 2100 in
2463 2061 2624 2116 quem
2669 2047 2847 2101 locum
2876 2051 3179 2101 secesserat
3211 2041 3448 2112 Stepha-

1864 2153 1970 2193 nus
2005 2154 2036 2192 a
2067 2138 2205 2191 cella
2234 2152 2331 2191 sua
2378 2137 2625 2207 migrans
2683 2135 2750 2190 ad
2800 2135 3036 2190 radicem
3098 2131 3320 2196 montis,
3376 2129 3446 2185 ad

1864 2246 2026 2301 quem
2062 2230 2207 2286 Elias
2237 2230 2501 2301 propheta
2533 2229 2700 2283 Deum
2735 2229 2962 2290 viderat,
2992 2236 3107 2281 tum
3158 2225 3222 2279 ad
3253 2224 3446 2279 cellam

1863 2340 2019 2381 suam
2046 2338 2301 2379 reversus
2336 2332 2441 2384 est,
2478 2321 2547 2376 de
2576 2320 2715 2383 Elia,
2746 2328 2798 2373 et
2827 2319 3107 2389 spelunca,
3139 2316 3193 2370 in
3218 2330 3325 2385 qua
3353 2314 3445 2367 ille

1865 2415 2065 2471 delusit
2102 2414 2363 2485 fugiendo
2392 2411 2628 2480 Jesabel,
2668 2410 2738 2466 ΙΙΙ
2771 2410 2904 2481 Reg.
2944 2425 3057 2472 xvr,
3082 2410 3134 2465 9.
3190 2406 3385 2461 Petrus
3410 2421 3444 2460 a

1868 2507 2040 2569 Valle,
2098 2514 2233 2559 tom.
2268 2504 2311 2569 Ι,
2364 2503 2459 2557 fol.
2495 2502 2586 2556 80.
2640 2501 2924 2556 Secundus
2990 2511 3311 2569 progressus
3370 2492 3443 2547 ad

1867 2598 2019 2652 Sinai
2048 2611 2332 2659 cacumen,
2372 2594 2547 2648 Exod.
2590 2608 2775 2657 xxxrv,
2802 2591 2860 2654 2,
2903 2604 3129 2645 saxeum
3158 2587 3439 2651 volumen,

1867 2691 2081 2760 rupices
2126 2688 2354 2758 paginas
2404 2685 2676 2754 Decalogi,
2734 2692 2794 2739 ut
2838 2681 3081 2752 loquitur
3150 2680 3443 2735 Salvianus

1862 2783 1958 2837 lib.
1994 2781 2069 2834 De
2094 2780 2470 2852 gubernatione
2535 2776 2651 2843 Dei,
2719 2774 2894 2847 p.22,
2954 2775 3165 2843 accepit
3222 2788 3255 2828 a
3308 2771 3441 2828 Deo.

1862 2874 2112 2949 Christus
2144 2882 2324 2927 autem
2361 2870 2561 2925 vindex
2595 2878 2651 2924 et
2681 2878 2921 2924 assertor
2948 2867 3163 2938 generis
3215 2864 3442 2919 humani

1856 2967 2113 3038 jejunans
2143 2965 2197 3019 in
2225 2964 2441 3019 deserta
2472 2960 2767 3018 solitudine
2791 2975 2916 3015 cum
2949 2958 3148 3013 Satana
3182 2972 3446 3029 congres-

1863 3073 1961 3113 sus
1996 3058 2175 3127 ipsum
2200 3055 2423 3120 devicit,
2475 3062 2530 3108 et
2558 3066 2853 3108 cxarmans
2880 3049 3190 3115 debellavit,
3239 3048 3442 3104 edixit-

1862 3164 1969 3220 que
2014 3146 2299 3217 discipulis
2326 3145 2441 3202 suis
2467 3144 2860 3200 dasmoniorum
2891 3156 3065 3213 genus
3099 3148 3333 3206 mutum,
3386 3150 3444 3198 et

1861 3241 2093 3296 allidens
2118 3256 2225 3295 non
2244 3239 2368 3309 ejici
2403 3237 2507 3292 nisi
2541 3237 2594 3291 in
2618 3234 2832 3307 jejunio
2882 3242 2937 3289 et
2974 3234 3241 3298 oratione,
3268 3232 3439 3289 Marc.

1860 3331 2060 3397 tx,28.
2114 3330 2354 3388 Joannes
2424 3327 2738 3399 patriarcha
2795 3325 3441 3394 Constantinopolitanus

1862 3422 2179 3494 popularem
2216 3434 2407 3476 auram
2440 3428 2669 3488 captans
2700 3430 2846 3471 anno
2868 3415 2996 3479 585,
3051 3423 3106 3470 et
3168 3415 3442 3485 jejunato-

1859 3517 1957 3577 ris.
1984 3516 2099 3571 sive
2125 3511 2421 3585 νηστευτοῦ
2445 3510 2549 3566 sibi
2584 3524 2891 3580 cognomen
2930 3508 3228 3576 asciscens,
3260 3524 3440 3579 usque

1860 3614 1927 3668 ad
1964 3612 2066 3667 597
2090 3625 2293 3665 annum
2336 3609 2388 3663 id
2417 3615 2633 3678 gestare
2664 3603 3125 3675 perhonoriﬁcum
3152 3602 3438 3657 existima-

1859 3708 1956 3771 vit,
1988 3715 2042 3759 et
2070 3705 2163 3759 illo
2193 3718 2252 3758 se
2287 3701 2406 3758 suis
2447 3700 2694 3771 plebibus
2718 3697 2838 3768 plus
2904 3711 3063 3765 atquo
3116 3693 3435 3751 venditavit.

1868 3797 1972 3851 Sed
2006 3796 2074 3851 de
2101 3793 2309 3864 jejunio
2346 3792 2436 3863 qui
2463 3790 2634 3847 coluit
2681 3790 2735 3844 id
2767 3799 2876 3843 tam
2917 3786 3137 3848 eximie,
3178 3800 3243 3841 ac
3267 3786 3319 3841 ei
3344 3786 3441 3841 de-

1860 3888 2007 3941 ditus
2048 3887 2119 3940 ita
2146 3884 2268 3949 fuit,
2320 3893 2380 3939 ut
2426 3882 2646 3952 quoties
2693 3879 2851 3935 cibus
2922 3877 3222 3933 sumendus
3265 3883 3434 3940 esset,

1861 3978 2025 4032 toties
2050 3982 2380 4030 tormentum
2414 3971 2603 4027 subire
2632 3970 2947 4036 videretur,
3017 3976 3243 4023 sanctus
3303 3965 3438 4021 Ber-

1860 4068 2065 4122 nardus
2099 4065 2273 4121 fusius
2310 4064 2421 4133 agit
2451 4064 2504 4118 in
2528 4077 2595 4118 eo
2626 4061 2886 4116 nimirum
2918 4057 3434 4115 exercitatissimus.

1863 4160 2004 4215 Sunt
2070 4160 2216 4213 enim
2269 4156 2587 4225 eloquentes
2637 4154 2980 4223 potissimum
3050 4151 3303 4205 homines
3377 4148 3440 4203 in

1860 4266 1926 4305 eo
1980 4248 2126 4319 quod
2178 4247 2383 4311 sciunt,
2437 4258 2693 4300 sermone
2745 4243 2815 4297 50
2879 4240 2949 4295 ad
2984 4240 3212 4295 Cantica
3262 4238 3441 4294 canti-

1860 4358 2005 4397 rum.
2045 4340 2261 4410 Jejunio
2296 4339 2480 4408 itaque
2532 4345 2664 4393 sunt
2704 4336 2788 4391 usi
2828 4334 2984 4390 Nilus
3035 4343 3089 4388 et
3121 4331 3436 4387 Theodotus

175 4446 402 4501 atrium.
432 4440 510 4497 E0
540 4442 558 4511 (
589 4451 647 4495 ut
675 4449 759 4494 est
803 4438 959 4492 testis
993 4444 1216 4491 sanctus
1242 4431 1502 4501 Basilius)
1532 4430 1756 4501 propul-
1787 4436 1831 4491 D
1863 4449 1962 4505 pro
2027 4432 2205 4487 aetatis
2256 4430 2525 4501 cujusque
2580 4428 2796 4483 ratione
2848 4442 2913 4481 ac
2959 4426 3143 4491 modo,
3197 4422 3437 4479 agmulati

178 4548 377 4595 santur
408 4534 731 4589 tentationes
755 4528 982 4592 diaboli,
1012 4525 1215 4581 Christi
1241 4525 1440 4579 milites
1474 4532 1760 4577 armantur
1861 4534 2111 4582 sanctum
2139 4524 2301 4577 etiam
2351 4522 2594 4585 Petrum,
2647 4518 2736 4574 cui
2770 4534 2878 4573 non
2923 4519 3058 4573 satis
3083 4517 3187 4573 fuit
3249 4531 3439 4573 amare

177 4633 245 4686 ad
274 4632 550 4701 pietatem,
581 4624 763 4697 cpifex
800 4632 883 4677 est
914 4622 1046 4675 illud
1077 4618 1452 4688 temperantia:
1500 4626 1555 4673 et
1578 4618 1755 4672 conti-

178 4724 397 4778 nentiaz.
431 4721 589 4774 Certe
624 4726 847 4772 sanctus
886 4714 978 4768 hic
1028 4712 1220 4767 doctor
1269 4716 1405 4766 adeo
1430 4711 1759 4767 abstinentia

177 4814 456 4879 excelluit,
486 4819 544 4865 ut
586 4810 777 4879 spiritu
820 4815 1031 4861 tantum
1069 4804 1257 4859 vivens
1279 4842 1295 4867 ,
1327 4813 1520 4873 praeter
1549 4819 1673 4873 ossa
1704 4811 1760 4859 et

178 4908 395 4979 pellem,
425 4904 569 4957 nulla
593 4910 851 4972 praeterea
878 4896 1123 4967 corporis
1153 4905 1303 4965 parte
1325 4904 1577 4950 constare
1610 4896 1759 4950 vide-

179 5010 351 5054 retur.
414 4994 776 5050 Praetermitto
822 5008 944 5062 quae
986 4990 1229 5062 congerit
1279 4988 1758 5059 eloquentissimus

181 5092 273 5146 ille
296 5089 523 5144 antistes
548 5087 602 5140 in
626 5085 746 5155 ejus
772 5082 1324 5144 commendationem,
1342 5080 1401 5132 ὲν
1426 5079 1603 5147 λόγοις
1628 5078 1758 5149 περὶ

179 5184 281 5252 τῆς
313 5180 567 5253 νηστείας
596 5219 610 5241 ,
650 5178 703 5231 id
734 5187 840 5241 est,
864 5177 917 5228 in
948 5173 1274 5228 sermonibus
1309 5172 1371 5226 de
1392 5172 1631 5241 jejunio,
1662 5170 1758 5240 qui

179 5273 544 5332 conferendns
568 5276 651 5325 est
677 5284 800 5323 cum
826 5266 1180 5329 Tertulliano,
1199 5280 1322 5335 pag.
1347 5263 1469 5325 190,
1500 5262 1583 5318 Ad
1615 5280 1759 5316 mar-

184 5380 366 5441 tyres,‘
420 5373 611 5421 sancto
666 5362 999 5432 Hieronymo
1046 5360 1101 5413 in
1149 5358 1432 5427 Epistolis,
1470 5356 1525 5411 in
1565 5357 1757 5426 primis

183 5479 305 5517 cum
352 5466 542 5513 sancto
582 5454 872 5509 Ambrosio
896 5495 910 5518 ,
947 5451 1039 5521 qui
1082 5467 1206 5505 eum
1257 5451 1524 5515 imitatur,
1558 5449 1652 5502 lib.
1684 5448 1760 5502 De

184 5555 308 5611 Elia
346 5563 395 5606 et
429 5549 658 5621 jejunio.
708 5545 852 5601 Inter
892 5543 1311 5599 exercitationes
1362 5541 1757 5596 monachorum

182 5645 484 5718 principem
532 5640 661 5713 illud
689 5638 900 5695 obtinet
926 5637 1126 5701 lacum,
1160 5644 1506 5702 mentemque
1537 5632 1759 5686 lumini-

186 5741 287 5797 bus
316 5734 690 5808 spiritualibus
716 5731 954 5787 illuStrat
973 5745 1036 5785 ac
1058 5738 1324 5799 praeparat
1356 5730 1419 5783 ad
1445 5725 1758 5796 excipienda

1860 4619 2011 4682 ﬂere,
2042 4627 2341 4688 potumque
2361 4629 2523 4669 suum
2556 4612 2811 4683 Iacrymis
2859 4611 3182 4675 admiscere,
3245 4624 3434 4663 verum

1858 4721 1914 4766 et
1953 4712 2155 4765 amaris
2194 4708 2395 4778 lupinis
2436 4721 2657 4776 quoque
2704 4720 2764 4760 se
2831 4718 3054 4773 pascere
3103 4702 3292 4765 voluit,
3353 4700 3436 4756 uti

1860 4804 2009 4858 canit
2055 4800 2349 4872 Gregorius
2396 4796 2776 4851 Nazianzenus
2834 4794 3060 4849 Iambic.
3118 4810 3288 4847 carm.
3342 4794 3434 4849 l8.

1860 4894 2000 4961 Quid
2030 4893 2252 4949 Petrum
2289 4890 2448 4959 cujus
2472 4890 2630 4943 cibus
2673 4896 2832 4942 erant
2859 4886 3030 4955 lupini
3071 4885 3234 4940 unico
3290 4899 3435 4949 asse,

1862 4991 1965 5044 hoc
1991 4996 2074 5042 est
2096 4987 2282 5041 decem
2319 4983 2506 5047 minis,
2542 4983 2657 5036 sive
2711 4980 2890 5035 unciis
2939 4979 3107 5047 empti
3164 4993 3230 5031 es
3290 4976 3437 5031 Billii

1858 5081 2133 5143 versione,
2177 5095 2229 5148 p.
2275 5076 2434 5140 1580,
2467 5075 2561 5145 qui
2612 5081 2770 5141 putat
2812 5087 2937 5127 eum
3002 5086 3070 5125 ex
3121 5070 3437 5140 apocrypho

1859 5173 2093 5244 quodam
2111 5171 2362 5225 hausisse
2379 5168 2537 5227 libro,
2558 5182 2612 5237 p.
2631 5164 2791 5219 l587.
2811 5162 2916 5216 Sed
2948 5162 3243 5227 Gregorius
3272 5160 3440 5215 refert

1860 5269 1915 5321 in
1958 5266 2204 5321 oratione
2226 5277 2445 5332 quoque
2476 5260 2553 5313 De
2605 5273 2784 5311 amore
2820 5255 3175 5326 paupertatis,
3208 5261 3343 5307 tom.
3391 5252 3434 5319 l,

1860 5374 1985 5429 pag.
2019 5357 2143 5412 457.
2187 5357 2419 5410 Sanctus
2437 5352 2598 5407 etiam
2634 5347 2918 5401 Matthaeus
2947 5345 3158 5400 semina
3204 5354 3261 5398 et
3286 5360 3439 5399 sum-

1862 5469 1949 5506 ma
1983 5452 2192 5506 olerum
2229 5447 2446 5516 fastigia
2482 5440 2820 5502 comedebat,
2875 5438 2955 5493 uti
3001 5448 3223 5493 sanctus
3268 5434 3437 5489 Joan-

1862 5559 1960 5597 nes
1999 5541 2264 5612 Baptista,
2296 5552 2391 5593 seu
2442 5536 2701 5589 arborum
2735 5529 2966 5585 vertices
3017 5528 3438 5590 elliorescentes,

1863 5644 1960 5689 aut
2015 5634 2253 5689 locustas
2281 5629 2464 5685 etmel
2522 5634 2736 5697 agreste
2792 5622 3174 5686 manducabat,
3217 5626 3443 5673 auctore

1863 5723 2145 5779 Clemente
2168 5718 2564 5785 Alexandrino,
2594 5718 2686 5772 lib.
2715 5732 2752 5771 ll
2811 5713 3121 5784 Pwdagog.,
3154 5726 3209 5781 p.
3233 5708 3423 5767 61.οἈ-
