3816 6220
387 224 513 291 1391

1115 225 1262 287 JOS.
1306 226 1567 285 ΜΑΒΙίΕ
1611 226 1967 287 SUARESII
2008 226 2237 286 LIBER
2272 227 2901 288 CHRONOLOGICUS

3507 231 3656 296 1392A

380 349 575 391 cumen
606 334 862 389 arborum
885 333 1287 403 explementum
1319 352 1439 388 esse
1465 336 1689 398 ventris,
1717 337 1948 399 Seneca,
1976 345 2026 400 Α
2056 337 2148 401 lia,
2203 339 2317 393 sive
2355 342 2590 409 mapalia
2636 338 2999 396 Numidarum
3031 340 3312 407 Afrorum,
3338 341 3409 397 de
3437 346 3631 413 quibus

380 427 538 494 epist.
570 425 621 484 5.
653 433 803 479 nmat
824 435 878 479 et
908 442 1004 496 pro
1035 426 1271 492 ἀκρίδων
1296 442 1448 491 voce,
1492 426 1541 479 id
1574 436 1676 491 est,
1719 427 1951 479 locusta-

380 534 520 580 rum,
562 516 709 588 ἄκρα
748 516 925 587 δρυῶν
963 518 1051 571 alii
1090 521 1269 585 legunt
1303 535 1395 572 seu
1434 534 1698 587 gemmas,
1751 519 1952 572 ﬂoscu—

380 608 483 671 lus,
533 618 588 662 et
611 621 852 663 extrema
906 610 1243 663 novellarum
1298 611 1582 673 arborum,
1635 611 1775 679 apud
1826 626 1954 665 san-

380 711 526 755 ctum
548 700 857 755 Matthwum
884 717 931 758 c.
977 718 1057 764 ιιι,
1096 718 1146 755 v.
1178 703 1230 756 4.
1269 702 1557 771 Nicephor.
1606 703 1698 756 lib.
1730 718 1783 767 ν,
1812 718 1860 756 c.
1886 703 1955 756 M

380 796 716 861 Historiar.;
747 795 936 865 Cujac.
981 796 1045 849 ad
1085 796 1118 848 l.
1153 798 1257 861 Qui
1288 813 1536 849 venenum
1562 798 1689 862 256,
1718 796 1744 866 §
1789 795 1955 849 Glan-

379 889 463 942 dis
502 888 566 942 ο.
601 889 662 941 de
694 887 833 942 verb.
862 888 1133 956 signiﬁc.;
1160 886 1401 942 Isidorus
1456 886 1751 954 Pelusiota,
1792 891 1951 958 epist.

382 981 417 1034 5
458 990 514 1035 et
568 980 705 1045 152;
738 977 1004 1032 Baronius
1048 978 1339 1034 cardinalis
1375 979 1444 1033 ad
1477 995 1606 1034 ann.
1651 980 1710 1035 C.
1744 979 1808 1035 N.
1863 982 1952 1045 51,

381 1073 473 1127 ubi
507 1070 781 1142 Spondan.
825 1086 976 1124 num.
1006 1069 1061 1139 6;
1101 1070 1455 1127 Kimedonius
1496 1072 1639 1141 apud
1671 1071 1956 1145 Theophy-

379 1166 581 1221 laetum
625 1164 978 1218 Simocattam
1020 1163 1437 1228 scholasticum,
1483 1166 1643 1235 epist.
1692 1166 1779 1230 11,
1836 1182 1956 1219 ver-

379 1261 444 1313 tit
493 1258 721 1330 ἀκρίδας
790 1257 927 1311 male
981 1256 1234 1321 cicadas;
1294 1258 1555 1313 Ebionita:
1609 1260 1663 1313 in
1723 1257 1958 1329 Evange-

379 1353 454 1407 lio
502 1350 739 1405 Matthaci
805 1350 1057 1419 legebant
1101 1348 1381 1420 ἐγκρίδας,
1436 1350 1490 1404 id
1548 1359 1651 1416 est,
1700 1350 1953 1421 ἐπίχυτα,

378 1461 475 1501 seu
501 1443 726 1508 mellita,
762 1442 846 1496 vel
878 1440 981 1495 mel
1007 1441 1288 1511 sylvestre;
1325 1451 1550 1497 sanctus
1592 1443 1954 1513 Epiphanius,

379 1538 571 1591 haeres.
641 1533 731 1598 50,
775 1548 830 1603 p.
892 1533 1016 1599 158,
1068 1533 1135 1588 de
1189 1535 1381 1604 ἄκροις
1435 1533 1652 1604 ὃρυῶνς
1704 1534 1953 1601 Crusius,

378 1629 472 1684 lib.
504 1647 522 1685 1
557 1627 817 1683 Germano
860 1626 1100 1693 Grazciw,
1139 1636 1278 1681 erat.
1296 1628 1370 1680 De
1395 1626 1519 1697 (ing.
1561 1626 1754 1693 σῆρα,
1785 1644 1840 1697 p.
1865 1628 1951 1695 11,

2057 427 2351 482 Sallustius
2372 429 2448 483 De
2474 430 2596 482 bell.
2632 428 2912 498 Jugurth.,
2936 446 2988 500 p.
3013 429 3101 493 95,
3135 445 3256 499 qua:
3278 446 3380 499 pro
3406 433 3633 501 tuguriis

2054 523 2232 579 erant,
2265 517 2423 583 quasi
2460 516 2678 570 navium
2709 519 2929 582 carinae,
2952 526 3007 571 et
3043 534 3106 572 ex
3141 519 3309 574 alveis
3335 535 3527 573 earum
3559 521 3635 573 in-

2055 606 2232 660 versis
2278 607 2622 676 plerumque.
2647 608 2870 664 Servius
2897 609 2952 663 in
2984 608 3199 680 Virgil.,
3228 610 3450 673 lsidor.,
3502 609 3636 665 Vos-

2057 698 2171 752 sius
2208 697 2260 751 in
2290 697 2591 769 Etymolog.
2623 698 2759 754 Hinc
2791 702 2988 755 lemma
3040 702 3334 757 cardinalis
3370 702 3430 757 S.
3454 702 3530 757 R.
3578 702 3632 756 Ε.

2052 787 2592 857 jurisconsultissimi
2660 788 2949 859 Seraphini
2994 788 3242 853 Olivarii,
3305 792 3402 861 qui
3463 801 3637 844 ratem

2057 878 2326 934 inversam
2344 896 2451 949 qua
2472 896 2531 935 se
2555 889 2759 949 tegeret
2782 880 3103 949 assumpsit,
3118 890 3173 935 et
3190 881 3633 936 hemistichium:

2068 969 2289 1025 Vexerat
2307 971 2399 1025 illa
2415 972 2585 1041 prius.
2605 970 2682 1025 Ex
2714 971 2798 1026 his
2828 973 3062 1043 tuguriis
3086 987 3386 1041 cognomen
3418 981 3639 1026 traxere

2056 1060 2334 1132 Calybitm,
2368 1077 2507 1132 quos
2544 1062 2689 1117 inter
2716 1063 3107 1117 celeberrimus
3127 1072 3211 1118 est
3240 1062 3425 1118 Romae
3462 1061 3639 1117 Joan-

2057 1168 2178 1218 nes,
2230 1155 2319 1224 qui
2384 1156 2487 1210 sibi
2529 1154 2775 1225 καλύϐην
2804 1154 2914 1209 ἀπὸ
2946 1154 3039 1209 τοῦ
3078 1154 3395 1221 καλύπτειν,
3432 1157 3489 1209 id
3531 1165 3635 1220 est,

2055 1263 2085 1301 a
2136 1248 2421 1312 latitando,
2485 1263 2579 1303 seu
2635 1249 3032 1319 gurgustiolum
3086 1249 3140 1302 in
3194 1249 3446 1303 Tiberina
3499 1263 3641 1305 con-

2058 1341 2259 1393 struxit
2325 1340 2526 1406 insula,
2594 1340 2686 1394 ubi
2736 1351 2849 1395 tam
2900 1340 2993 1394 diu
3051 1339 3264 1395 delituit
3333 1340 3423 1394 ille
3488 1340 3641 1394 ﬁlius

2056 1431 2305 1501 EutrOpii
2339 1442 2393 1486 et
2416 1431 2736 1499 Theodoraa,
2777 1433 3007 1487 divitum
3042 1434 3242 1488 civium
3311 1433 3638 1488 Constanti-

2057 1525 2605 1594 nopolitanorum,ab
2639 1527 2833 1581 abbate
2862 1536 3227 1582 acmmetense
3254 1527 3641 1596 proficiscente

2060 1615 2488 1689 Hierosolymas,
2525 1618 2594 1674 ad
2623 1619 2874 1687 pietatem
2902 1621 3180 1675 excitatus
3226 1631 3281 1673 et
3310 1634 3635 1680 conversus,

374 1720 540 1793 δεῇ,
586 1737 617 1776 e
684 1720 1005 1775 Pantalione
1051 1736 1116 1774 ac
1176 1718 1439 1788 Gregorio
1470 1692 1548 1773 ⁷ίιι
1613 1692 1949 1774 mansum;
1985 1692 2028 1751 Β
2056 1707 2232 1764 donec
2270 1710 2488 1765 tandem
2531 1726 2562 1764 a
2594 1721 2767 1766 matre
2799 1710 2903 1766 fuit
2947 1712 3165 1782 agnitus
3193 1711 3394 1764 indicio
3423 1710 3637 1764 codicis

378 1812 485 1869 Sed
514 1813 743 1870 Crusius
792 1813 1099 1876 haereticus,
1152 1821 1203 1868 et
1257 1812 1606 1882 Evangeliqu
1654 1814 1785 1868 illud
1841 1811 1950 1869 lle-

374 1905 643 1971 braicum,
694 1916 749 1960 et
791 1919 822 1958 a
864 1901 1136 1957 Nazaraeis
1194 1901 1582 1969 adulteratum,
1642 1903 1719 1957 uti
1768 1911 1952 1957 monet

376 2008 599 2053 sanctus
627 1997 964 2067 Epiphanius
994 1995 1091 2049 ibi.
1137 1995 1235 2050 Est
1267 1996 1699 2053 autem.locusta
1752 1997 1950 2053 insecti

374 2104 547 2159 genus
570 2088 686 2147 alas
715 2088 922 2144 habens
952 2087 1197 2142 inﬁrmas
1251 2088 1318 2141 ad
1370 2088 1685 2143 volandum.
1744 2086 1945 2142 Verum

374 2181 430 2235 in
470 2180 856 2235 solitudinibus
889 2180 1091 2235 montis
1118 2178 1270 2233 Sinai
1297 2180 1551 2235 monachi
1605 2181 1714 2233 τῶν
1776 2182 1944 2250 ἀκροσ

371 2273 548 2345 δρύων
575 2273 643 2326 τὰ
676 2274 943 2345 χρήσιμα,
969 2272 1063 2326 καὶ
1091 2271 1369 2342 διαμένειν
1407 2272 1713 2343 δυνάμενοι,
1744 2277 1811 2345 τῇ
1835 2291 1946 2327 τοι-

371 2366 513 2440 αύτῃ
537 2366 896 2436 φυλάττοντες
941 2365 1103 2437 χρείᾳ
1152 2364 1396 2430 ἀνύουσι,
1429 2365 1633 2421 siccant
1688 2368 1945 2422 monachi

373 2472 568 2529 nempe
599 2460 736 2529 πρὸς
794 2459 1002 2531 τροφὴν
1066 2459 1408 2530 χειμερινήν,
1464 2459 1518 2513 id
1574 2469 1678 2524 est,
1719 2461 1784 2515 ad
1840 2462 1944 2515 ali-

372 2562 614 2606 mentum
657 2551 944 2605 hibernum
984 2551 1272 2607 baccarum
1305 2552 1671 2622 sylvestrium,
1700 2567 1794 2607 seu
1849 2570 1945 2608 ex-

372 2642 707 2696 tremitatum
735 2641 989 2696 arborum
1027 2657 1143 2707 eas,
1183 2657 1305 2712 quae
1334 2643 1457 2697 usui
1511 2652 1658 2709 sunt,
1716 2653 1770 2699 et
1821 2660 1944 2714 per—

371 2733 571 2788 durare
608 2740 858 2803 possunt,
889 2744 1190 2795 servantes.
1226 2742 1284 2788 ut
1335 2734 1443 2790 illis
1488 2736 1754 2801 victitent,
1809 2747 1945 2792 teste

371 2822 516 2889 Nilo,
552 2822 769 2877 Narrat.
801 2838 876 2889 tv,
918 2838 972 2893 p.
1003 2824 1094 2889 46,
1145 2831 1201 2880 et
1244 2825 1464 2879 barbari
1511 2827 1718 2881 Arabes
1782 2843 1943 2897 coge-

372 2916 503 2970 bant
553 2914 853 2970 monachos
902 2915 1118 2971 easdem
1172 2915 1275 2971 sibi
1326 2916 1569 2985 deferre;
1632 2918 1756 2974 illos
1806 2922 1945 2975 inter

370 3006 593 3077 quidam
638 3007 802 3077 jussit
832 3022 1063 3077 puerum
1093 3007 1501 3064 ministrantem
1547 3010 1771 3077 senibus
1822 3027 1942 3065 mo-

371 3074 563 3152 nachis
598 3074 926 3166 cuvayay—e‘iv
956 3097 1105 3169 αὑτῷ
1126 3098 1248 3152 τινὰ
1275 3099 1382 3152 τῶν
1408 3074 1744 3170 ἐκχυθέντων
1776 3102 1943 3169 ἀκρο-

369 3189 761 3259 δρύων,ρ.48,
798 3190 1049 3259 colligere
1108 3188 1211 3244 sibi
1281 3190 1529 3259 quadam
1599 3191 1753 3245 humi
1823 3192 1942 3246 fusa

370 3277 609 3350 Iastigia,
639 3296 735 3335 seu
779 3281 1123 3335 summitates
1150 3279 1426 3346 arborum,
1490 3290 1607 3334 tum
1649 3281 1943 3336 crudeliter

368 3387 494 3425 eum
542 3372 856 3426 trucidavit.
908 3369 1382 3427 Verisimillimum
1434 3380 1615 3425 autem
1669 3382 1754 3428 est
1828 3374 1943 3426 ine-

368 3464 538 3526 diam,
587 3469 641 3515 et
688 3461 1095 3528 abstinentiam,
1155 3479 1320 3534 quam
1361 3480 1391 3519 a
1443 3466 1728 3521 monachis
1787 3483 1943 3521 usur-

368 3563 551 3625 patam
582 3553 829 3625 depingit
859 3554 973 3624 ipse
1010 3556 1290 3612 detestans
1347 3559 1723 3623 voracitatem,
1759 3568 1813 3614 et
1842 3561 1937 3615 de-

367 3646 523 3702 licias
567 3646 895 3716 epulonum,
938 3646 1198 3717 opiparos
1247 3664 1567 3704 mensarum
1645 3651 1941 3707 lautiorum

367 3746 686 3807 apparatus,
721 3745 777 3792 et
814 3737 1088 3807 liquorum
1132 3739 1420 3795 misturam
1475 3742 1638 3795 simul
1690 3751 1938 3797 contem-

363 3838 701 3898 peratorum,
735 3845 800 3885 ac
827 3829 881 3883 in
908 3829 1162 3897 odorum,
1204 3832 1473 3897 colorum,
1517 3843 1570 3887 et
1610 3835 1934 3903 qualitatum

363 3920 703 3977 diﬂerentias
731 3922 797 3977 ad
830 3920 1278 3977 inﬂammandam
1310 3922 1613 3989 libidinem,
1632 3922 1815 3978 Nilum
1843 3926 1941 3981 ob-

363 4029 612 4069 servasse
648 4028 772 4067 cum
811 4013 1189 4083 Theodulo,p.
1231 4014 1293 4070 51
1347 4025 1400 4069 et
1431 4015 1538 4084 54;
1580 4016 1712 4085 quin
1765 4026 1819 4070 et
1870 4019 1939 4072 ad

362 4110 535 4163 vitam
597 4108 1009 4163 sustentandam
1062 4109 1246 4165 crudis
1306 4108 1567 4173 oleribus,
1624 4113 1719 4164 καὶ
1772 4128 1937 4179 ακρο-

362 4198 565 4270 δρύοις,
617 4215 715 4254 seu
758 4198 1030 4268 capitibus
1071 4209 1381 4255 tenerarum
1427 4200 1677 4270 stirpium
1739 4201 1934 4257 famem

363 4292 632 4346 obsonare
672 4290 904 4345 aliorum
933 4291 1204 4361 exemplo,
1239 4301 1293 4347 et
1330 4291 1478 4347 sitim
1503 4307 1642 4361 aqua
1679 4293 1937 4362 perennis

362 4398 513 4437 venae
537 4383 874 4452 restinguere
904 4383 1144 4439 solitum.

433 4475 662 4529 Eremus
718 4475 960 4545 quidem,
1016 4477 1127 4531 imo
1175 4475 1344 4530 eremi
1402 4476 1686 4545 permultae
1737 4477 1932 4532 subtus

364 4566 510 4621 Sinai
550 4576 603 4621 et
644 4565 787 4622 Oreb
815 4567 1197 4636 pandebantur
1248 4566 1423 4636 plana:
1455 4575 1619 4637 atque
1662 4567 1932 4622 latissime

360 4658 587 4722 diffusae,
620 4672 739 4727 qua}
786 4658 1000 4712 diversa
1048 4658 1270 4713 nomina
1316 4659 1682 4714 sortiebantur
1714 4674 1745 4714 a
1793 4659 1932 4714 vici-

360 4750 446 4804 nis
481 4750 643 4803 etiam
672 4750 905 4819 oppidis,
961 4758 1018 4804 et
1049 4750 1352 4816 montibus,
1391 4751 1469 4805 uti
1494 4750 1774 4806 desertum
1805 4751 1928 4817 Ziu,

357 4841 500 4912 quod
530 4850 584 4895 et
627 4841 820 4907 Cades,
874 4841 1150 4897 desertum
1207 4840 1444 4908 Pharan,
1495 4843 1655 4913 cujus
1694 4854 1824 4899 sunt
1876 4854 1935 4899 et

358 4932 706 5001 campestria,
772 4934 1049 4986 desertum
1120 4932 1277 5003 Ziph,
1308 4932 1469 5000 Juda,
1520 4933 1791 5002 Idumaeas,
1829 4936 1929 4990 Ju-

356 5024 485 5079 dazze
532 5022 863 5088 Bethlehem,
894 5023 1155 5095 Engaddi,
1184 5036 1291 5081 etc.
1325 5025 1435 5081 Illis
1464 5028 1516 5081 in
1546 5028 1932 5085 solitudinibus

354 5118 512 5187 pauci
548 5117 649 5171 loci
704 5118 1006 5187 remotique
1038 5117 1413 5187 deligebantur
1466 5119 1534 5173 ab
1569 5118 1652 5174 his
1690 5118 1783 5187 qui
1816 5136 1932 5174 mo-

356 5208 620 5262 nasticam
674 5206 942 5277 degebant
989 5207 1180 5273 vitam,
1230 5209 1422 5277 procul
1461 5210 1528 5263 ab
1576 5210 1827 5275 urbibus,
1874 5220 1931 5264 et

355 5299 557 5355 civium
602 5300 969 5365 multitudine,
1030 5316 1100 5355 ne
1132 5303 1386 5371 contagio
1434 5303 1668 5372 quodam
1716 5303 1929 5372 pollue-

353 5399 544 5446 rentur
570 5392 827 5447 vitiorum
868 5394 1007 5447 inter
1038 5407 1133 5449 eos
1161 5396 1621 5462 excrescentium,
1672 5396 1749 5450 ibi
1802 5397 1928 5466 qui-

352 5482 478 5536 dam
520 5482 682 5538 ﬁxere
704 5484 807 5539 sibi
845 5486 1083 5555 tuguria,
1124 5486 1373 5556 μετόχια,
1403 5488 1591 5549 cellas,
1618 5496 1713 5541 aut
1747 5505 1929 5558 παρα-

352 5573 568 5644 inopia,
621 5575 733 5628 sive
778 5576 983 5638 lauras.
1032 5578 1099 5631 de
1149 5577 1349 5645 quibus
1387 5577 1658 5633 Conibefis
1705 5579 1760 5632 iu
1807 5578 1928 5633 Vita

352 5662 528 5714 sancti
587 5660 872 5730 lliacynlhi
919 5665 1256 5728 Amastren.,
1291 5682 1340 5734 p.
1381 5668 1500 5733 150,
1552 5668 1710 5736 quasi
1746 5684 1927 5738 maga-

2056 1799 2356 1870 Evangelii,
2391 1809 2446 1857 et
2473 1802 2540 1857 ad
2570 1802 2769 1859 coelum
2801 1803 3056 1874 migravit
3088 1802 3176 1856 die
3228 1801 3296 1856 15
3351 1800 3636 1863 Januarii,

2056 1907 2166 1961 qua
2200 1892 2400 1947 colitur
2427 1893 2549 1961 ejus
2607 1893 2872 1947 memoria
2930 1893 3086 1964 juxta
3143 1890 3287 1947 idem
3349 1891 3634 1961 Martyrol.

2055 1984 2388 2050 Romanum,
2463 1986 2553 2040 ubi
2619 1985 2910 2040 cardinalis
2952 1983 3279 2039 Baroniuse
3322 1983 3486 2055 665
3546 1982 3635 2036 Li-

2054 2090 2315 2146 pomauo,
2389 2074 2571 2139 Surio,
2657 2084 2711 2129 et
2766 2073 3073 2145 Nicephoro
3137 2074 3388 2142 Callisti;
3444 2078 3639 2130 ﬂoruit

2054 2169 2199 2223 circa
2255 2184 2457 2223 annum
2513 2170 2575 2224 C.
2612 2166 2678 2222 N.
2736 2168 2863 2233 457,
2903 2183 3000 2223 seu
3031 2167 3155 2232 461,
3190 2184 3221 2224 e
3253 2168 3503 2223 Cedreuo
3533 2171 3639 2224 sub

2053 2261 2328 2318 Marciano
2383 2263 2733 2333 imperatore,
2777 2261 2911 2332 quin
2950 2270 3006 2316 et
3049 2261 3151 2316 sub
3186 2261 3386 2328 Leone,
3422 2263 3640 2316 dictus-

2052 2371 2160 2425 que
2206 2354 2305 2409 fuit
2343 2362 2396 2408 et
2444 2362 2668 2424 propter
2718 2352 2887 2408 Deum
2936 2368 3161 2423 pauper.
3191 2351 3356 2408 Card.
3397 2354 3641 2407 Sirletus

2050 2450 2171 2519 ejus
2204 2447 2385 2502 Vitam
2436 2464 2466 2502 e
2499 2448 2686 2502 Grmca
2744 2446 2996 2501 Latinam
3046 2447 3285 2502 reddidit
3328 2461 3397 2500 ex
3439 2462 3641 2499 manu-

2053 2545 2256 2613 scripto
2301 2542 2618 2597 monasterii
2651 2540 3079 2612 Cryptaaferrataa
3103 2579 3118 2605 ,
3173 2539 3333 2608 cujus
3370 2549 3573 2593 auctor
3607 2556 3638 2592 a

2052 2635 2330 2692 Galesinio
2371 2634 2716 2690 existimatur
2760 2633 2982 2687 Simeun
3009 2631 3335 2701 Logotheta,
3379 2647 3479 2686 seu
3520 2630 3637 2685 hle-

2054 2730 2391 2799 taphrastes;
2423 2727 2699 2798 antiquior
2726 2735 2981 2782 censetur
3004 2740 3036 2779 a
3084 2724 3369 2789 Bollando,
3397 2725 3531 2793 quia
3579 2738 3640 2778 se

2050 2824 2274 2880 Joannis
2332 2823 2665 2893 temporibus
2714 2822 2917 2876 vixisse
2973 2819 3191 2886 asserit,
3229 2834 3261 2872 a
3310 2834 3425 2888 quo
3465 2818 3640 2872 Meta-

2051 2916 2298 2987 phrastes
2328 2912 2932 2984 exscripserit.'lncipit
2968 2910 3079 2965 Viri
3102 2912 3239 2980 justi
3277 2910 3421 2964 Vita.
3454 2909 3637 2964 Vitam

2050 3010 2213 3064 aliam
2250 3022 2283 3062 e
2322 3006 2580 3062 Vaticano
2630 3004 2928 3073 exemplari
2978 3002 3169 3057 Latine
3200 3018 3421 3057 versam
3467 3002 3639 3055 edidit

2046 3102 2153 3156 alia
2210 3101 2513 3171 puriorem,
2571 3108 2631 3152 ut
2663 3106 2839 3167 putat,
2891 3095 3261 3165 Rosweydus;
3304 3096 3428 3165 ejus
3469 3111 3635 3150 exor-

2045 3194 2196 3248 dium
2230 3201 2330 3255 est,
2366 3190 2467 3244 Res
2497 3200 2572 3245 est
2592 3205 2719 3243 sane
2749 3189 3046 3258 tyrannica.
3072 3187 3393 3256 Comperies
3423 3200 3637 3243 utram-

2045 3300 2152 3355 que
2206 3284 2351 3355 apud
2391 3282 2732 3338 Bollandum.
2762 3280 3065 3336 Chililetius
3103 3281 3159 3334 in
3190 3279 3415 3335 Bisunt.
3454 3284 3631 3354 antiq.

2043 3379 2110 3433 ad
2166 3392 2369 3432 annum
2403 3376 2465 3431 C.
2486 3374 2553 3429 N.
2584 3375 2745 3438 {59.1,
2776 3375 2864 3428 die
2894 3374 2957 3426 17
3001 3374 3225 3443 Aprilis,
3267 3374 3439 3429 refert
3466 3377 3634 3430 deca-

2043 3486 2175 3524 num
2233 3467 2490 3523 Ecclesiae
2543 3465 2840 3519 Bisuntinae
2893 3465 3123 3520 missum
3180 3462 3355 3520 fuisse
3386 3465 3458 3518 ad
3491 3466 3632 3520 deos

2042 3561 2260 3618 Graecos
2303 3559 2612 3628 episcopos,
2641 3557 2999 3621 Avenionem,
3041 3564 3101 3609 ut
3132 3556 3632 3625 interpretarentur

2040 3653 2450 3722 inscriptionem
2517 3649 2760 3705 Graecam
2823 3648 3013 3711 thecae,
3079 3649 3171 3702 ubi
3224 3658 3393 3717 caput
3450 3652 3627 3704 sancti

2037 3746 2266 3802 Joannis
2302 3743 2563 3815 Calybitaa
2600 3740 2905 3795 Bisuntium
2937 3741 3288 3811 deportatum
3321 3740 3509 3796 fuerat
3542 3743 3629 3796 in-

2040 3839 2251 3893 clusum
2282 3854 2295 3890 :
2332 3836 2579 3906 ejusdem
2612 3832 2751 3889 Vita:
2780 3832 3173 3902 Compendium
3212 3842 3297 3887 est
3325 3835 3380 3887 in
3417 3833 3626 3889 Mean

2038 3950 2144 3989 ms.
2186 3933 2324 3987 Bibl.
2383 3932 2487 3986 BB.
2527 3947 2582 4002 p.
2615 3929 2740 3993 158,
2788 3938 2913 3999 post
2954 3925 3059 3981 Nili
3092 3930 3173 3991 ei;
3202 3927 3307 3996 τὴν
3337 3928 3625 3997 ἀναίρεσιν

2034 4026 2303 4095 διήγημα,
2362 4040 2417 4093 p.
2449 4023 2536 4078 99.
2590 4021 2696 4076 Alii
2747 4019 3000 4074 monachi
3052 4027 3335 4088 utcunque
3364 4019 3625 4074 vivebant

2034 4120 2138 4174 sub
2182 4118 2380 4172 nativis
2422 4124 2707 4170 antrorum
2741 4113 2916 4178 tectis,
2948 4112 3108 4181 pauci
3143 4110 3487 4166 frumentum
3521 4129 3623 4167 no-

2033 4218 2178 4275 rant,
2239 4223 2497 4263 nummus
2531 4205 2764 4262 Cmsaris
2797 4204 3151 4275 ignorabatur
3192 4200 3495 4273 (Syuesius
3523 4219 3623 4257 no-

2034 4318 2158 4358 men
2196 4302 2442 4370 ignotum
2492 4299 2660 4354 tradit
2688 4298 3098 4367 imperatorum,
3137 4310 3241 4349 nec
3269 4296 3385 4350 ullo
3413 4306 3536 4350 erat
3567 4297 3620 4350 in

1964 4393 2010 4448 D
2041 4397 2198 4463 usu);
2234 4394 2383 4447 olera
2417 4402 2470 4446 et
2514 4391 2695 4445 bacca:
2723 4403 3061 4444 summarum
3109 4387 3367 4456 stirpium
3424 4401 3621 4443 mutuo

2036 4482 2412 4546 tradebantur,
2453 4480 2597 4533 inter
2647 4493 2740 4532 eos
2790 4493 2946 4531 rarus
2984 4476 3165 4546 panis,
3203 4477 3353 4530 nulla
3386 4478 3501 4533 illic
3533 4482 3621 4533 in-

2036 4570 2200 4635 vidia,
2251 4568 2398 4621 nulla
2451 4566 2696 4620 ambitio.
2733 4565 3016 4621 Desertum
3047 4567 3214 4619 etiam
3246 4564 3477 4622 Theeue
3508 4584 3617 4623 non

2035 4660 2192 4727 longe
2237 4658 2306 4712 ab
2358 4656 2592 4711 llerudio
2622 4656 2766 4720 vico,
2802 4671 2899 4710 seu
2926 4657 3174 4720 castello,
3208 4672 3389 4726 neque
3422 4661 3621 4729 procul

2035 4751 2103 4804 ab
2140 4748 2550 4820 Hierosolymis,
2600 4750 2673 4802 ita
2716 4760 3093 4816 nuncupatum
3125 4763 3156 4801 a
3190 4746 3412 4805 Thecue
3463 4752 3617 4816 vico,

2033 4843 2147 4897 sive
2189 4841 2324 4895 urbe
2365 4849 2636 4906 montosa,
2686 4838 2845 4909 cujus
2884 4853 3012 4908 ager
3056 4837 3210 4892 ferax
3252 4850 3339 4893 est
3368 4841 3619 4895 olearum

2032 4950 2199 5005 prope
2220 4934 2475 4989 Arabiam
2500 4951 2512 4986 :
2535 4933 2770 4987 solitudo
2790 4941 2891 4998 est,
2925 4948 3047 5001 qua)
3068 4947 3099 4985 a
3128 4931 3446 4987 Bethlehcm
3476 4933 3617 4989 Juda

2032 5026 2361 5096 separaturfi
2387 5040 2482 5080 seu
2508 5025 2537 5076 7
2560 5024 2833 5086 milliaria,
2857 5024 2995 5078 etab
3012 5023 3407 5095 Hierosolymis
3432 5042 3613 5091 nono;

2030 5136 2095 5173 ex
2135 5119 2371 5187 Josepho
2414 5116 2555 5171 Belli
2586 5116 2823 5181 Iudaici,
2860 5117 2955 5171 lib.
2988 5133 3084 5183 vn,
3118 5133 3167 5171 c.
3196 5118 3287 5179 9.5,
3332 5128 3387 5172 et
3426 5120 3613 5189 Antiq.

2029 5213 2246 5266 Judaic.
2270 5213 2363 5266 lib.
2399 5227 2547 5274 lx,c.
2586 5211 2637 5264 1.
2665 5211 2833 5264 Amos
2867 5210 3130 5278 propheta
3157 5210 3210 5263 in
3244 5211 3442 5265 diebus
3470 5210 3616 5265 Ozias

2029 5304 2172 5372 regis
2222 5300 2382 5368 Juda,
2416 5310 2470 5356 et
2505 5299 2795 5356 Jeroboam
2832 5300 2927 5354 ﬁlii
2960 5300 3087 5356 Joas
3117 5301 3258 5371 regis
3286 5303 3459 5357 Israel
3490 5312 3616 5356 ante

2029 5394 2169 5448 duos
2206 5408 2382 5448 annos
2406 5399 2768 5455 terraemotus,
2797 5409 2845 5447 c.
2869 5408 2908 5457 ι,
2942 5406 2996 5448 et
3025 5409 3073 5448 c.
3111 5408 3207 5457 vn,
3242 5409 3293 5447 v.
3330 5394 3421 5455 H,
3460 5394 3617 5449 aitse

2029 5484 2082 5538 in
2102 5482 2407 5552 pastoribus
2430 5484 2494 5536 de
2510 5480 2728 5541 Thecue
2749 5481 2916 5537 fuisse
2933 5482 3324 5536 armentarium
3350 5481 3614 5535 vellican-

2029 5584 2134 5630 tem
2156 5589 2492 5646 sycomoros,
2507 5584 2561 5630 et
2574 5574 2805 5630 electum
2826 5591 2855 5628 a
2880 5574 3111 5629 Domino
3136 5590 3259 5629 eum
3279 5584 3613 5643 sequeretur

2031 5682 2243 5737 gregem
2273 5685 2288 5735 ;
2323 5665 2539 5723 Thecue
2572 5683 2788 5737 quoque
2820 5667 2922 5722 fuit
2954 5669 3127 5737 patria
3150 5667 3423 5722 'Habacuc
3480 5684 3617 5737 pro-
