3816 6220
170 398 317 461 1393

1492 401 1587 459 DE
1622 402 1797 462 VITA
1826 400 1885 458 S.
1928 399 2090 457 NlLl

3302 385 3438 445 1394

166 508 382 581 phetae,
434 514 489 561 et
534 506 782 562 mulieris
837 507 1099 579 sapientis
1134 508 1472 565 Thecuitidis
1506 511 1631 564 inde
1668 526 1765 579 ap-
1798 514 1843 567 A
1937 509 2092 564 Nilus
2123 508 2506 579 quidemanno
2524 504 2726 559 Christi
2755 500 2880 566 410,
2931 514 3040 570 quo
3068 497 3311 563 incursio
3337 496 3440 551 Sa-

169 604 415 674 pellant,
467 616 591 671 quae
639 602 876 671 placavit
920 601 1178 657 Davidem
1215 603 1412 657 iratum
1450 604 1560 657 tilio
1589 604 1764 658 Absa-

172 696 320 759 Ioni,
360 694 453 762 qui
480 693 699 749 fratrem
729 710 889 749 suum
932 696 1164 749 Ammon
1197 698 1490 760 occiderat,
1528 697 1589 751 ll.
1629 696 1761 767 Reg.

168 801 294 850 xtv,
338 786 431 838 ubi
481 784 769 840 Cornelius
793 802 823 840 a
853 786 1076 856 Lapide,
1115 786 1329 842 Rufiino
1361 789 1568 858 Tapha,
1608 788 1763 845 Jose-

170 876 313 945 pho,
345 876 442 928 lib.
477 892 571 929 vm
611 877 796 947 Antiq.
829 879 999 943 Θέκος
1024 879 1080 934 in
1119 878 1239 935 Vita
1274 896 1370 935 sua
1400 881 1604 946 Θέκυα,
1635 884 1764 937 olim

170 967 219 1021 Τ
225 968 442 1022 hecuah
466 970 706 1024 Pererio.

248 1058 333 1112 Eo
361 1061 415 1113 in
446 1062 659 1115 deserto
682 1062 1163 1117 commorahantnr
1193 1064 1466 1129 monachi,
1492 1066 1584 1135 qui
1610 1082 1638 1119 a
1670 1064 1768 1119 Sa-

176 1154 407 1207 racenis
461 1155 719 1208 trucidati
775 1154 1030 1221 fuerunt;
1081 1157 1540 1225 quemadmodum
1582 1167 1770 1212 narrat

173 1245 504 1311 Cassianus,
537 1247 630 1301 lib.
666 1263 717 1301 Iv
749 1248 824 1301 De
854 1250 963 1301 vita
1002 1248 1250 1315 Patrum,
1281 1250 1508 1303 relatum
1542 1265 1572 1304 e
1600 1250 1769 1304 colla-

176 1338 335 1392 tione
394 1348 547 1393 sexta
599 1340 666 1394 de
721 1355 853 1395 nece
908 1339 1130 1394 Patrum
1181 1358 1277 1397 seu
1327 1352 1665 1407 sanctorum,
1701 1358 1767 1397 ex

176 1429 478 1485 Theodoro
527 1433 742 1498 abbate,
788 1432 965 1499 deque
1019 1433 1106 1502 pia
1159 1434 1564 1489 concertatione
1606 1449 1771 1503 super

177 1534 507 1579 sanctorum
546 1526 793 1595 reliquiis
848 1526 921 1579 ibi
956 1526 1085 1595 agit.
1120 1525 1185 1581 Et
1237 1528 1382 1581 hunc
1422 1527 1618 1581 librum
1649 1542 1770 1582 esse

179 1618 444 1687 suspicor
493 1617 766 1674 Theodori
820 1620 1059 1689 episcopi
1091 1619 1343 1675 Massiliae
1372 1622 1436 1675 de
1458 1622 1769 1677 certamini-

179 1711 290 1764 bus
349 1720 672 1781 martyrum,
702 1725 864 1780 quem
915 1720 1132 1765 exstare
1166 1712 1219 1765 in
1253 1712 1638 1768 vetustissimis
1664 1711 1771 1768 Ec-

177 1804 369 1858 clesiae
409 1802 747 1870 Bergomatis
793 1806 1163 1857 monumentis
1194 1811 1425 1858 testatur
1460 1803 1769 1861 Galesinius

180 1896 238 1947 in
272 1894 715 1951 adnotationibus
741 1896 808 1949 ad
856 1894 1205 1965 Martyrolog.
1237 1910 1288 1948 tv
1309 1894 1450 1949 Non.
1482 1895 1766 1962 Januarii;

181 1985 542 2039 Theodorum
588 1987 807 2056 quidem
864 1990 1181 2059 episcopum
1233 1989 1486 2045 Massiliae
1514 2006 1543 2044 a
1579 1992 1771 2061 quinto

180 2078 253 2130 ad
295 2093 510 2132 sextum
563 2095 737 2149 usque
784 2082 1047 2135 saeculum
1084 2080 1289 2153 aiiufo
1333 2080 1771 2153 historiographo

179 2170 566 2224 eruditissimo
599 2170 655 2224 in
689 2169 935 2226 llistoria
973 2172 1273 2227 Massilien.
1304 2189 1426 2245 pag.
1459 2173 1583 2239 52L
1618 2174 1771 2229 inve-

182 2260 279 2314 nio
312 2278 325 2325 ;
365 2261 460 2315 sed
491 2270 543 2315 et
574 2263 821 2317 meminit
844 2264 1080 2334 episcopi
1106 2264 1465 2321 Massiliensis
1498 2264 1771 2322 Theodori

185 2354 394 2423 saepius
419 2352 718 2420 Gregorius
742 2354 1081 2413 Turonensis
1106 2359 1271 2430 666
1289 2360 1478 2413 eodem
1503 2370 1770 2431 tempore,

182 2444 281 2499 lib.
298 2461 375 2511 vt,
392 2462 441 2498 c.
461 2446 495 2498 2
513 2448 658 2501 Hist.
680 2446 905 2515 Frena,
931 2459 985 2504 et
1006 2450 1387 2519 passim,unde
1409 2452 1772 2521 antiquiorem

183 2539 356 2593 istum
389 2538 738 2595 Theodorum
772 2543 968 2610 opinor
999 2545 1314 2613 episcopum
1352 2543 1769 2611 Massiliensem,

182 2644 241 2685 et
270 2648 339 2686 ex
395 2632 592 2688 abbate
622 2649 904 2688 censerem
939 2634 1007 2689 ad
1041 2634 1416 2705 episcopatum
1450 2636 1621 2692 fuisse
1640 2654 1771 2708 pro-

183 2732 430 2791 vectum,
482 2726 596 2779 sive
648 2734 890 2796 raptum,
946 2726 1023 2781 uti
1066 2737 1198 2783 tunc
1228 2732 1399 2785 moris
1428 2740 1564 2796 erat,
1606 2732 1768 2786 etiam

181 2822 442 2890 invitum,
494 2822 724 2895 ideoque
760 2824 934 2895 magis
986 2824 1237 2895 dignum,
1278 2843 1401 2881 cum
1436 2827 1661 2882 forsitan
1704 2829 1775 2884 ad

184 2915 321 2985 illud
358 2915 659 2985 emporium
687 2915 990 2971 Galliarum
1026 2917 1231 2973 Graecis
1288 2919 1589 2973 habitatum
1624 2920 1774 2975 colo-

183 3010 273 3063 nis
311 3016 367 3062 et
400 3009 610 3080 legibus
664 3010 1024 3079 gubernatum
1059 3011 1376 3081 appulisset,
1428 3026 1495 3066 ex
1540 3010 1774 3084 Egypto

182 3116 313 3156 cum
337 3100 602 3157 Cassiano
641 3103 816 3157 sancti
843 3102 1078 3158 Joannis
1105 3101 1485 3175 Chrysostomi
1517 3104 1770 3171 diacono,

1870 616 2191 655 racenorum
2225 600 2328 655 sub
2361 598 2668 653 Theodosio
2696 595 2924 649 Juniore
2953 592 3202 663 contigit,
3231 604 3356 645 cum
3384 589 3443 642 in

1870 692 1999 747 Sina
2060 693 2297 762 degeret.
2346 691 2458 761 jam
2508 705 2671 745 senex
2706 697 2846 749 erat,
2886 695 2944 740 ut
2980 686 3093 754 ipse
3128 690 3335 737 narrat.
3372 680 3443 742 6,

1869 802 1992 857 pag.
2046 785 2136 847 92,
2188 784 2329 856 apud
2382 782 2668 857 Possinum
2722 780 2922 834 fatetur
2951 793 3013 832 ex
3052 775 3281 830 aliorum
3316 787 3443 827 sen-

1869 881 2054 944 tentia,
2109 879 2199 933 ubi
2263 877 2449 932 scribit
2488 894 2500 930 :
2534 871 2641 927 Ἦν
2688 873 2744 926 δὲ
2777 871 2931 940 κάγὼ
2971 869 3136 940 βάδην
3182 866 3447 934 ἑπόμενος

1867 975 1979 1035 τοῖς
2007 970 2440 1041 προστείχουσιν,
2469 967 2543 1030 ὡς
2577 966 2673 1036 μὲν
2708 965 2837 1027 ἴσως
2866 964 3089 1034 φήσειεν
3127 958 3285 1020 ἄλλος
3313 956 3445 1009 ἁδυ-

1868 1064 2058 1134 ναμίᾳ,
2089 1063 2215 1125 τοὺς
2260 1062 2460 1131 μᾶλλον
2508 1058 2789 1129 ἰσχύοντας
2817 1059 2878 1109 οὺ
2929 1053 3146 1124 φθάνων
3186 1046 3449 1117 ἀσθενείᾳ

1867 1156 1963 1210 τοῦ
2004 1158 2214 1227 γήρως,
2270 1154 2321 1207 id
2360 1161 2463 1219 est,
2519 1151 2627 1221 Ego
2672 1166 2790 1203 vero
2833 1148 3088 1217 sequebar
3131 1141 3446 1214 pedetentim

1868 1258 2270 1319 praecurrentes,
2302 1255 2357 1300 ut
2380 1244 2590 1315 quidem
2618 1244 2844 1311 fortasse
2890 1241 3083 1294 diceret
3127 1238 3291 1302 alius,
3335 1249 3447 1304 prae

1872 1339 2185 1406 impotentia
2236 1353 2338 1390 non
2381 1334 2556 1390 valens
2605 1334 2815 1404 assequi
2856 1347 2965 1397 eos,
3021 1331 3113 1401 qui
3156 1325 3450 1393 maioribus

1869 1440 2022 1486 erant
2064 1430 2277 1501 praediti
2315 1428 2531 1494 viribus,
2580 1426 2642 1480 ob
2678 1424 2956 1479 senectutis
2987 1419 3448 1476 imbecillitatem:

1870 1523 2331 1595 quemadmodum
2385 1528 2440 1575 et
2480 1519 2752 1575 subducto
2792 1516 3005 1571 calculo
3036 1528 3159 1567 mox
3191 1522 3448 1578 compro-

1870 1618 2012 1673 babo
2052 1616 2205 1675 illum
2238 1614 2429 1669 affecta
2474 1622 2588 1666 tum
2623 1618 2783 1667 aetate
2839 1609 3029 1664 fuisse.
3060 1605 3197 1660 Nam
3226 1617 3350 1658 cum
3380 1598 3451 1654 ad

1870 1709 2208 1781 praefectura:
2233 1721 2434 1761 munus
2463 1712 2687 1760 evectus
2730 1702 2853 1767 fuit,
2892 1710 2952 1756 ut
3001 1696 3316 1755 astrueham
3348 1708 3447 1749 su-

1870 1820 1990 1873 pra,
2027 1802 2130 1857 sub
2168 1816 2312 1855 anno
2357 1798 2502 1854 ΟΝ.
2543 1797 2667 1863 405,
2716 1795 2817 1851 etsi
2844 1795 2990 1864 leges
3041 1789 3289 1851 annales,
3332 1786 3450 1841 sive

1873 1896 2135 1957 annariae,
2159 1893 2359 1963 quibus
2375 1892 2818 1961 prmscriptacrat
2837 1896 2987 1948 tetas,
3006 1899 3113 1954 qua
3138 1887 3450 1952 peterentur

1873 1987 2133 2049 honores,
2194 1983 2273 2037 uti
2321 1982 2467 2037 canit
2492 1982 2583 2037 ille
2620 1990 2728 2035 tam
2761 1979 2927 2044 Julia,
2969 1991 3133 2047 quam
3170 1971 3449 2041 Pompeia,

1871 2090 1926 2135 et
1960 2080 2103 2143 alite,
2139 2078 2206 2132 de
2235 2077 2433 2147 quibus
2464 2075 2515 2129 in
2548 2074 2585 2129 l.
2617 2074 2752 2129 Cum
2782 2074 2892 2143 lege
2920 2071 2987 2125 ι).
3024 2069 3087 2124 de
3120 2068 3312 2122 arbitr.
3336 2063 3451 2119 etl.

1875 2173 2108 2239 Quidam
2136 2170 2462 2237 consulebat,
2502 2170 2571 2223 57
2606 2168 2675 2223 D.
2717 2168 2782 2222 de
2809 2183 2864 2221 re
2887 2165 3147 2236 judicat.,
3180 2160 3275 2217 ubi
3307 2158 3453 2213 Dua-

1872 2280 2062 2326 renus.
2094 2279 2201 2318 non
2233 2262 2665 2318 observabantur
2697 2257 3057 2321 adamussim,
3088 2254 3309 2322 illisque
3341 2250 3452 2306 sol-

1872 2360 2073 2415 vehant
2095 2357 2473 2426 imperatores,
2492 2364 2547 2409 ut
2572 2361 2729 2408 erant
2752 2362 3147 2419 nonnunquam
3174 2341 3453 2407 dissoluti,

1874 2450 2214 2515 candidatos,
2242 2448 2325 2503 vel
2347 2448 2510 2503 etiam
2533 2445 2687 2516 probi
2714 2453 2767 2500 et
2791 2442 2959 2514 justi,
2978 2456 3105 2496 cum
3134 2439 3311 2493 virtus
3342 2449 3454 2489 non

1871 2543 2034 2615 667
2055 2539 2401 2612 exspectabat
2419 2554 2613 2604 annos,
2633 2537 2727 2592 scd
2744 2535 2984 2591 anteibat
3006 2533 3095 2605 (de
3110 2530 3321 2602 legibus
3344 2527 3453 2583 illis

1874 2636 2009 2691 satis
2029 2634 2113 2703 egi
2140 2632 2261 2689 fuse
2290 2634 2345 2686 in
2367 2630 2687 2686 Diatribade
2714 2627 2916 2684 S.R.E.
2940 2623 3301 2682 cardinalium
3320 2630 3422 2676 aeta
3450 2652 3453 2655 ‹

1874 2726 1973 2798 te),
1992 2735 2231 2781 attamen
2248 2740 2342 2780 eas
2359 2739 2483 2779 cum
2502 2722 2729 2789 Rosino,
2753 2722 2848 2775 lih.
2869 2736 2968 2786 vn,
2990 2734 3112 2789 cap.
3136 2718 3168 2773 9
3191 2715 3453 2785 Antiquit.

1876 2822 2105 2877 Roman.
2152 2836 2277 2891 pag.
2335 2817 2462 2885 697,
2497 2816 2732 2872 arbitror
2792 2828 2995 2869 annum
3031 2812 3229 2868 saltem
3260 2809 3332 2864 4‘2
3362 2823 3459 2863 ex-

1883 2911 2065 2982 egisse
2101 2910 2156 2963 in
2196 2907 2521 2979 praefectura
2547 2906 2721 2973 urbis,
2748 2906 2893 2960 sicut
2917 2913 2972 2959 et
2997 2904 3053 2958 in
3078 2901 3350 2959 senatoria
3378 2901 3461 2955 di-

1876 3002 2083 3074 gnitate
2109 3015 2125 3067 ;
2157 3001 2251 3055 sed
2275 3000 2447 3070 liquet
2470 3015 2536 3054 ex
2555 2996 2832 3067 epitaphio
2854 2993 3199 3065 Pantagathi,
3219 2991 3311 3063 qui
3335 3008 3461 3046 con-

1878 3094 2005 3149 cilio
2030 3092 2367 3148 Arausicano
2397 3090 2638 3147 secundo
2666 3087 3095 3157 subscripserat,
3129 3100 3275 3140 anno
3304 3084 3368 3139 C.
3391 3080 3455 3142 Ν.

180 3190 284 3261 qui
320 3190 673 3246 consuluerat
702 3193 867 3247 istum
897 3191 1269 3259 Theodorum,
1316 3202 1370 3247 et
1400 3194 1649 3249 nominat
1685 3196 1769 3249 vi-
1797 3210 1843 3271 ς
1879 3184 2013 3251 5‘39;
2047 3192 2227 3241 exstat
2256 3182 2389 3239 illud
2415 3183 2647 3238 ίηοίδυῐιὶ
2675 3181 2936 3237 marmori
2961 3179 3228 3246 VaSiODi;
3262 3175 3462 3233 “mmi‘

187 3298 313 3336 tum
341 3282 670 3351 singularem
708 3283 763 3337 in
792 3285 1211 3339 conversatione
1245 3284 1469 3351 actuali,
1497 3284 1773 3341 afﬁrmans

186 3376 446 3429 eumdem
479 3376 754 3433 habitasse
785 3377 836 3431 iu
865 3377 1046 3443 Celtis,
1071 3378 1162 3448 qui
1196 3378 1351 3434 locus
1376 3380 1517 3434 inter
1544 3380 1773 3435 Nitriam

187 3476 261 3537 et
298 3466 579 3539 Scythiam
632 3470 772 3524 situs
820 3485 850 3522 a
905 3471 1241 3525 monasterio
1292 3469 1480 3527 Nitriae
1533 3472 1777 3543 quinque

190 3560 439 3615 millibus
464 3560 697 3628 distans,
730 3563 1005 3633 octoginta
1033 3563 1264 3617 millium
1298 3563 1597 3621 solitudine
1643 3566 1777 3620 diri-

191 3653 365 3707 mitur
404 3654 475 3707 ab
502 3669 687 3710 eremo
717 3654 970 3726 Scythiae,
1002 3655 1056 3709 in
1088 3672 1195 3727 qua
1223 3655 1521 3713 Cassianus
1550 3658 1775 3729 agebat;

190 3752 249 3798 et
276 3744 419 3812 apud
470 3742 763 3801 Henricum
814 3745 1097 3801 Canisium
1133 3746 1227 3801 lib.
1259 3763 1292 3801 v
1350 3748 1535 3818 Antiq.
1561 3747 1774 3803 lection.

191 3838 251 3890 in
302 3837 446 3889 llist.
499 3836 819 3908 Peregrinus
871 3847 1356 3906 commemoratur,
1393 3839 1461 3895 de
1485 3855 1593 3909 qua
1618 3857 1777 3912 supe-

195 3930 314 3984 rius
370 3939 551 3985 actum
613 3940 716 3994 est,
768 3947 890 4002 pag,
948 3932 1074 3997 6i5,
1107 3933 1197 3988 ubi
1249 3932 1316 3987 de
1361 3931 1555 3993 Nitria.
1605 3934 1782 4004 deque

194 4022 363 4088 Oase,
418 4024 486 4077 de
536 4040 643 4093 qua
678 4033 733 4079 et
764 4024 1087 4081 Theodorus
1115 4024 1312 4080 Lector
1335 4024 1390 4079 in
1415 4024 1778 4081 Collectaneis

196 4116 316 4171 haec
364 4116 527 4172 habet
560 4135 573 4170 :
608 4117 869 4188 Σηπεδὸνι
923 4118 1017 4172 τὸν
1053 4117 1213 4189 σῶμα
1253 4117 1524 4188 διέφθειρε
1574 4119 1781 4173 Νεστό-

198 4226 337 4282 ριος,
386 4210 480 4262 καὶ
533 4209 863 4281 ἀνακληθεὶς
911 4210 1022 4264 ἀπὸ
1062 4210 1299 4274 Ὀἁσεως
1359 4211 1523 4280 (male
1587 4211 1783 4282 legitur

210 4302 597 4371 Ἐασέως),ὲφ’
628 4296 673 4371 ᾧ
700 4306 1032 4374 μεταστῆναι
1065 4306 1144 4366 εἰς
1173 4304 1359 4375 ἕτερον
1384 4305 1569 4367 τόπον,
1593 4304 1670 4375 τῷ
1688 4304 1785 4358 θα-

198 4395 346 4463 νάτῳ
402 4394 670 4465 προέλαϐε
704 4394 804 4466 τὴν
845 4394 1168 4466 ἀνάκλησιν·
1234 4396 1289 4451 id
1322 4408 1442 4452 est:
1498 4395 1782 4452 Nestorius

201 4486 479 4555 putredine
523 4487 749 4556 infectus
780 4489 936 4557 periit
966 4488 1023 4541 in
1057 4504 1292 4557 corpore,
1328 4498 1377 4543 et
1409 4500 1683 4544 revocatus
1714 4490 1779 4543 ab

1877 3292 1983 3348 que
2013 3277 2123 3332 duo
2149 3276 2241 3331 isti
2290 3276 2544 3347 leguntur
2572 3290 2800 3331 versus:

1945 3414 2185 3468 Abstulit
2211 3413 2349 3466 hunc
2381 3412 2531 3467 rebus
2559 3410 2765 3464 decimo
2804 3424 2947 3463 mors
2973 3406 3155 3461 invida
3194 3406 3389 3471 lustro,

1949 3484 2196 3553 Namque
2223 3484 2485 3538 senatoris
2516 3482 2692 3552 posuit
2724 3489 2841 3551 post
2873 3478 3085 3550 cingula
3109 3477 3294 3532 vitam.

1877 3616 2082 3686 Nempe
2117 3630 2241 3670 cum
2274 3629 2304 3668 a
2331 3613 2554 3669 senibus
2583 3628 2784 3689 nomen
2815 3610 2946 3666 mite
2984 3619 3209 3666 senatus
3242 3607 3462 3673 habeat,

1878 3707 2021 3761 inter
2054 3703 2539 3776 quadragesimum
2601 3710 2657 3758 et
2700 3700 3216 3772 quinquagesimum
3255 3712 3462 3752 annum

1880 3808 2101 3854 senecta
2143 3797 2357 3852 videtur
2393 3795 2656 3864 incipere.
2688 3793 2844 3848 Plato
2877 3807 3077 3848 novem
3119 3790 3301 3862 posuit
3335 3799 3467 3845 aeta-

1881 3900 1964 3946 tes
1999 3890 2275 3957 hominis;
2303 3895 2502 3960 quarto
2526 3901 2672 3942 anno
2692 3885 3004 3953 infantiam,
3038 3884 3313 3941 ablactato
3345 3891 3468 3955 post

1880 3983 2200 4048 triennium,

1954 4097 2129 4152 Mater
2150 4096 2248 4150 alit
2276 4110 2497 4165 puerum
2520 4094 2739 4147 trimum
2762 4092 3019 4165 trimoque
3041 4092 3321 4165 minorem,

2096 4162 2357 4237 Majorern
2384 4180 2504 4219 vero
2534 4179 2751 4235 pascere
2778 4164 2947 4231 patris
2984 4162 3108 4217 erit.

1885 4306 1925 4362 Ι.
1963 4305 2025 4360 ιι
2053 4302 2303 4357 Machab.
2339 4300 2504 4372 gloss.
2529 4302 2586 4355 in
2619 4315 2749 4355 aea:
2776 4299 2970 4355 litteris
3000 4299 3058 4354 2.
3087 4299 3337 4370 Gregorii
3372 4296 3466 4365 IX,

1886 4407 2041 4455 extra
2084 4397 2157 4453 De
2180 4412 2413 4451 convers.
2436 4395 2592 4464 inﬁd.
2618 4393 2846 4450 ascribit
2878 4392 3108 4449 decenni
3145 4391 3462 4463 pueritiam,

1885 4494 2071 4548 decem
2124 4498 2179 4544 et
2231 4498 2355 4544 octo
2415 4502 2590 4542 annos
2646 4496 2797 4551 nato,
2842 4485 3237 4541 adolescentuli
3269 4499 3469 4548 aevum,

206 4578 366 4644 Oase,
423 4595 541 4631 cum
572 4580 952 4649 transferretur
1002 4580 1171 4634 alium
1194 4582 1249 4634 in
1280 4582 1472 4648 locum,
1506 4584 1781 4637 antevertit
1814 4567 1859 4624 Ῑ)
1889 4582 2315 4640 adolescentiam
2354 4581 2533 4652 agenti
2579 4580 2652 4636 25
2676 4595 2872 4647 annos,
2917 4578 3131 4635 florenti
3159 4578 3248 4646 36,
3300 4579 3472 4634 crudo

202 4678 371 4723 morte
399 4684 716 4738 regressum,
764 4685 854 4723 seu
895 4672 1299 4727 revocationem.
1334 4671 1439 4727 Ista
1469 4684 1597 4728 sunt
1623 4673 1786 4729 verba

202 4762 476 4829 Cassiani,
535 4765 735 4835 quibus
789 4765 1027 4821 delineat
1079 4765 1457 4823 Thecuiticam
1494 4784 1785 4824 eremum:

208 4857 463 4911 «Thecue
488 4857 764 4912 desertum
798 4857 854 4911 in
883 4856 1188 4914 Palatstina:
1206 4860 1451 4929 partibus
1471 4861 1630 4931 juxta
1651 4861 1794 4916 The-

205 4962 308 5001 (συθ
339 4948 522 5002 vicum
562 4948 649 5018 (an
681 4957 953 5002 muratam
988 4948 1283 5015 civitatem,
1318 4967 1482 5020 quam
1520 4951 1793 5006 exstruxit

207 5038 456 5093 Roboam
502 5055 621 5103 rex,
655 5040 702 5095 ll
752 5039 932 5095 Paral.
980 5058 1058 5105 xt,
1098 5042 1152 5108 6,
1188 5047 1356 5098 Amos
1384 5044 1665 5115 prophetae
1694 5059 1792 5115 pa-

208 5128 395 5197 triam)
454 5130 698 5185 solitudo
750 5132 1061 5186 vastissima
1117 5141 1399 5203 estusque
1424 5134 1493 5189 ad
1531 5134 1789 5190 Arabiam

206 5229 263 5276 et
308 5236 459 5275 mare
510 5220 810 5287 Mortuum,
854 5238 963 5293 quo
999 5224 1244 5293 ingressa
1273 5225 1535 5281 deficiunt
1590 5226 1792 5282 fluenta

206 5311 463 5368 Jordanis
510 5323 564 5369 et
594 5314 735 5368 alvei
765 5314 854 5369 siti
904 5315 1112 5371 faciunt
1149 5316 1332 5382 tinem,
1365 5326 1422 5371 et
1445 5317 1660 5373 cineres
1692 5316 1793 5372 So-

209 5408 523 5473 domorum,
556 5408 895 5477 amplissima
955 5409 1278 5464 extensione
1307 5420 1579 5478 porrecta.
1618 5410 1793 5481 Hujus

212 5499 525 5555 solitudinis
566 5502 771 5555 mentio
817 5500 876 5555 fit
925 5500 969 5554 11
1017 5500 1199 5555 Paral.
1244 5517 1336 5565 xx,
1389 5501 1484 5567 20,
1517 5510 1571 5556 et
1604 5501 1645 5556 ll
1675 5502 1792 5557 Ma-

212 5592 379 5647 chab.
429 5608 505 5657 Ix,
539 5594 628 5647 55.
663 5593 720 5647 In
765 5594 863 5648 hac
897 5609 1128 5649 summae
1172 5594 1299 5648 vita:
1346 5610 1411 5649 ac
1476 5596 1792 5651 sanctitatis

215 5685 319 5741 viri
351 5688 607 5741 monachi
631 5686 943 5742 diutissime
974 5695 1382 5742 commorantes
1412 5696 1637 5756 repente
1665 5697 1796 5743 sunt

217 5796 249 5834 a
280 5779 719 5836 discurrentibus
760 5780 1157 5838 Saracenorum
1184 5782 1509 5837 latrunculis
1539 5783 1795 5841 interem-

220 5873 325 5945 pti,
371 5892 389 5925 ι
428 5884 531 5931 etc.
564 5874 670 5932 Sed
698 5874 927 5932 inferius
956 5874 1134 5934 dehis
1161 5890 1315 5947 agam
1347 5875 1615 5949 pluribus.

1890 4675 2008 4731 seni
2046 4674 2136 4740 55,
2187 4673 2306 4729 seni
2359 4672 2641 4743 sexaginta
2692 4671 2969 4741 quinque;
3007 4670 3473 4752 decrepito_quod

1892 4774 2143 4836 superest
2173 4765 2315 4831 vitae,
2356 4772 2412 4819 et
2440 4764 2544 4819 ista
2570 4762 2736 4818 refert
2762 4762 2911 4819 Elias
2937 4762 3214 4819 Cretensis
3258 4762 3313 4815 in
3348 4777 3473 4817 ora-

1896 4859 2045 4912 tione
2066 4856 2279 4911 decima
2310 4869 2455 4909 nona
2478 4856 2725 4927 Gregorii
2747 4853 3100 4920 Nazianzeni,
3131 4871 3186 4926 p.
3222 4855 3345 4919 159,
3379 4856 3473 4924 qui

1893 4950 2078 5005 addit:
2117 4966 2135 4998 ι
2157 4947 2424 5013 Quoniam
2448 4947 2613 5018 igitur
2640 4946 3060 5017 quadragesimo
3088 4958 3285 5019 quarto
3328 4964 3475 5003 anno

1891 5041 2227 5113 perlicimur,
2280 5050 2341 5103 et
2392 5049 2582 5111 postea
2628 5042 2862 5096 deficere
2942 5042 3238 5110 incipimus
3279 5042 3476 5097 merito

1894 5135 2059 5207 igitur
2090 5141 2306 5204 tempus
2334 5133 2482 5188 istud
2513 5133 2767 5189 humana:
2794 5143 3004 5189 natura:
3024 5134 3189 5189 vitam
3207 5135 3475 5190 essedefl-

1892 5228 2084 5283 nivit.»
2111 5226 2348 5283 Sanctus
2372 5227 2733 5297 Augustinus,
2757 5229 2918 5298 epist.
2938 5229 3061 5291 110,
3091 5230 3207 5283 haec
3236 5244 3295 5284 se
3324 5230 3476 5285 locu-

1895 5332 2010 5377 tum
2044 5338 2168 5379 esse
2209 5322 2394 5384 refert,
2427 5338 2523 5378 sex
2554 5330 2745 5378 aetates
2780 5322 3020 5380 hominis
3075 5326 3471 5379 enumerando.

1900 5435 1919 5469 ι
1950 5415 2338 5471 Verumtamen
2380 5415 2436 5469 in
2485 5414 2716 5469 infantia
2743 5425 2999 5485 speratur
3046 5417 3304 5485 pueritia,
3338 5425 3393 5473 et
3422 5424 3475 5473 in

1895 5508 2128 5581 pueritia
2171 5517 2423 5577 speratur
2472 5507 2859 5573 adolescentia,
2903 5518 2957 5563 et
2999 5513 3051 5562 in
3108 5509 3475 5564 adolescentia

1896 5599 2437 5672 speraturjuventus,
2464 5607 2519 5654 et
2542 5600 2596 5653 in
2628 5599 2911 5669 juventute
2941 5611 3193 5669 speratur
3214 5604 3473 5671 gravitas,

1900 5700 1955 5747 et
1982 5692 2035 5745 in
2060 5690 2328 5761 gravitate
2351 5697 2604 5760 speratur
2631 5700 2907 5756 senectus,
2948 5700 3053 5745 etc.
3090 5690 3355 5747 Senectus
3375 5708 3477 5746 au-

1902 5795 2009 5839 tem
2040 5782 2203 5837 aliam
2232 5791 2464 5851 aetatem,
2495 5798 2659 5853 quam
2703 5793 2903 5853 speret,
2939 5798 3046 5837 non
3083 5784 3264 5850 habet,
3305 5803 3324 5837 ι
3367 5794 3473 5840 etc.

1903 5877 2004 5933 Ubi
2034 5875 2314 5947 gravitatis
2340 5876 2564 5934 nomine
2591 5886 2868 5934 senectam
2901 5876 3170 5948 intelligit,
3203 5885 3262 5932 et
3312 5890 3474 5933 sene-
