3816 6220
384 375 521 440 1395

1141 366 1289 428 JOS.
1328 364 1592 427 MARUE
1630 359 1987 425 SUARESII
2022 356 2252 417 LIBER
2289 352 2923 417 CHRONOLOGICUS

3508 342 3656 404 1596

381 487 547 547 ctutis
584 481 870 547 vocabulo,
907 480 1157 547 senium;
1186 494 1312 534 nam
1352 479 1447 549 qui
1499 476 1681 549 gravis
1733 475 1962 536 Latinis,
1992 476 2039 531 Α
2068 486 2301 541 namque
2320 472 2572 540 utAgaso
2598 468 2839 521 narravit
2857 464 2980 517 Nilo
2996 460 3139 517 haud
3158 456 3349 530 procul
3370 456 3441 512 ab
3454 455 3656 522 Elusa,

381 579 587 636 Graecis
627 576 941 646 πρεσϐύτης
987 580 1248 637 vocatur;
1299 571 1393 641 qui
1432 584 1561 624 vero
1595 569 1803 629 'sencx,
1867 581 1961 619 seu

364 666 650 734 ‘seminex,
672 666 920 738 γηραιός,
953 674 1012 719 ιιι
1036 665 1194 719 docet
1219 663 1358 717 idem
1390 670 1612 715 sanctus
1642 660 1695 712 in
1728 657 1963 711 Enarra-

382 766 532 817 tione
573 759 767 830 psalmi
811 757 1218 827 septuagesimi.
1259 771 1313 824 p.
1343 754 1468 818 276,
1504 753 1616 807 sive
1655 750 1811 821 quasi
1857 751 1963 819 γῆν

380 854 547 925 ὀρῶν,
582 853 665 908 vel
694 854 775 916 εἰς
802 852 908 922 γῆν
941 850 1099 921 ῥέων,
1132 859 1331 903 terram
1355 848 1635 919 aspiciens,
1663 857 1821 915 atque
1842 862 1963 901 cer-

382 962 529 1001 nuus
555 986 570 1011 ,
610 954 703 999 aut
727 945 783 997 in
820 953 1014 996 terram
1042 942 1234 1011 ﬂuens.

455 1036 643 1107 Itaque
677 1035 963 1105 plusquam
1019 1030 1515 1103 quadragenarium
1546 1028 1728 1083 Nilum
1760 1027 1954 1098 prafe-

387 1140 558 1187 cturae
617 1142 841 1183 munere
895 1124 1142 1179 functum
1176 1124 1434 1183 arbitror,
1463 1124 1577 1177 sive
1603 1119 1961 1192 quadraginta

384 1225 523 1277 duos
552 1235 727 1276 annos
763 1219 1029 1287 attigisse,
1058 1233 1181 1271 cum
1216 1216 1285 1271 ad
1340 1216 1659 1270 vicesimum
1708 1213 1958 1281 quintum

382 1328 559 1384 usque
589 1327 793 1367 annum
834 1325 1055 1381 operam
1086 1308 1326 1365 dedisset
1363 1307 1678 1362 liberalibus
1706 1305 1966 1375 discipli-

382 1409 494 1471 nis,
525 1415 581 1462 et
621 1405 763 1476 juris
813 1405 1073 1469 scientiae,
1105 1402 1476 1458 adolescentes
1523 1400 1780 1454 nimirum
1841 1400 1961 1453 ideo

383 1501 795 1558 excusabantur
823 1499 893 1554 ab
920 1497 1240 1563 honoribus,
1272 1510 1447 1564 usque
1488 1494 1555 1549 ad
1588 1494 1738 1547 illum
1787 1492 1962 1547 aetatis

384 1608 614 1659 annum,
643 1593 678 1647 I.
714 1608 755 1659 ι,
776 1590 1134 1656 C.'Quiwtatc
1157 1604 1211 1642 se
1240 1595 1516 1643 excusant.
1541 1585 1711 1639 lib.x.
1738 1583 1800 1638 C.
1834 1582 1961 1637 Jus-

368 1684 628 1742 rtinianaai
662 1682 927 1753 ἐγκύκλια
947 1682 1284 1737 vocabantur
1309 1678 1606 1735 circulares
1639 1677 1959 1746 disciplinae,

384 1775 763 1847 grammatica,
778 1771 1387 1838 rhetorica,dialectica.
1406 1779 1520 1825 tum
1542 1767 1957 1823 mathematicae.

386 1867 509 1940 Ipse
538 1866 715 1928 Nilus,
745 1866 905 1936 epist.
933 1864 1023 1932 43,
1056 1863 1191 1918 1.1x.
1225 1862 1409 1918 Allatii
1442 1861 1507 1915 ad
1539 1859 1965 1929 Domninumju-

384 1961 620 2025 niorem,
634 1957 724 2013 ubi
740 1957 883 2012 male
898 1955 1035 2027 μετά
1050 1953 1195 2027 [τὴν]
1208 1955 1316 2007 τῶν
1342 1952 1645 2021 ἐγκυκλίων
1664 1952 1963 2016 παίδευσιν,

386 2054 485 2108 καὶ
502 2052 599 2123 τὴν
623 2050 731 2105 τῶν
760 2048 1234 2120 φιλοσοφουμένων
1277 2045 1602 2117 ὲκμάθησιν,
1639 2045 1690 2100 id
1718 2057 1822 2112 est,
1841 2042 1968 2098 Post

387 2160 598 2201 emensa
629 2142 812 2198 studia
843 2140 1189 2196 circularium
1230 2138 1661 2208 disciplinarum,
1713 2146 1762 2192 et
1791 2153 1968 2191 rerum

387 2236 872 2307 philosophicarum
920 2233 1243 2297 doctrinam,
1305 2232 1535 2285 vertitur
1585 2228 1964 2298 encycliorum.

388 2329 449 2383 ln
480 2326 603 2383 Vita
632 2326 808 2382 sancti
839 2322 1068 2380 Joannis
1110 2322 1339 2389 Climaci
1372 2321 1660 2391 disciplina
1694 2320 1969 2390 encyclica

388 2430 728 2474 memoratur
771 2425 826 2472 et
879 2416 1081 2471 dicitur
1128 2415 1254 2484 quis
1301 2413 1490 2467 orbem
1552 2412 1967 2482 disciplinarum

386 2510 695 2582 perﬁcere,
784 2523 848 2564 ac
901 2505 1424 2577 ἐγκυκλοπαιδειαν·
1493 2513 1682 2574 postea
1745 2503 1969 2558 trivium

389 2611 447 2658 et
479 2600 824 2673 quadrivium
873 2599 1306 2669 appellabantur.
1349 2594 1529 2650 Nilum
1576 2596 1698 2650 dein
1743 2610 1967 2665 uxorem

391 2691 621 2747 duxisse
643 2703 845 2745 censeo
869 2705 1014 2743 anno
1039 2689 1318 2753 aetatisao,
1338 2687 1596 2758 colligens
1620 2685 1823 2741 scilicet
1847 2685 1969 2755 plus

392 2783 578 2836 minus
594 2782 772 2851 ipsum
794 2780 962 2850 668
981 2778 1160 2833 Nilum
1182 2778 1236 2832 in
1260 2778 1434 2832 lucem
1451 2777 1711 2847 prodiisse
1727 2774 1964 2831 an.C.N.

391 2873 519 2929 360.
553 2873 804 2943 Suscepit
826 2880 1006 2926 autem
1036 2870 1206 2925 tilium
1230 2870 1284 2924 in
1312 2870 1507 2941 primis
1530 2884 1562 2924 e
1590 2869 1817 2939 conjuge
1845 2882 1967 2931 sua,

392 2962 718 3034 gravissima
768 2970 823 3017 et
862 2960 1251 3017 honestissima
1307 2969 1576 3027 matrona,
1620 2968 1733 3015 tum
1777 2959 1965 3014 ﬁliam.

395 3052 586 3108 Honor
606 3051 942 3123 praefectura:
965 3061 1238 3106 maturam
1263 3060 1477 3107 aetatem
1503 3051 1838 3121 requirebat,
1868 3065 1970 3106 nec

392 3154 723 3217 praematura
753 3160 951 3199 venere
984 3144 1327 3214 juventutem
1358 3145 1608 3200 enervari
1657 3144 1971 3214 reipublicae
1997 3161 2038 3219 α

394 3240 675 3292 intererat.
722 3235 1057 3291 Etlluxerant
1092 3245 1298 3304 autem,
1328 3252 1451 3292 cum
1481 3238 1686 3307 ingruit
1716 3238 1804 3293 illa
1850 3254 1974 3308 pro-

394 3327 532 3383 cella
580 3326 915 3383 incursionis
975 3324 1222 3381 Arabicae
1251 3326 1353 3382 sub
1414 3325 1723 3383 Theodosio
1774 3328 1972 3382 minori

393 3421 662 3491 Augusto,
701 3421 830 3475 anni
886 3436 915 3473 a
963 3418 1182 3482 Christo
1214 3431 1342 3475 nato
1398 3419 1531 3487 MO;
1573 3436 1699 3475 nam
1755 3421 1974 3490 quando

392 3510 550 3568 Nilus
586 3529 692 3569 una
719 3528 843 3568 cum
879 3512 990 3568 ﬁlio
1019 3511 1541 3583 Theodulo,quietis
1577 3522 1854 3583 appetens,
1886 3512 1974 3569 Si»

393 3620 575 3659 nmum
614 3614 853 3659 montem
898 3603 1050 3669 adiit,
1096 3619 1273 3660 annus
1302 3620 1333 3659 a
1358 3603 1576 3660 Christo
1627 3617 1756 3659 nato
1792 3606 1973 3660 elabe-

396 3696 559 3751 batur
582 3695 717 3759 405,
752 3694 1190 3766 quinquennium
1226 3710 1421 3764 nempe
1468 3710 1644 3761 usque
1674 3694 1741 3748 ad
1768 3710 1972 3749 annum

394 3786 502 3842 410
530 3788 782 3851 transiit;
808 3787 1131 3843 numerabat
1157 3803 1286 3842 vero
1319 3797 1449 3843 tunc
1488 3786 1641 3843 Nilus
1661 3789 1837 3843 aetatis
1861 3803 1976 3843 suae

396 3893 573 3934 annos
605 3878 1002 3949 quinquaginta
1034 3878 1156 3948 plus
1195 3879 1399 3934 minus.
1432 3877 1747 3935 Theodulus
1794 3888 1976 3935 autem

397 3969 756 4040 primigenios
787 3986 897 4025 non
949 3970 1122 4025 solum
1161 3971 1320 4025 annis
1358 3979 1477 4026 erat
1507 3986 1619 4026 non
1673 3970 1830 4025 facile
1870 3972 1972 4025 mi-

398 4076 503 4114 nor
538 4060 871 4130 quindecim,
906 4071 966 4116 ut
994 4069 1150 4131 putat
1191 4060 1256 4115 R.
1303 4058 1366 4114 P.
1404 4060 1669 4116 Pnssinus
1713 4061 1767 4114 in
1817 4059 1972 4116 Notis

398 4151 468 4204 ad
495 4148 871 4218 Narrationes,
908 4169 1032 4223 pag.
1062 4152 1165 4207 167
1185 4194 1200 4214 ,
1231 4167 1340 4222 quo
1368 4163 1612 4222 tempore
1645 4152 1747 4208 fuit
1786 4170 1816 4207 a
1844 4153 1975 4207 Bar—

399 4242 551 4297 baris
581 4253 796 4312 captus,
826 4260 1016 4299 verum
1044 4245 1282 4299 adultam
1310 4246 1501 4315 agebat
1529 4254 1739 4299 aetatem
1769 4246 1975 4300 exactis

400 4333 783 4390 adolescentiae
810 4336 973 4391 annis
1010 4336 1097 4402 18,
1137 4346 1193 4391 et
1217 4337 1362 4405 quod
1391 4337 1651 4402 excurrit,
1680 4351 1875 4407 nempe
1906 4338 1975 4392 ad

398 4424 551 4480 illius
579 4424 786 4479 exitum
814 4425 1161 4495 properabat,
1216 4427 1673 4496 quemadmodum
1703 4425 1859 4482 Nilus
1890 4426 1977 4481 in-

400 4473 548 4480 ------
584 4473 786 4479 mm---
814 4473 1161 4495 τητν--πη
1219 4473 1673 4496 ημν---η---ηννη-
1703 4473 1858 4482 mw-
2116 4483 2125 4492 .
2426 4481 2435 4491 .
2510 4481 2520 4490 .
3349 4473 3361 4482 υ
3451 4473 3461 4482 -

399 4519 630 4573 choarat
657 4519 1190 4589 quinquagesimum.
1224 4518 1481 4574 Horatius
1505 4520 1748 4589 proiecto
1777 4520 1977 4574 dulcis-
2010 4510 2055 4564 D
2084 4497 2219 4589 5m?
2253 4489 2308 4535 et
2335 4490 2561 4535 osuano
2609 4478 2898 4589 tradunt":
2938 4476 3139 4589 dives:
3178 4488 3321 4543 quas
3349 4473 3491 4589 ind“

400 4611 575 4667 simus
605 4619 763 4681 poeta
794 4611 1082 4681 pangebat,
1109 4612 1381 4681 integrum
1405 4627 1464 4665 se
1497 4613 1720 4666 laudare
1742 4610 1975 4667 formam

402 4699 747 4767 muliebrem,
778 4714 913 4755 cave
935 4699 1190 4770 inquiens
1218 4700 1489 4771 suspicari

684 4831 861 4903 Cujus_
890 4843 1133 4887 octavum
1163 4831 1444 4899 trepidavit
1472 4842 1603 4887 tetas

828 4901 1088 4959 Claudere
1122 4903 1381 4965 lustrum;

404 5055 550 5095 anno
578 5038 781 5110 quippe
800 5036 1217 5108 quadragesimo
1241 5045 1579 5091 constantem
1600 5045 1836 5100 aetatem,
1867 5036 1981 5089 sive

405 5145 625 5201 gravem
653 5129 962 5193 decurrere,
981 5129 1328 5198 juventaeque
1362 5128 1528 5182 robur
1558 5143 1776 5198 vergere
1810 5127 1979 5196 signi-

406 5229 595 5278 ttcans.
616 5221 697 5275 Ad
721 5220 979 5291 oppidum
1004 5219 1201 5275 Sucam
1225 5219 1444 5289 quidem
1467 5234 1590 5273 cum
1609 5219 1982 5288 pervenissent

406 5308 653 5374 llarbari,
673 5308 764 5378 qui
788 5318 1005 5378 captum
1032 5307 1372 5363 Theodulum
1406 5323 1601 5363 venum
1618 5307 1979 5377 exponebant,

407 5402 564 5468 isque
625 5399 942 5469 redemptus
995 5398 1137 5454 foret
1194 5401 1490 5469 aquodam
1524 5400 1748 5453 miserto
1807 5400 1983 5469 ipsius

404 5490 706 5554 mactandi,
739 5500 793 5545 et
826 5490 1201 5560 lacrymantis,
1234 5506 1536 5557 rursusque
1568 5490 1897 5557 divenditus,
1926 5492 1978 5546 in

408 5595 605 5633 manus
638 5580 838 5634 iterum
892 5582 1123 5636 ementis
1155 5581 1392 5652 episcOpi
1424 5581 1603 5636 Elusae
1657 5582 1979 5637 transiisset.

409 5667 509 5721 llic
541 5670 789 5733 antistes,
820 5680 1035 5740 captus,
1064 5674 1321 5742 pra-clara
1351 5674 1468 5741 ejus
1499 5674 1698 5737 indole,
1716 5688 1779 5729 ac
1810 5675 1982 5743 pieta-

411 5769 517 5813 tem
570 5770 848 5828 expertus,
871 5759 1119 5817 adhibuit
1165 5779 1289 5817 eum
1347 5763 1603 5820 Ecclesia:
1649 5767 1977 5834 ministrum,

1991 1827 2038 1884 B

2076 563 2136 617 '0
2172 564 2303 626 παῖς
2343 561 2556 630 εἴρηται
2590 560 2688 629 μὲν
2725 558 2898 610 τελεῖν
2928 560 2986 609 ὲν
3008 553 3087 625 τῷ
3111 551 3373 623 ἱερατικῷ
3399 550 3659 618 τάγματι

2062 654 2160 718 τὰς
2176 653 2395 724 πρώτας
2412 653 2547 715 τέως
2564 646 2913 723 [ὑπηρεσίας]
2929 646 3039 700 τῶν
3062 645 3325 713 νεοχὸρων
3342 642 3493 710 (lego
3512 657 3657 692 νεω-

2062 746 2240 816 κόρων
2270 744 2719 813 πεπιστευμένος,
2758 741 2809 793 id
2851 746 2934 793 est
2962 752 3152 802 nempe
3179 734 3489 789 Theodulus
3528 742 3659 783 tuus

2061 835 2205 905 ﬁlius
2228 835 2426 888 dicitur
2450 834 2660 904 quidem
2687 831 2995 885 ministrare
3026 828 3081 881 in
3111 827 3292 880 ordine
3320 838 3502 885 sacro,
3530 837 3660 873 cum

2059 928 2163 995 ipsi
2225 925 2430 980 credita
2488 926 2595 979 sint
2643 924 2819 993 prima
2876 921 3062 975 munia
3131 918 3387 972 custodia:
3436 913 3656 982 templi.

2060 1017 2339 1086 Νεωκόροι
2366 1016 2507 1084 apud
2543 1014 2791 1068 ethnicos
2840 1009 3049 1073 aeditui,
3105 1017 3197 1061 aut
3247 1004 3503 1068 aditimi,
3557 1003 3657 1072 qui

2059 1107 2254 1162 tedinm
2309 1120 2590 1160 sacrarum
2626 1118 2813 1158 curam
2847 1100 3126 1172 gerebant,
3172 1096 3434 1151 verrendo
3500 1094 3656 1157 illas,

2060 1199 2443 1270 expurgando,
2494 1206 2548 1252 et
2598 1195 2945 1251 emundando
2974 1208 3039 1247 ac
3101 1189 3454 1253 exornando;
3522 1201 3658 1239 nam

2060 1293 2243 1361 κορεῖν
2293 1304 2400 1343 non
2427 1298 2636 1343 tantum
2683 1284 2955 1356 signiﬁcat
2999 1296 3228 1344 verrere,
3265 1295 3329 1333 ac
3376 1277 3661 1331 mundare

2062 1384 2267 1449 scapis,
2302 1382 2442 1451 apud
2475 1379 2724 1445 Suidam,
2758 1376 2999 1432 Matthxi
3028 1390 3127 1439 xu,
3157 1371 3316 1426 Luca:
3342 1386 3428 1432 xv,
3465 1368 3567 1423 sed
3594 1378 3662 1422 et

2062 1472 2366 1536 καλλύνειν,
2396 1472 2446 1526 id
2471 1480 2550 1526 est
2584 1483 2871 1531 exornare;
2909 1468 3016 1520 hoc
3056 1464 3276 1519 nomine
3304 1461 3659 1515 vocabantur

2061 1582 2090 1619 a
2129 1563 2375 1635 profanis
2402 1562 2478 1626 hi,
2529 1560 2731 1630 quibus
2764 1558 3075 1613 commissae
3103 1563 3259 1609 erant
3286 1553 3425 1607 aedes
3472 1552 3657 1605 etiam

2061 1674 2233 1714 sacrae
2257 1657 2326 1711 ab
2354 1656 2442 1709 his
2470 1653 2688 1717 habitae,
2717 1648 3114 1715 custodiendae;
3144 1655 3334 1701 auctor
3362 1654 3443 1699 est
3479 1643 3657 1698 scho-

2063 1750 2252 1805 liastes
2282 1746 2690 1816 Aristophanis.
2724 1741 3046 1797 Theocritus
3067 1738 3363 1811 νεωκορίαν
3392 1736 3656 1790 nominat

2067 1856 2270 1895 munus
2303 1840 2481 1908 ipsum
2518 1833 2726 1898 aeditui,
2758 1842 2852 1886 aut
2885 1831 3133 1891 teditimi,
3163 1830 3230 1884 de
3273 1844 3384 1898 quo
3414 1826 3653 1880 Servius

2066 1929 2123 1982 iu
2155 1926 2342 1995 Virgil.
2374 1924 2413 1977 f.
2440 1923 2565 1988 748,
2595 1922 2671 1975 illi
2699 1919 2960 1989 πυλωροὶ,
2991 1928 3043 1973 et
3068 1916 3436 1986 νεωφύλακες.
3465 1914 3525 1967 id
3567 1922 3657 1967 est

2068 2019 2278 2073 ostiarii
2300 2056 2315 2077 .
2350 2014 2662 2084 templorum
2691 2009 2931 2065 custodes
2956 2025 2970 2073 ;
2997 2011 3067 2061 ita
3094 2016 3325 2061 testatur
3345 2005 3410 2059 Α.
3434 2004 3658 2058 Gellius

2067 2110 2161 2165 lib.
2191 2124 2270 2163 xu
2325 2106 2486 2160 Noct.
2523 2104 2747 2159 Atticar.
2785 2117 2836 2157 c.
2868 2100 2967 2164 14;
3003 2110 3056 2154 et
3083 2098 3346 2171 θυρωροί,
3378 2097 3429 2151 id
3451 2105 3541 2151 est
3566 2097 3655 2165 ja-

2068 2203 2277 2258 nitores
2303 2201 2369 2253 ad
2398 2196 2720 2268 aperiendas
2769 2209 2825 2249 et
2850 2192 3178 2248 claudendas
3201 2190 3430 2260 januas,
3460 2199 3661 2257 porta-

2068 2295 2136 2350 rii
2160 2292 2518 2364 appellantur.
2548 2286 2617 2343 ιν
2653 2286 2786 2357 Reg.
2817 2301 2917 2349 vn,
2949 2293 3003 2338 et
3028 2282 3051 2335 1
3077 2280 3261 2336 Paral.
3291 2297 3369 2346 ιι,
3405 2296 3494 2334 xvt
3550 2280 3656 2342 ﬂ;

2068 2386 2198 2442 dicti
2229 2384 2485 2448 'fuerunt,
2523 2389 2578 2436 et
2626 2377 2914 2449 προπύλοι,
2964 2376 3193 2432 deorum
3244 2375 3511 2439 cultores,
3560 2374 3661 2442 qui

2071 2474 2374 2531 tuebantur
2416 2472 2560 2526 aades
2593 2484 2801 2535 sacras,
2837 2466 3093 2521 Turnebo
3119 2481 3171 2521 c.
3199 2464 3292 2526 2i,
3340 2464 3437 2517 lib.
3470 2480 3513 2527 ι,
3548 2462 3661 2519 Ad-

2067 2581 2299 2632 versar.,
2324 2562 2601 2633 Sophocli,
2650 2570 2704 2616 et
2725 2558 3073 2627 Aristophani
3106 2558 3159 2611 in
3189 2556 3483 2624 Νεφέλαις,
3518 2565 3576 2609 et
3604 2555 3659 2608 in

2069 2655 2313 2726 Πλούτῳ,
2346 2670 2410 2709 ac
2445 2651 2739 2716 Herodoto,
2785 2650 2965 2715 servi,
2996 2648 3187 2702 famuli
3226 2647 3436 2716 templa
3465 2655 3661 2700 custo-

2069 2748 2301 2810 dientes,
2317 2744 2682 2810 imoiancillaa,
2700 2757 2822 2813 quae
2835 2740 3145 2811 praecedunt
3168 2740 3327 2793 heras
3350 2755 3368 2803 ;
3392 2752 3660 2790 nummus

2074 2848 2254 2895 exstat
2284 2837 2541 2892 Gordiani
2573 2837 2638 2890 A.
2670 2835 2726 2899 3,
2757 2834 2848 2889 ubi
2872 2833 3071 2903 legitur
3103 2829 3407 2902 Σαρδιαῐων
3450 2828 3660 2881 νεωκό-

2074 2948 2183 3004 ρων
2210 2929 2353 3000 apud
2384 2927 2685 2999 Seguinum
2710 2941 2765 2996 p.
2792 2924 2883 2990 25,
2908 2924 3099 2979 Select.
3120 2924 3345 2988 numis.,
3368 2921 3423 2975 id
3441 2932 3529 2975 est
3556 2921 3660 2973 ad-

2062 3025 2328 3095 jutorum,
2360 3030 2421 3076 ut
2444 3022 2534 3075 ille
2570 3019 2705 3085 vult,
2738 3028 2794 3073 et
2822 3032 2989 3088 penes
3014 3015 3309 3071 Oeconem.
3344 3012 3660 3068 Illustrissi-

2072 3113 2733 3188 mu5669Falconerius
2764 3113 2817 3165 in
2847 3108 3003 3165 Notis
3023 3107 3091 3162 ad
3120 3106 3508 3177 inscriptiones
3524 3105 3659 3159 Ath-

2075 3206 2287 3270 leticas,
2322 3221 2375 3274 p.
2414 3204 2504 3269 47,
2536 3202 2715 3272 arguit
2735 3197 3137 3269 Egium,quod
3166 3196 3304 3263 γέων
3320 3195 3657 3267 προστασίαν

2073 3296 2294 3351 verterit
2324 3291 2649 3361 templorum
2688 3286 3086 3359 praefecturam,
3135 3300 3231 3339 seu
3274 3286 3654 3355 praesulatum,

2074 3401 2173 3458 pro
2199 3385 2357 3449 νέων,
2398 3382 2455 3438 id
2500 3390 2606 3446 est,
2645 3381 2907 3451 juvenum
2944 3376 3275 3447 principatu,
3313 3377 3469 3445 quod
3517 3385 3658 3429 recte

2076 3478 2249 3548 liquet
2267 3490 2298 3531 e
2318 3488 2543 3530 nummo
2563 3470 2750 3527 Severi
2768 3470 2832 3526 A.
2853 3484 3016 3540 quem
3042 3482 3167 3521 mox
3191 3464 3423 3536 profert,
3454 3466 3550 3519 ubi
3577 3466 3653 3519 le-

2076 3569 2221 3640 gitur
2250 3563 2631 3635 Περγαμηνῶν
2666 3562 2948 3633 νεωκόρων
2987 3557 3288 3627 ἐπιστάτης
3312 3572 3365 3626 p.
3403 3556 3477 3610 48
3514 3566 3567 3610 et
3600 3570 3652 3624 p.

2074 3662 2165 3726 57,
2200 3674 2254 3729 ι).
2309 3658 2415 3713 ius
2456 3664 2591 3725 etp.
2638 3653 2762 3721 ιιι,
2794 3653 2889 3708 ubi
2936 3651 3122 3705 laudat
3164 3648 3374 3703 Alberti
3424 3645 3655 3701 Rubenii

2075 3752 2375 3807 Diatribam
2400 3750 2469 3805 de
2509 3747 2644 3804 Urb.
2676 3744 2955 3810 Neocoris,
3008 3741 3210 3797 Iulium
3241 3738 3550 3793 Firmicum
3578 3736 3653 3789 De

2076 3862 2254 3902 errore
2295 3843 2509 3914 profan.
2556 3840 2709 3911 relig.
2740 3848 2795 3894 et
2841 3836 3104 3891 Actorum
3149 3833 3385 3904 apostol.
3439 3847 3491 3886 c.
3541 3846 3651 3894 xu,

2078 3936 2266 4006 ibique
2297 3931 2784 4003 Theophylactum,
2826 3928 2922 3998 qui
2952 3925 3221 3995 νεωκόρον
3266 3924 3652 3992 interpretatur

2080 4026 2403 4099 ἱερόδουλον.
2427 4023 2528 4078 Adi
2562 4033 2614 4078 et
2639 4019 3029 4092 Spanhemium
3053 4017 3261 4071 cursim
3287 4030 3386 4069 eos
3416 4028 3653 4068 comme-

2076 4128 2404 4183 morantem,
2437 4116 2631 4186 p.507,
2662 4114 2737 4167 De
2767 4113 3016 4166 numism.

2150 4210 2246 4263 Est
2299 4212 2351 4261 in
2392 4207 2628 4261 Ecclesia
2677 4202 2992 4259 ostiariatus
3016 4201 3152 4255 ordo
3202 4197 3347 4268 apud
3412 4196 3649 4259 Latinos,

2076 4300 2237 4368 cuius
2263 4297 2319 4351 in
2348 4296 2586 4351 formula
2614 4309 2668 4364 p.
2704 4293 2770 4347 16
2796 4290 3132 4347 Pontiﬁcalis
3165 4287 3427 4353 Romani,
3462 4300 3652 4340 munus

2078 4389 2411 4459 designatur,
2447 4385 2726 4456 aperiendi
2772 4382 3149 4437 materialibus
3192 4379 3440 4434 clavibus
3486 4380 3652 4433 eccle-

3526 4472 3652 4526 seris

2082 4582 2386 4644 portarum,
2418 4586 2624 4639 easque
2651 4585 2781 4623 mox
2813 4568 3035 4623 obserat
3078 4576 3133 4621 et
3163 4574 3402 4630 reserat;
3434 4574 3652 4619 sanctus

2077 4664 2407 4720 Laurentius
2461 4664 2644 4727 levita,
2670 4677 2766 4717 seu
2788 4661 3051 4715 diaconus
3077 4658 3281 4728 gratias
3306 4657 3508 4727 agebat
3532 4655 3652 4718 Deo,

2078 4759 2209 4828 quia
2238 4757 2437 4826 januas
2470 4755 2593 4825 ejus
2633 4753 2839 4825 ingredi
2884 4759 3194 4816 meruerat;
3245 4750 3392 4819 apud
3441 4747 3653 4802 Graecos

2076 4852 2241 4905 etiam
2272 4850 2541 4904 exclamat
2560 4847 2824 4903 diaconus
2845 4843 3242 4917 θΰρας,θὺρας,
3262 4842 3318 4897 id
3338 4848 3445 4906 est,
3482 4850 3654 4910 portas

2078 4956 2283 5008 portas,
2314 4938 2578 4994 obserans
2614 4937 2754 5000 illas,
2778 4950 2848 4990 ne
2867 4935 2992 5003 quis
3025 4934 3258 4988 inﬁdelis
3282 4935 3563 4994 introeat;
3595 4930 3652 4982 Β.

2079 5032 2141 5086 Ρ.
2170 5029 2334 5084 Goar.
2375 5028 2494 5083 0rd.
2535 5027 2711 5082 sancti
2742 5025 3010 5080 Dominici
3060 5024 3116 5078 in
3154 5021 3460 5093 Eucholog.
3499 5023 3654 5076 variis

2080 5128 2405 5183 lectionibus
2429 5126 2674 5187 adnotat,
2696 5140 2750 5195 p.
2776 5124 2905 5185 248,
2954 5123 3367 5189 arbitraturqne
3414 5119 3650 5174 Gnecam

2081 5218 2382 5274 Ecclesiam
2420 5216 2677 5270 habuisse
2704 5222 2763 5268 ut
2784 5210 2986 5275 ofﬁcia,
3020 5210 3393 5271 ostiariatum,
3448 5208 3650 5262 exorci-

2083 5321 2308 5375 statum,
2333 5317 2387 5365 et
2411 5306 2798 5377 acolythatum,
2825 5304 3167 5372 indicarique
3192 5317 3224 5356 a
3254 5309 3449 5355 sancto
3471 5299 3652 5367 Diony-

2082 5403 2165 5457 sio
2187 5400 2533 5470 Areopagita,
2561 5413 2611 5452 c.
2636 5398 2671 5452 '5
2699 5395 2978 5449 Ilierarch.
3019 5394 3228 5455 eccles.,
3258 5402 3456 5446 sancto
3512 5392 3649 5458 lgna-

2084 5496 2159 5549 tio
2193 5495 2247 5548 in
2278 5492 2514 5562 Epistola
2540 5490 2609 5544 ad
2640 5488 2997 5545 Antiochen.;
3031 5496 3086 5540 et
3133 5494 3324 5539 sancto
3355 5482 3652 5552 Epiphanio

2080 5590 2142 5641 ἐν
2167 5586 2414 5655 συντόμῳ
2440 5583 2631 5650 ἀληθεῖ
2656 5582 2801 5650 λόγῳ
2826 5596 2878 5649 p.
2909 5578 3033 5641 465,
3066 5577 3155 5631 ubi
3184 5585 3346 5629 vocat
3379 5575 3651 5645 θυρωροὺς

2082 5690 2136 5735 et
2165 5679 2351 5733 Patres
2366 5673 2581 5731 concilii
2610 5671 2923 5735 Laodiceni,
2940 5687 2988 5726 c.
3015 5668 3365 5734 14,5ess.15,
3385 5677 3648 5725 cantores,

2086 5788 2182 5828 seu
2211 5768 2527 5830 κανονικοὺς
2556 5764 2785 5834 ψάλτας,
2819 5778 2882 5819 ac
2914 5763 2982 5819 ab
3022 5761 3256 5818 Eusebio
3283 5761 3448 5816 etiam
3478 5760 3573 5815 lib.
3602 5772 3650 5813 vr
