3816 6220
172 357 320 422 1397

1511 361 1608 420 DE
1640 360 1815 421 ν’[ΤΑ
1850 361 1909 420 S.
1963 362 2128 422 NILI

3297 351 3430 418 I398

172 474 333 529 Hist.
388 475 571 530 εει-ιω.
623 491 743 547 cap.
791 478 846 542 5,
892 492 948 547 p.
979 476 1109 532 2'57.
1156 475 1374 531 Simeon
1407 473 1760 531 Thessaloni—
1787 484 1834 540 Α
1860 478 1952 532 bat
1985 487 2201 533 vertens
2255 475 2584 541 laborantes,
2624 490 2723 531 seu
2753 474 3175 544 sa-ndopilarios.
3219 472 3434 525 Κοπιά-

171 568 370 623 censis
421 567 597 624 oﬂlcia
655 577 867 623 tantum
928 581 1204 638 nuncupat
1245 568 1467 639 exigens
1520 567 1763 637 χειροθε-

173 659 334 721 σίαν,
366 668 419 713 et
448 675 555 714 non
598 660 957 731 χειροτονίαν,
993 659 1087 715 ubi
1123 660 1256 731 εὐχὴ
1290 658 1559 728 λεγομένη
1602 660 1660 711 ἐν
1694 658 1762 728 τῇ

173 751 384 820 εἰσόδῳ
414 752 521 822 πρὸ
548 752 646 822 τῆς
669 752 929 823 συνήθους
960 753 1053 806 ἐπὶ
1078 752 1282 818 ἀνοίξει
1304 750 1433 805 ναοῦ
1468 750 1526 803 ἐν
1559 743 1603 818 ᾧ
1638 767 1765 802 συν-

178 843 291 914 έϐη
347 860 603 897 manuum
674 846 1024 913 positionem,
1082 853 1136 899 et
1201 860 1309 897 non
1377 843 1756 897 extensionem.

182 934 385 989 Oratio
438 936 659 989 dicenda
700 937 756 989 in
798 937 1036 1003 ingressu
1088 944 1209 989 ante
1268 944 1594 997 consuetam,
1639 932 1767 985 dum

180 1029 435 1095 aperitur
471 1027 643 1096 janua
687 1028 890 1097 templi,
923 1029 1104 1081 statim
1136 1042 1198 1080 ac
1230 1026 1393 1095 fuerit
1435 1040 1764 1095 congressus.

182 1119 357 1173 Putat
374 1118 517 1173 Goar
537 1120 589 1173 iu
609 1120 827 1174 lectoris
869 1120 1061 1174 ordine
1095 1119 1215 1173 illos
1238 1117 1460 1181 includi,
1486 1126 1539 1171 et
1562 1118 1661 1171 hos
1682 1131 1770 1171 or-

182 1214 353 1266 diues
390 1211 554 1266 unica
589 1212 963 1267 benedictione
990 1209 1256 1275 conferri,
1297 1210 1551 1279 quamvis
1577 1216 1629 1263 et
1661 1208 1771 1262 for-

186 1304 404 1358 mulam
434 1305 711 1373 deputati,
741 1315 903 1373 atque
934 1302 1248 1358 ceroferarii
1283 1300 1596 1364 ordinandi,
1622 1300 1773 1354 deiu-

187 1401 263 1449 de
319 1396 527 1449 inserat
567 1396 840 1451 diversam
873 1396 942 1449 ab
990 1393 1341 1462 ἀναγνώστου
1383 1393 1500 1448 sive
1551 1390 1774 1447 lectoris

188 1498 296 1539 seu
328 1485 566 1540 cantoris
595 1484 861 1551 formula;
891 1500 1121 1555 eamque
1148 1484 1458 1552 opinionem
1479 1482 1773 1544 Arcudius,

189 1578 293 1631 lib.
323 1593 378 1643 χ,
415 1577 589 1633 fusius
612 1579 887 1648 explanat,
915 1579 1265 1634 diaconulum
1298 1578 1552 1632 lectorem
1589 1574 1776 1644 appel-

190 1667 373 1718 latum
420 1665 659 1731 addens;
710 1664 901 1720 Billius
939 1667 995 1719 in
1040 1665 1287 1719 oratione
1337 1664 1550 1718 decima
1600 1662 1776 1717 sancti

192 1756 448 1827 Gregorii
473 1756 795 1812 Nazianzeni
821 1759 1046 1828 gradum
1070 1757 1291 1811 lectoris
1311 1762 1555 1811 recenset
1570 1770 1623 1823 p.
1641 1755 1775 1821 575;

1863 585 1964 633 τας
2012 569 2205 624 scribit
2235 568 2291 622 in
2324 567 2655 638 Compendio
2677 576 2903 622 sanctus
2921 565 3256 635 Epiphanius
3291 564 3339 615 οἱ
3365 562 3434 616 τὰ

1866 659 2095 731 σώματα
2125 658 2561 729 περιστέλλοντες
2595 658 2703 711 τῶν
2732 659 3109 729 κοιμωμένων,
3136 656 3225 726 qui
3252 669 3438 723 corpo-

1866 770 1927 807 ra
1957 753 2179 822 efferunt
2220 761 2548 806 mortuorum
2595 760 2838 804 curantes
2862 751 3141 811 cadavera,
3173 760 3437 815 terraeque

1866 847 2185 900 mandantes
2238 858 2270 897 e
2324 842 2630 899 Iustiniano
2668 842 2873 897 Novell.
2906 842 2976 895 45
3003 848 3058 894 et
3116 840 3217 904 59;
3248 836 3435 906 Cujac.

1866 938 1955 991 ad.
1991 952 2041 990 c.
2076 936 2101 987 1
2140 945 2193 989 et
2236 934 2290 999 2,
2324 934 2398 987 De
2439 934 2533 987 vit.
2564 941 2613 987 et
2647 934 2852 987 honest.
2894 932 3237 995 clericorum,
3271 936 3326 983 et.
3370 925 3441 980 ad

1868 1043 1918 1083 c.
1954 1027 1980 1080 1
2021 1025 2125 1091 Qui
2154 1027 2279 1081 cier.
2308 1025 2385 1080 vel
2418 1034 2619 1079 vovent.
2648 1024 2975 1095 Spondanus
3003 1024 3057 1078 in
3088 1022 3339 1093 Epitome
3372 1018 3442 1072 ad

1870 1135 1998 1173 ann.
2039 1116 2241 1172 Christi
2269 1116 2361 1179 44,
2401 1126 2455 1171 et
2482 1115 2561 1169 De
2589 1123 2789 1172 cremet.
2818 1130 2957 1169 sacr.
2991 1113 3087 1168 lib.
3136 1128 3192 1177 ν,
3225 1126 3344 1180 cap.
3382 1110 3439 1173 9,

1869 1220 2013 1282 part.
2052 1227 2133 1278 tl;
2166 1218 2388 1265 sanctus
2441 1209 2804 1279 Hieronymus
2860 1210 2928 1261 de
2964 1205 3191 1260 muliere
3245 1202 3446 1273 septies

1872 1300 1980 1358 icta
2026 1302 2252 1372 epistola
2288 1301 2359 1355 49
2386 1299 2453 1355 ad
2481 1300 2852 1355 Innocent.‘in
2882 1298 3003 1352 Act.
3039 1305 3221 1366 apost.
3258 1310 3309 1350 c.
3363 1309 3446 1358 ιι,

1875 1396 2180 1450 imitatione
2233 1393 2451 1461 Tobiae;
2500 1393 2554 1446 in
2593 1390 2763 1445 Roma
2807 1392 3147 1445 subterranea
3188 1385 3359 1439 Maius
3393 1390 3452 1438 et
3498 1451 3507 1459 .

1874 1485 2185 1556 Calligonus
2218 1483 2456 1538 fossores
2486 1482 2859 1547 enuntiantur,
2902 1494 2971 1534 ex
2999 1477 3294 1548 epitaphio,
3320 1489 3447 1544 pag.

1876 1578 1982 1631 457
2031 1584 2085 1629 et
2125 1591 2180 1645 p.
2234 1574 2360 1629 5‘29.
2412 1572 2686 1628 Trolimus
2718 1570 2895 1627 fossor
2927 1583 3053 1624 cum
3101 1566 3323 1636 bipalio,
3351 1577 3456 1618 seu

1879 1669 2059 1738 ligone
2092 1666 2334 1736 depictus
2362 1676 2467 1732 est,
2500 1672 2554 1718 et
2582 1660 2878 1719 ascribitur
2917 1660 3097 1715 fossor
3147 1672 3241 1728 per
3278 1655 3452 1725 ὑπερ-

1881 1760 2087 1830 ϐασμὸν
2128 1758 2367 1828 trajectis
2419 1756 2637 1821 litteris,
2666 1755 2759 1809 ubi
2788 1752 3093 1808 Severanus
3122 1749 3270 1804 illum
3325 1759 3455 1799 cum

194 1823 450 1921 θυριῖιρὸς
476 1850 735 1906 oslial‘ius
765 1823 963 1905 dicitur
986 1850 1040 1904 in
1066 1849 1323 1919 Catalogo
1354 1847 1610 1903 Ecclesiae
1652 1846 1779 1903 Olﬁ-
1811 1823 1851 1878 Β
1881 1823 2178 1920 Trophimo
2207 1823 2426 1904 'Christi
2474 1846 2741 1915 discipulo
2776 1860 2839 1899 ex
2879 1842 3027 1898 Actis
3079 1836 3457 1909 apostolorum

195 1944 329 2007 cial,
378 1954 430 1998 et
456 1943 721 2014 διαὸάρης
750 1958 846 1999 seu
875 1942 1135 2014 διαΰάτης
1169 1943 1220 1997 id
1252 1951 1338 1997 est
1367 1936 1650 2007 transiens,
1682 1954 1780 1994 seu

194 2036 477 2099 circuitor,
501 2037 777 2105 lectorque
800 2035 1000 2089 minor.
1028 2035 1357 2104 Adiungitur
1385 2048 1414 2086 a
1435 2031 1632 2096 Goare,
1655 2046 1777 2101 pag.

197 2128 327 2195 140,
344 2128 580 2184 formula
602 2127 955 2182 benedicendi
974 2141 1343 2192 mconomum,
1364 2124 1416 2179 id
1430 2134 1513 2179 est
1535 2124 1785 2178 ecclesim

196 2222 507 2288 custodem,
552 2236 647 2276 seu
693 2220 989 2276 secundum
1015 2219 1327 2279 diaconum,
1358 2216 1562 2287 p.140.
1608 2216 1783 2270 Exor-

197 2318 437 2369 cistatus
487 2313 621 2368 ordo
648 2328 742 2369 seu
764 2312 1005 2367 ofﬁcium
1051 2311 1195 2381 apud
1241 2310 1460 2366 Graecos
1497 2311 1783 2379 episcopos

200 2406 569 2460 committitur
590 2406 954 2477 presbyteris;
1012 2404 1285 2459 oeconomi
1328 2402 1547 2465 oflicia,
1596 2416 1784 2457 sacro-

201 2512 442 2566 rumque
469 2512 728 2552 vasorum
780 2511 846 2551 ac
888 2495 1134 2551 ecclesiae
1169 2493 1437 2557 custodis,
1482 2491 1783 2557 diaconuli,

203 2606 305 2643 seu
356 2589 573 2643 diaconi
613 2587 859 2652 secundi,
889 2602 953 2641 ac
982 2586 1231 2650 minoris,
1257 2594 1312 2640 et
1342 2584 1665 2639 ostiariatus
1695 2584 1784 2653 (ad

201 2696 370 2750 quem
396 2680 630 2750 pertinet
652 2679 742 2733 illa
765 2678 1050 2747 inscriptio
1074 2676 1292 2732 Gruteri
1321 2692 1371 2745 p.
1402 2674 1524 2741 106,
1555 2690 1705 2729 num.
1729 2673 1783 2728 6:

204 2773 314 2825 llic
368 2771 590 2841 quiescit
645 2768 895 2823 Ursatius
941 2766 1214 2821 ustuarius
1259 2780 1359 2834 pro
1410 2766 1650 2829 ostiario,
1683 2764 1788 2817 nisi

204 2861 499 2931 legendum
531 2861 603 2916 sit
631 2860 958 2914 bustuarias.
991 2857 1223 2930 Cyrillus
1252 2858 1306 2910 in
1329 2855 1551 2909 Leti’ico.
1579 2854 1791 2910 Visitur

204 2970 272 3010 ea
300 2954 583 3025 inscriptio
610 2952 851 3008 Treviris
883 2951 947 3006 ad
990 2959 1240 3005 sanctum
1282 2949 1571 3018 Paulum);
1609 2949 1787 3003 conti-

206 3056 412 3103 nentur
454 3046 780 3111 eminenter,
827 3058 892 3098 ac
929 3042 1190 3112 implieite
1218 3041 1272 3094 in
1321 3041 1511 3095 ordine
1547 3040 1788 3105 lectoris,

208 3143 328 3197 sive
371 3137 739 3209 ἀναγνώστου.
792 3134 939 3192 Gear
1003 3136 1060 3190 in
1112 3133 1409 3205 Eucbolog.
1465 3133 1575 3204 agit
1615 3141 1671 3187 et
1721 3131 1791 3186 de

210 3232 585 3303 κανδηλάπτῃ,
618 3246 713 3287 seu
741 3230 906 3301 670
924 3243 1215 3283 accensore
1244 3242 1548 3293 cereorum,
1577 3236 1629 3281 et
1670 3223 1791 3279 Ἐκ-

211 3323 553 3393 κλησιάρχῃ,
588 3320 682 3390 qui
718 3318 1093 3391 σημαντηρίῳ,
1126 3318 1178 3371 id
1220 3324 1306 3372 est
1335 3316 1493 3386 signo
1525 3325 1795 3370 convocat

213 3413 477 3482 populum
520 3413 587 3466 ad
636 3411 921 3466 ecclesiam
966 3426 997 3464 e
1049 3408 1266 3475 Justino
1310 3409 1363 3462 in
1415 3407 1643 3478 Dialogo
1674 3424 1794 3460 cum

219 3502 518 3574 Tryphone,
567 3502 902 3558 Tertulliano
935 3501 1009 3555 De
1036 3517 1229 3555 corona
1257 3501 1465 3566 militis,
1492 3509 1545 3555 et
1569 3499 1637 3552 ad
1661 3497 1796 3554 Scu-

214 3601 420 3672 pulam.

290 3772 486 3827 Lector
544 3772 599 3826 in
646 3771 856 3842 pulpito
911 3770 1040 3841 legit
1082 3785 1165 3835 ea,
1220 3785 1342 3837 quae
1386 3768 1665 3839 praedicat,
1699 3783 1803 3824 seu

218 3867 478 3921 lectiones
505 3880 716 3930 sacras,
749 3864 1088 3933 verbomque
1118 3862 1234 3925 Dei,
1267 3872 1322 3916 et
1384 3861 1642 3917 lectiones
1671 3876 1797 3917 eas-

218 3960 344 4012 dem
374 3964 578 4020 cantat,
606 3965 660 4009 et
694 3953 963 4009 benedicit
1002 3968 1220 4023 panem,
1271 3961 1326 4006 et
1352 3966 1544 4007 omnes
1586 3951 1799 4007 fructus

220 4062 398 4103 novos
459 4062 491 4102 e
559 4045 862 4101 Pontificali
917 4045 1202 4110 Romano;
1263 4043 1539 4113 quondam
1588 4044 1802 4111 legebat

219 4138 578 4210 Evangelium
612 4137 668 4190 in
699 4135 884 4192 Africa
918 4149 986 4190 ex
1018 4135 1179 4205 epist.
1204 4135 1273 4189 55
1301 4143 1357 4188 et
1391 4133 1461 4187 54
1489 4134 1663 4189 sancti
1693 4134 1799 4204 Cy-

219 4234 421 4306 priani,
454 4241 514 4285 ut
548 4238 698 4286 notat
718 4229 913 4299 Magri,
954 4228 1047 4296 qui
1075 4225 1277 4282 Notitia
1304 4240 1403 4280 sua
1428 4226 1801 4281 ecclesiastica

220 4327 364 4382 falso
418 4326 551 4381 citat
596 4323 888 4378 concilium
943 4318 1266 4375 Toletanum
1318 4317 1591 4387 primum;
1624 4316 1681 4370 in
1737 4331 1803 4371 eo

222 4433 463 4488 namque
484 4415 818 4472 contrarium
845 4427 970 4468 can.
998 4413 1021 4465 1
1049 4420 1105 4465 et
1131 4411 1168 4464 ‘2
1190 4408 1453 4478 comperi,
1481 4407 1626 4461 λιτὸν
1651 4424 1803 4461 παπ-

1880 1959 2162 2015 perperam
2213 1943 2408 1997 miscet
2452 1941 2504 1994 in
2557 1937 2714 1993 Notis
2760 1932 3106 2004 l’urgationis
3157 1928 3460 1986 Caeciliani.

1880 2035 2042 2092 Gesta
2071 2043 2194 2105 post
2227 2033 2480 2102 Optatum
2506 2048 2557 2101 p.
2590 2031 2719 2094 266,
2744 2028 2982 2084 lossores
3027 2029 3371 2085 memorant;
3401 2028 3465 2073 et

1879 2144 1933 2198 p.
1986 2128 2087 2181 271
2142 2126 2497 2180 Saturninum
2565 2121 2852 2176 fossorem.
2914 2116 2974 2171 In
3018 2114 3186 2169 Roma
3239 2126 3460 2182 quoque

1878 2220 2243 2280 subterranea,
2272 2232 2325 2285 p.
2362 2213 2500 2277 408,
2532 2212 2819 2267 Celerinus
2848 2207 2981 2263 foss.
3012 2215 3067 2261 et
3094 2203 3197 2260 409
3230 2203 3462 2257 Anasta-

1882 2310 1998 2365 sius
2049 2318 2103 2362 et
2149 2305 2452 2359 Antiochus
2496 2301 2651 2365 foss.,
2711 2307 2843 2369 etp.
2876 2297 2982 2353 495
3018 2304 3073 2351 et
3116 2293 3221 2348 459
3252 2291 3473 2361 ρεοιιεεμ

1883 2395 2499 2470 psalmicines,Sidooio,
2516 2392 2659 2446 unde
2677 2382 3318 2461 psalmistatusol'ﬁcium;
3334 2396 3462 2434 nam

1884 2491 1977 2561 qui
2013 2487 2358 2542 Christianos
2390 2482 2770 2544 inhumahant,
2802 2480 2869 2534 de
2913 2476 3201 2531 traditione
3222 2472 3463 2543 psalmos

1886 2578 2291 2642 concinebant;
2347 2583 2572 2630 sanctus
2620 2570 2985 2641 Hieronymus
3037 2566 3093 2620 in
3118 2563 3243 2619 Vita
3287 2561 3463 2619 sancti

1884 2669 2104 2723 Antonii
2136 2665 2471 2731 κοπιῶντας;
2502 2671 2723 2719 sanctus
2750 2654 3475 2731 Epiphanius,Bellarmin.,_

1889 2770 2020 2815 tom.
2054 2758 2120 2824 V,
2152 2758 2248 2812 lib.
2279 2773 2321 2824 ι,
2352 2772 2401 2812 c.
2428 2756 2480 2823 Ι,
2512 2748 2853 2809 οοιιίιονθτε.
2885 2750 2975 2805 85.

1955 2852 2036 2905 Ad
2067 2848 2321 2904 ostiarios
2342 2844 2706 2907 redeundum,
2725 2841 2926 2913 quibus
2951 2839 3131 2894 claves
3162 2836 3479 2899 traduntur,

1889 2945 1983 3017 qui
2029 2943 2253 3014 pulsant
2281 2938 2589 3011 cymbalum
2635 2944 2691 2990 et
2731 2948 3072 3004 campanam,
3116 2940 3168 2986 et
3221 2928 3472 3000 aperiunt

1888 3036 2091 3089 librum
2126 3032 2174 3087 ei
2200 3031 2295 3102 qui
2327 3028 2606 3099 praedicat.
2641 3023 2684 3078 E
2724 3023 3050 3087 Pontiﬁcali,
3084 3036 3203 3076 mos
3231 3029 3350 3075 erat
3376 3033 3472 3073 ec-

1893 3122 2233 3180 clesiasticus
2258 3118 2465 3174 circulo
2498 3116 2677 3171 claves
2706 3113 2938 3185 appendi
2967 3120 3157 3167 sancto
3186 3108 3370 3178 Petro,
3404 3123 3473 3162 ex

1894 3218 2015 3286 ejus
2042 3210 2391 3283 imaginibus,
2426 3222 2563 3278 quas
2597 3204 2817 3260 exhibet
2862 3203 3217 3265 Alemannus,
3252 3199 3306 3253 in
3348 3197 3473 3251 Dis-

1892 3309 2178 3364 sertatione
2206 3303 2269 3358 de
2299 3300 2488 3371 pariet.
2515 3298 2850 3371 Laterqnen.,
2869 3304 2963 3350 aut
2982 3310 3011 3350 e
3032 3292 3248 3349 baltheo
3273 3288 3473 3346 summi

1893 3315 2178 3364 sei-latione
2206 3315 2269 3358 de
2299 3315 2488 3371 pariet.
2515 3315 2670 3353 ωιεν
2709 3315 2850 3361 nem,
2869 3315 2963 3350 al"
2982 3315 3011 3350 8
3032 3315 3248 3349 Dalulcu
3273 3315 3471 3346 summi

1893 3399 2245 3473 pontificis,ut
2258 3397 2312 3449 in
2329 3395 2446 3449 Vita
2461 3315 2736 3447 Paschaﬁs
2751 3386 2812 3455 Il,
2829 3387 3017 3442 codice
3034 3383 3295 3439 Vaticano
3309 3381 3471 3442 5622,

1892 3494 2059 3567 671
2093 3491 2277 3545 Roma:
2307 3486 2537 3542 celebris
2563 3484 2794 3553 scriptor
2821 3480 2958 3536 Vita:
2996 3479 3204 3547 aliquot
3255 3474 3476 3546 pontifi-

1897 3564 2021 3643 cum
2048 3581 2405 3651 Pandulphus
2432 3576 2694 3633 ostiarius
2720 3574 2815 3645 qui
2839 3584 2954 3628 erat
2986 3570 3182 3627 saeculo
3214 3583 3309 3621 xu.
3342 3564 3477 3619 Fue-

1896 3687 2026 3734 runt
2074 3676 2203 3731 olim
2270 3675 2478 3728 circum
2557 3682 2740 3723 arcam
2798 3674 2852 3721 et
2908 3664 3167 3735 templum
3220 3658 3481 3723 ostiarii,

1897 3771 1918 3826 Ι
1955 3770 2132 3825 Paral.
2164 3782 2275 3832 1m,
2301 3764 2432 3820 dicti
2465 3760 2731 3833 janitores
2758 3773 2789 3813 a
2812 3757 3018 3828 januis,
3051 3752 3320 3824 portariia
3346 3766 3476 3821 por—

1898 3863 1988 3928 tis,
2021 3858 2229 3915 ostiarii
2260 3857 2329 3911 ab
2358 3850 2751 3910 ostiislParal.
2779 3865 2854 3916 lx,
2883 3848 2987 3914 2‘2;
3023 3844 3226 3900 lEsdr.
3262 3859 3346 3905 ιιι.
3374 3841 3486 3905 24,

1901 3956 1981 4009 Ad
2026 3953 2216 4007 limina
2260 3949 2355 4020 ﬁdi
2386 3945 2644 4002 Custodes
2684 3943 2871 4012 Virgil.
2912 3941 2953 3994 l.
2978 3955 3103 3993 xxw
3147 3937 3175 4008 ᾗ
3222 3937 3274 3992 1.
3314 3934 3381 3987 D.
3414 3936 3479 3987 de

1900 4063 2026 4101 ann.
2058 4044 2242 4115 legatis
2285 4050 2334 4094 et
2368 4038 2395 4109 ς
2426 4037 2521 4091 Est
2547 4045 2722 4090 autem
2750 4033 2982 4087 institut.
3033 4028 3096 4082 de
3135 4025 3382 4082 actionib.
3424 4040 3476 4079 c.

1902 4138 2155 4198 Clericos,
2184 4134 2247 4187 Ξι
2286 4132 2442 4197 dist.;
2472 4145 2536 4183 ex
2577 4127 2785 4183 Isidoro
2812 4123 3088 4193 Hispalen.
3120 4134 3170 4174 c.
3209 4116 3478 4174 Ostiarius

1901 4230 1973 4285 25
2000 4230 2127 4283 dist.
2146 4241 2195 4281 c.
2227 4222 2496 4285 Perlectis,
2524 4221 2595 4274 25
2626 4218 2756 4273 dist.
2789 4215 2882 4270 ubi
2908 4215 2974 4269 de
3002 4212 3352 4275 basilicariis,
3381 4209 3489 4263 ba-

1903 4320 2185 4377 silicarum
2227 4310 2494 4373 ostiariis,
2527 4320 2582 4363 et
2606 4307 2673 4363 de
2698 4302 3107 4365 tnatriculariis,
3140 4300 3304 4369 vulgo
3337 4314 3482 4357 mar-

1906 4410 2146 4484 guilliers
2177 4422 2208 4461 a
2236 4402 2525 4459 matricula
2554 4399 2669 4455 sive
2698 4397 2842 4463 albo,
2877 4396 2931 4449 in
2964 4408 3074 4464 quo
3095 4388 3489 4447 describeban-

222 4512 336 4565 πᾶν
372 4482 423 4565 -e
474 4509 798 4564 Balsamone
852 4504 1178 4574 appellatum
1239 4502 1507 4567 afﬁrmat;
1581 4499 1795 4555 ostiarii

1904 4482 2012 4571 tur,
2070 4502 2195 4557 licet
2236 4497 2329 4553 alii
2358 4496 2630 4550 deducant
2670 4506 2701 4546 a
2726 4489 2991 4551 marculo,
3022 4484 3168 4557 quod
3211 4497 3327 4545 eos,
3384 4482 3481 4551 qui

224 4618 431 4659 munus
475 4601 640 4656 tradit
700 4598 941 4654 Isidorus
986 4594 1323 4665 Hispalensis
1367 4593 1422 4647 in
1454 4590 1683 4662 epistola
1729 4590 1803 4646 ad;

224 4694 581 4753 Lanfredum.
616 4692 925 4748 Cardinalis
972 4690 1239 4744 Baronius
1270 4686 1390 4743 fuse
1422 4687 1490 4742 de
1536 4685 1799 4751 ostiariis,

224 4799 281 4844 et
310 4788 608 4844 lectoribus
641 4787 707 4841 ad
738 4799 942 4839 annum
974 4783 1179 4839 Christi
1211 4782 1301 4847 44,
1337 4796 1392 4852 p.
1430 4782 1519 4844 77,
1548 4796 1605 4835 ιι.
1651 4781 1718 4835 15
1748 4789 1805 4835 et

226 4883 318 4947 54,
379 4880 473 4935 ubi
528 4881 596 4934 de
641 4877 839 4933 officiis
888 4885 1174 4931 cantorum
1220 4884 1275 4928 et
1320 4871 1683 4927 laborantium
1736 4885 1805 4925 ex

227 4973 459 5043 epistola
518 4971 691 5027 sancti
749 4969 943 5041 lgnatii
990 4968 1055 5022 ad
1085 4967 1467 5037 Polycarpum,
1517 4972 1570 5020 et
1615 4971 1805 5019 sancto

232 5063 561 5135 Epiphanio,
623 5062 719 5132 qui
755 5060 983 5131 coplata:
1014 5067 1069 5114 et
1096 5057 1334 5123 fossarii,
1367 5056 1543 5125 deque
1577 5054 1805 5109 notariis

229 5165 284 5210 et
316 5154 715 5221 defensoribus,
753 5168 820 5208 ac
856 5151 1176 5223 psalmistis,
1215 5149 1291 5203 uti
1338 5147 1559 5211 Hallier,
1610 5162 1666 5216 p.
1703 5145 1810 5200 569

232 5257 289 5304 et
324 5249 450 5303 574.
484 5247 718 5302 Sanctus
748 5246 1132 5315 Hieronymus,
1187 5243 1303 5297 sive
1331 5242 1457 5311 quis
1491 5240 1632 5294 alius
1663 5238 1806 5292 inter

232 5342 353 5414 ejus
410 5357 575 5412 opera
622 5339 874 5411 Epistolas
950 5339 1017 5392 ad
1068 5338 1355 5392 Rusticum
1403 5333 1812 5389 Narbonensem

236 5441 448 5499 auctor,
469 5434 535 5488 de
557 5443 762 5503 septem
781 5430 1061 5501 gradibus,
1079 5429 1314 5499 primum
1332 5426 1572 5482 ecclesia:
1589 5425 1813 5480 clerico-

236 5543 357 5582 rum
382 5526 628 5581 ordinem
661 5524 854 5580 statuit
886 5522 1267 5585 fossariorum,
1301 5519 1601 5574 secundum
1645 5518 1815 5572 ostia-

238 5619 446 5675 riorum
467 5636 481 5683 ;
504 5633 613 5672 non
644 5624 972 5672 sunttamen
1006 5615 1117 5669 ullo
1144 5614 1384 5682 insignes
1417 5611 1608 5665 ordine
1639 5609 1815 5665 fosso-

241 5727 330 5767 res
376 5712 633 5765 κοπιάται
682 5716 875 5764 sancto
914 5705 1122 5778 lgnatio
1162 5706 1217 5759 in
1269 5702 1497 5772 epistola
1525 5702 1590 5754 ad
1621 5699 1816 5754 Antio-

240 5805 475 5870 chenos,
510 5818 674 5875 quam
703 5802 881 5873 reiicit
924 5799 1176 5865 Vossius,
1210 5808 1263 5854 at
1292 5796 1572 5853 Mcstrtcus
1618 5808 1814 5864 appro—

1902 4594 2146 4653 marculo
2197 4589 2341 4646 fores
2392 4585 2701 4658 pulsabant,
2747 4581 3123 4637 observarent.
3169 4574 3393 4637 Lucius,
3426 4576 3481 4626 in

1902 4690 2097 4745 Placit.
2132 4685 2334 4749 Curia,
2384 4681 2478 4736 lib.
2515 4694 2556 4743 t,
2587 4680 2673 4732 tit.
2710 4675 2745 4732 5
2771 4684 2827 4731 et
2854 4673 2925 4739 6',
2969 4670 3190 4728 Colvius
3214 4669 3269 4723 in
3321 4664 3481 4721 Notis

1906 4780 1974 4835 ad
2006 4777 2197 4834 Sidon.

1976 4869 2146 4924 Erant
2176 4864 2389 4921 ostiarii
2425 4859 2663 4933 profani,
2706 4865 2762 4912 et
2788 4852 3024 4911 ostiaria:
3044 4848 3089 4905 ll
3117 4846 3483 4919 Reg.1v,etin

1908 4960 2085 5019 sancti
2111 4957 2339 5014 Joannis
2375 4953 2665 5022 Evangelio
2698 4964 2749 5004 c.
2782 4963 2819 5001 ι
2848 4952 2903 5000 et
2929 4959 3088 5005 xvm,
3124 4939 3261 5011 apud
3295 4937 3482 4993 Gallos

1910 5052 2224 5114 Huissiers;
2256 5049 2324 5104 de
2350 5047 2460 5101 illis
2510 5040 2898 5112 Rocheﬂavyn.
2931 5037 2966 5092 ι.
2997 5052 3036 5091 ιι
3069 5033 3309 5088 Institut.
3346 5028 3485 5084 Par-

1912 5146 2130 5199 lament.
2168 5158 2291 5211 cap.
2326 5139 2415 5203 16,
2448 5154 2595 5191 num.
2626 5136 2716 5189 22.
2750 5133 2823 5188 De
2852 5128 3067 5187 aedituis
3096 5135 3278 5181 autem
3311 5122 3484 5177 Varro

1912 5238 2009 5292 lib.
2050 5252 2103 5290 νι
2137 5234 2210 5289 De
2232 5235 2361 5303 ling.
2404 5230 2523 5284 Lat.
2560 5237 2615 5284 et
2654 5226 2752 5281 lib.
2792 5240 2889 5289 vn,
2928 5235 3050 5276 cum
3099 5216 3318 5286 Joseplti
3352 5214 3484 5268 Sca-

1912 5330 2069 5401 ligeri
2106 5324 2508 5397 Conjectaneis,
2548 5316 2696 5374 Fest.
2726 5318 2780 5371 in
2808 5316 2875 5371 V.
2910 5312 3165 5367 zEdituus
3202 5317 3251 5361 et
3281 5304 3485 5401 Αἳέξιξς

1913 5396 2055 5477 ιηίιε.
2110 5396 2459 5489 Anagnostze,
2507 5428 2603 5468 seu
2636 5411 2865 5466 lectores
2911 5402 3264 5461 continebant
3311 5396 3486 5451 ollicia

1914 5530 2082 5587 penes
2115 5513 2356 5575 Graecos,
2406 5510 2599 5562 horum
2633 5502 2900 5565 omnium,
2933 5505 2994 5551 ιιι
3029 5494 3227 5563 saepius
3273 5489 3484 5559 repetii,

1916 5607 2237 5669 ciliciorum,
2272 5618 2366 5657 seu
2413 5600 2593 5671 potius
2631 5595 2887 5651 ordinum
2922 5588 3199 5644 minorum
3234 5580 3487 5636 ostiaria-

1920 5710 2029 5761 tus,
2061 5707 2115 5751 et
2152 5694 2541 5756 exorcistatus,
2577 5704 2687 5759 quo
2717 5682 3020 5757 expelleudi
3050 5680 3348 5739 daemonas,
3384 5673 3485 5727 im-

1920 5789 2263 5857 mundosque
2306 5787 2531 5856 spiritus
2572 5798 2603 5837 a
2640 5778 2963 5850 corporibus
2992 5770 3233 5830 obsessis
3258 5767 3489 5824 dabatur
