3816 6220
280 251 415 312 17309

975 249 1125 310 JOS.
1163 247 1428 309 ΜΑΗΙΕ
1470 250 1823 308 SUABESII
1867 251 2099 311 LIBER
2141 249 2778 310 CHRONOLOGICUS

3401 238 3562 303 1400

278 376 517 440 potestas
564 364 649 419 his
700 364 794 434 qui
839 378 907 419 eo
958 364 1338 419 initiabantur.
1382 366 1679 419 Esorcistar
1727 366 1851 432 qui-
1881 376 1924 430 Α
1954 368 2214 439 epistolas
2244 382 2374 423 suas
2398 366 2465 420 ad
2493 363 2871 423 Colossenses,
2901 368 2956 413 et
2982 357 3051 412 ad
3075 354 3567 412 Thessalonicen-

278 457 399 510 tletn
436 470 465 508 a
498 452 705 508 Latinis
746 452 1056 521 adjurantes
1095 454 1271 508 vocali
1326 463 1474 517 sunt,
1511 456 1642 524 qttia
1688 471 1852 526 super

277 548 725 611 catechumenos,
753 546 847 615 qui
876 545 1140 615 baptizati
1172 555 1349 610 erant,
1384 547 1467 600 vel
1499 563 1664 617 super
1687 562 1852 602 ener-

278 654 563 712 gumenos,
596 640 687 707 qui
714 639 1054 692 vexabantur
1083 653 1114 693 a
1136 638 1495 702 daemonibus,
1527 639 1855 694 invocabant

279 747 479 787 nomen
512 730 724 786 Domini
756 729 909 794 Jesu,
943 739 1004 785 ut
1032 731 1100 784 ab
1130 730 1215 787 his
1245 732 1655 801 egrederentur.
1691 732 1855 787 Isido-

279 837 398 885 rus,
430 837 479 876 c.
513 821 599 886 42,
631 821 727 874 lib.
765 837 840 874 vu
888 819 1191 892 Etymolog.
1231 836 1281 876 c.
1333 820 1588 887 Clericos,
1622 823 1683 877 24
1721 824 1850 879 dist.

280 912 538 966 Formula
602 910 865 967 solemnis
945 912 1053 980 qua
1114 911 1401 967 exorcistze
1461 913 1858 968 ordinabantur

279 1010 459 1057 exstat
486 1002 540 1055 in
580 1017 631 1057 c.
662 1001 962 1067 Exorcista,
996 1002 1195 1058 ibidem
1223 1021 1239 1071 ;
1272 1002 1532 1059 Salomon
1562 1006 1854 1076 quemdam

281 1094 505 1147 modum
558 1092 904 1147 exorcizandi
938 1091 1238 1158 adinvenit,
1269 1095 1705 1165 conjurahatqne
1741 1096 1855 1149 da:-

283 1200 477 1239 monas
511 1184 603 1239 illo
638 1194 834 1251 utens;
871 1182 1069 1238 Zonar.
1107 1192 1240 1239 tom.
1274 1184 1316 1247 l,
1358 1185 1454 1240 l'ol.
1485 1186 1576 1252 2|,
1606 1188 1856 1257 Χρονικ.,

284 1275 379 1329 ubi
430 1275 496 1331 de
526 1276 730 1330 annulo
762 1274 1005 1329 Eleazari
1044 1290 1075 1330 e
1120 1274 1380 1346 Josepho,
1414 1278 1593 1347 Antiq.
1628 1277 1855 1331 Judaic.

284 1365 383 1420 lib.
445 1380 561 1430 νιιι,
616 1380 737 1436 cap.
769 1364 826 1430 2,
876 1366 971 1435 qni
1012 1367 1080 1421 de
1124 1367 1241 1433 ipso
1290 1369 1639 1423 exorcizante
1672 1385 1859 1424 coram

284 1455 668 1526 Vespasiano,
730 1456 958 1527 ejusque
1006 1457 1153 1512 filiis.
1216 1457 1286 1512 At
1348 1474 1469 1528 cap.
1530 1475 1625 1513 xxx
1668 1461 1857 1515 Actor.

289 1548 499 1603 mentio
530 1549 589 1602 lit
614 1548 1069 1603 circumeuntium
1100 1546 1411 1614 indecorum
1435 1551 1854 1616 exorcistarum,

290 1640 386 1710 qui
424 1647 579 1694 erant
616 1648 822 1709 septem
876 1640 973 1694 lilii
1004 1638 1187 1695 Sceva:
1214 1642 1473 1712 principis
1494 1642 1863 1708 sacerdotum,

1954 479 2043 519 ses
2074 463 2233 524 duas,
2261 459 2551 514 nominans
2580 470 2707 511 eum
2738 455 2796 508 in
2850 451 3091 522 Epistola
3134 451 3200 505 ad
3257 448 3567 503 Philemo-

1953 570 2126 620 nem;
2163 552 2268 607 fuit
2317 550 2407 605 hic
2460 547 2755 603 Onesimus
2802 544 3093 615 episcopus
3120 540 3349 612 Ephesi,
3394 552 3567 591 mar-

1953 656 2148 717 tyrque
2182 643 2389 707 Romae,
2435 656 2467 696 e
2499 637 2882 706 Martyrologio
2918 635 3168 689 Romano
3200 633 3271 687 45
3301 631 3571 685 Februa—

1934 733 2061 802 'rii;
2102 752 2197 807 per
2224 733 2586 805 Epiphanium
2623 731 2880 785 lectorem
2909 727 2977 782 ad
3006 725 3417 807 Philippenses,
3449 736 3570 775 eo—

1957 802 2187 897 rumque
2237 802 2299 879 ﬁ‘t
2328 802 2561 877 _menlio
2601 822 2657 875 in
2691 818 3046 889 argumentis.
3083 802 3231 870 Erat.
3249 816 3303 871 id
3339 827 3571 868 munus

1958 920 2164 973 litteras
2196 912 2503 985 perlerendi
2536 911 2920 981 episcoporum
2954 908 3023 963 ad
3049 907 3330 963 Ecelesias
3357 906 3569 975 injun-

1958 1019 2106 1064 ctum
2180 1006 2496 1071 lectoribus,
2560 1003 2853 1073 acolythis,
2911 1016 2975 1054 ac
3034 999 3425 1063 subdiaconis,
3490 1006 3570 1049 ut

1958 1101 2195 1157 ostendit
2247 1111 2467 1156 sanctus
2519 1095 2826 1168 Cyprianus
2888 1093 3048 1163 epist.
3101 1091 3191 1155 46,
3232 1091 3446 1159 inqua
3482 1089 3571 1142 de

1959 1194 2212 1249 Celerino
2242 1191 2499 1261 acolytho
2536 1188 2602 1243 ad
2636 1187 2980 1242 diacOuatum
3012 1196 3198 1254 postea
3242 1190 3509 1251 provecto
3540 1197 3566 1233 ι

1960 1289 2027 1341 de
2054 1300 2163 1356 quo
2212 1283 2413 1338 Euseb.
2460 1294 2516 1336 et
2565 1278 2913 1349 Martyrolog.
2969 1276 3128 1330 Rom.
3170 1274 3204 1328 5
3236 1272 3565 1335 Februarii,

1964 1379 2055 1432 ubi
2099 1375 2395 1431 cardinalis
2447 1371 2734 1435 Baronius,
2784 1370 2877 1439 qui
2911 1378 2967 1423 et
2997 1368 3065 1423 ad
3118 1382 3325 1421 annum
3379 1365 3453 1418 49
3495 1364 3565 1418 in

1963 1471 2160 1528 Annal.
2218 1469 2309 1540 (an
2350 1469 2443 1522 ille
2474 1466 2568 1536 qui
2606 1463 2864 1535 superius
2904 1461 3012 1516 l'os.
3043 1459 3359 1525 Celerinus)
3396 1456 3470 1510 9.4
3496 1465 3565 1511 et

1962 1566 2074 1622 25:
2136 1562 2387 1634 quamvis
2449 1559 2518 1615 de
2548 1572 2776 1614 cursore
2831 1557 2978 1611 illam
3026 1554 3094 1609 ad
3141 1570 3257 1609 rem
3294 1551 3560 1622 eligendo

1966 1657 2247 1730 scripserit
2278 1662 2504 1711 sanctus
2542 1653 2799 1723 lgnatius,
2836 1647 3065 1717 epistola
3089 1646 3158 1702 ad
3181 1644 3557 1716 Polycarpun:

291 1741 348 1786 et
371 1730 878 1801 invocaruntsuper
895 1746 991 1786 eos
1016 1732 1399 1801 quihabebant
1424 1733 1648 1803 spiritus
1670 1735 1865 1800 malos,
1898 1744 1940 1798 Β
1968 1754 2030 1806 εει
2061 1770 2075 1815 ς
2135 1748 2443 1805 tabellarios
2495 1745 2900 1816 episcoporum,
2947 1755 3044 1795 seu
3072 1739 3307 1808 legatos,
3337 1737 3558 1790 ιίιιεη-

291 1837 492 1877 nomen
529 1821 744 1878 Domini
773 1821 924 1890 Jesu,
961 1830 1235 1879 tentantes
1265 1824 1541 1894 adjurare,
1579 1826 1674 1880 sed
1706 1828 1864 1879 irrito

289 1924 513 1980 conatu,
565 1931 619 1971 v.
667 1915 739 1969 2‘5
776 1925 831 1971 et
859 1917 1235 1987 sequentibus.
1274 1915 1328 1971 In
1370 1917 1647 1987 baptismo
1680 1926 1865 1973 autem

289 2008 631 2063 exorcismus
683 2008 863 2074 ﬁebat,
902 2024 1027 2063 cum
1058 2022 1257 2078 magno
1283 2008 1672 2078 jurejurando,
1711 2008 1868 2080 jura-

291 2100 493 2154 hantin
513 2115 709 2154 nomen
744 2100 954 2154 Christi
973 2100 1378 2167 catechumeni,
1396 2108 1451 2155 et
1479 2101 1869 2156 exsulllabatur

296 2194 533 2257 dmmon,
560 2191 1053 2262 imponebaturque
1073 2206 1271 2247 manus
1308 2207 1339 2245 a
1385 2193 1719 2263 presbytero,
1758 2193 1871 2246 ut4

293 2282 422 2338 dist.
443 2281 617 2353 gloss.’
636 2283 691 2337 in
709 2298 759 2337 c.
779 2281 1043 2349 Pervenit,
1066 2282 1155 2349 30,
1175 2300 1231 2354 q.
1252 2284 1307 2339 4.
1322 2281 1577 2354 Polydor.
1618 2282 1869 2353 Virgilius

293 2389 344 2428 c.
370 2374 404 2427 4
430 2382 486 2429 et
533 2373 587 2439 5,
625 2373 721 2429 lib.
777 2388 831 2428 tv
864 2373 942 2427 De
984 2375 1242 2428 inventor.
1309 2389 1520 2439 rerum;
1579 2371 1771 2441 Cujac.
1801 2372 1870 2425 ad

293 2483 345 2523 c.
377 2467 410 2521 5
435 2466 513 2521 De
537 2475 747 2540 cognat.
773 2466 1047 2533 spiritual.
1081 2465 1251 2520 Hodie
1286 2481 1414 2520 vero
1443 2464 1785 2527 catechismi,
1819 2475 1873 2517 et

300 2560 596 2616 exorcismi
621 2560 895 2617 solemnes
920 2569 1051 2617 sunt
1076 2561 1346 2632 baptismo
1366 2560 1667 2631 conjuncti,
1687 2566 1742 2613 et
1758 2567 1872 2613 sta-

293 2653 393 2711 tim
421 2668 486 2709 ac
512 2654 643 2708 editi
666 2669 861 2709 sumus
894 2653 1167 2715 inlucem.
1200 2662 1296 2708 aut
1325 2663 1449 2724 post
1478 2651 1725 2708 triduum
1762 2652 1874 2706 sal-

295 2756 429 2810 tem,
454 2746 743 2801 adhibetur
760 2755 1073 2817 utrumque,
1100 2746 1230 2800 dum
1254 2746 1426 2802 sacris
1452 2745 1714 2817 tingimur
1734 2744 1873 2815 lym-

295 2839 455 2910 phis;
477 2838 673 2893 Franc.
704 2837 956 2893 Connan.
991 2839 1087 2894 lib.
1125 2854 1222 2894 vm
1243 2836 1741 2893 CommentarJur.
1768 2852 1817 2890 c.
1845 2834 1876 2890 5

299 2947 358 2985 ιι.
387 2931 441 2986 2.
475 2930 545 2985 At
564 2930 858 2986 exorcismi
904 2944 1403 3000 energumenorum
1448 2928 1678 2984 lormula
1700 2934 1879 2981 exstat

297 3022 354 3077 in
412 3021 617 3077 Rituali
676 3021 927 3078 Romano
981 3022 1050 3078 ad
1102 3020 1332 3077 calcem.
1389 3018 1878 3076 Eminentissimus

298 3130 521 3185 quoque
564 3115 862 3171 cardinalis
894 3116 1067 3182 Bona,
1094 3114 1519 3185 sapientissime,
1552 3128 1617 3168 ac
1640 3111 1877 3183 pruden-
1900 3092 1945 3150 ο

297 3209 511 3266 tissime
525 3208 766 3275 disserit,
796 3205 1115 3262 deiindiciis
1166 3216 1328 3275 atque
1354 3204 1529 3276 signis
1557 3216 1880 3273 energume-

299 3317 517 3366 norum,
546 3301 613 3356 de
642 3298 974 3355 discretione
991 3298 1281 3369 spirituum
1303 3297 1399 3352 lib.
1429 3298 1760 3365 Aureo,cap.
1789 3293 1877 3357 44,

301 3409 456 3449 num.
493 3393 593 3459 44;
632 3390 849 3461 Ulpian.
884 3390 940 3445 in
980 3389 1019 3445 l.
1050 3406 1090 3455 ι,
1129 3388 1200 3443 D.
1229 3389 1294 3443 de
1318 3404 1436 3443 var.
1471 3396 1521 3442 et
1544 3384 1876 3441 extraordin.

299 3487 477 3558 cognit
501 3503 515 3540 :
554 3504 572 3536 ‹
592 3485 650 3539 Si
676 3482 993 3549 incantavit,
1022 3482 1067 3539 si
1095 3481 1427 3552 imprecatus
1454 3490 1558 3546 est,
1586 3479 1656 3544 si,
1687 3486 1750 3533 ut
1773 3476 1881 3532 vul-

306 3578 425 3649 gari
457 3576 623 3648 672
655 3573 1039 3645 impositorum
1055 3572 1521 3644 (itanuncupabat
1545 3568 1882 3638 Chistianos)

302 3668 471 3723 verbo
518 3675 643 3721 utar
699 3664 1068 3727 exorcizavit;
1106 3682 1126 3717 ι
1155 3673 1275 3717 erat
1325 3660 1593 3730 Ulpianus
1637 3656 1885 3711 infensus

305 3757 654 3823 Christianis,
703 3755 851 3811 unde
904 3754 1121 3825 collegit
1163 3753 1394 3824 septimo
1424 3752 1563 3807 libro
1597 3749 1672 3804 De
1704 3748 1884 3819 ofﬁcio

306 3866 551 3921 procons.
596 3849 863 3919 rescripta
898 3848 1207 3918 principum
1239 3848 1307 3901 de
1341 3845 1518 3915 poenis
1545 3842 1889 3897 Christiano-

305 3956 470 4006 rum;
511 3954 542 3994 e
577 3937 882 4005 Lactantio,
936 3936 1123 4008 Cujac.
1173 3952 1294 4006 cap.
1328 3936 1397 3989 54
1430 3934 1505 3989 lib
1543 3948 1577 3986 χ
1611 3930 1884 3986 Observat.

309 4036 374 4085 de
414 4031 724 4085 θεον-οἰδηιὶε
784 4039 835 4084 et
860 4029 1259 4099 energumenis;
1282 4027 1479 4080 Alciat.
1512 4025 1606 4079 lib.
1642 4035 1738 4079 vin
1775 4020 1888 4075 Pa-

309 4140 449 4195 rerg.
478 4138 597 4193 cap.
638 4123 726 4177 25.
763 4121 918 4177 Adde
965 4121 1346 4191 Hippocratem
1380 4118 1475 4173 lib.
1517 4115 1653 4186 napi.
1682 4113 1888 4184 παρθε-

312 4214 463 4270 νιῶν.
490 4214 742 4268 Romano
758 4212 993 4269 concilio
1015 4211 1116 4266 sub
1148 4210 1408 4265 Silvestro
1436 4224 1573 4279 papa
1596 4205 1891 4261 interfuere

314 4308 552 4382 acolythi
582 4308 673 4373 44,
696 4308 982 4361 exorcistae
1009 4305 1101 4368 22,
1133 4303 1366 4359 lectores
1399 4300 1562 4357 Urbis
1581 4299 1670 4365 90,
1689 4295 1890 4353 notarii

1968 1860 2202 1915 rumque
2238 1843 2440 1897 latores
2484 1837 2761 1907 comperio
2784 1833 3065 1904 acolythus
3115 1830 3263 1900 apud
3294 1836 3556 1884 sanetum

1967 1936 2354 2007 Augustinum,
2408 1932 2635 2002 epistola
2688 1928 2794 1983 404
2850 1928 2917 1981 ad
2951 1924 3187 1986 Sixtum,
3219 1924 3314 1978 cui
3346 1922 3557 1977 rescri-

1969 2039 2120 2097 ptum
2148 2040 2309 2080 suum
2340 2022 2490 2077 misit
2521 2036 2618 2091 per
2649 2018 2908 2073 Albinum
2935 2015 3275 2086 acolythum.
3296 2012 3562 2067 Clemens

1971 2119 2167 2174 tertius
2216 2130 2356 2187 papa
2404 2114 2457 2168 in
2513 2111 2684 2181 antiq.
2718 2107 3055 2165 Collectioue
3103 2106 3163 2172 2,
3222 2104 3369 2175 apud
3419 2103 3558 2155 Ant.

1970 2215 2199 2282 August.
2226 2209 2322 2263 lib.
2351 2223 2425 2261 vn
2458 2202 2833 2266 Decretalium,
2865 2201 2951 2255 tit.
2978 2199 3010 2253 7
3044 2198 3118 2253 De
3140 2213 3371 2251 concess.
3403 2193 3566 2248 Prae-

1972 2305 2087 2355 ben.
2116 2301 2197 2354 ad
2226 2298 2525 2353 Remensem
2557 2294 3027 2360 archiepiscopum,
3052 2304 3101 2343 c.
3127 2288 3199 2342 4:
3241 2304 3262 2337 ι
3300 2286 3563 2340 Insinua-

1971 2397 2049 2449 vit
2076 2393 2236 2447 nobis
2265 2389 2502 2459 (scribit)
2540 2386 2773 2441 dilectus
2801 2384 2944 2438 illius
2977 2389 3166 2436 noster
3198 2378 3264 2434 C.
3301 2392 3476 2447 nepos
3501 2385 3567 2431 et

1973 2484 2257 2557 acolythus
2297 2489 2504 2537 noster.
2551 2498 2570 2531 ι

2046 2577 2319 2630 Minorum
2380 2574 2609 2628 istorum
2668 2568 2926 2624 ordinum
2985 2564 3287 2620 meminere
3331 2570 3565 2616 sanctus

1976 2670 2192 2724 Marcus
2220 2668 2272 2720 in
2309 2664 2573 2733 Liturgia,
2601 2662 2856 2716 Clemens
2882 2658 3167 2713 Romanus
3202 2655 3259 2709 in
3288 2652 3567 2709 constitu-

1976 2762 2241 2824 tionibus,
2262 2756 2613 2828 στηκέτωσαν
2642 2754 2700 2808 δὲ
2730 2754 2780 2806 οἱ
2810 2752 2911 2823 μὲν
2935 2748 3179 2820 πυλωροὶ
3205 2750 3287 2810 εἱς
3314 2748 3419 2808 τὰς
3453 2746 3569 2797 εἰσ-

1976 2856 2130 2917 όδους
2154 2853 2262 2905 τῶν
2311 2848 2541 2921 ἀνδρῶν.
2593 2847 2860 2900 Assistant
2911 2851 3091 2896 autem
3138 2838 3353 2893 ostiarii
3378 2837 3452 2890 ad
3479 2838 3570 2888 in-

1979 2961 2186 3018 gressus
2218 2943 2475 3003 virorum,
2510 2946 2566 2993 et
2595 2936 2850 2991 Ganones
2881 2932 3259 3002 apostolorum
3284 2929 3397 2998 jam
3442 2928 3564 2981 lan-

1980 3017 2131 3101 dati;
2167 3034 2284 3087 fuse
2310 3031 2379 3085 de
2411 3030 2495 3083 his
2528 3024 2883 3082 doctissimus
2909 3023 3113 3078 Hallier
3144 3022 3443 3091 episcopus
3465 3017 3570 3070 Ca-

1978 3127 2315 3190 ballicensis,
2369 3139 2423 3194 p.
2479 3121 2607 3186 564,
2658 3120 2711 3174 in
2752 3118 2922 3173 altera
2950 3124 3107 3184 parte
3138 3114 3215 3169 De
3247 3112 3426 3169 sacris
3457 3110 3572 3165 ele-

1981 3219 2276 3281 ctionibus,
2325 3225 2380 3269 et
2428 3209 2822 3268 ordinationib.
2876 3216 3011 3263 sect.
3055 3206 3109 3271 4,
3146 3220 3198 3259 c.
3234 3206 3287 3267 4,
3318 3203 3481 3257 artic.
3512 3201 3567 3253 4.

1982 3312 2214 3367 Sanctus
2268 3304 2568 3376 Gregorius
2621 3300 3000 3356 Nazianzenus
3054 3308 3200 3352 orat.
3252 3294 3344 3361 48,
3377 3301 3575 3349 narrat

1983 3411 2232 3460 sanctum
2294 3398 2629 3469 Cyprianum
2682 3392 2960 3464 Magnum,
3022 3398 3318 3457 antequam
3378 3394 3575 3455 pastor

1983 3497 2156 3557 ﬁeret,
2207 3489 2476 3559 νεωκόρον
2505 3486 2675 3541 fuisse
2722 3484 3017 3546 delectum,
3055 3480 3113 3535 id
3150 3476 3569 3544 est,a2dituum,

1984 3588 2063 3643 uti
2117 3584 2305 3640 Billius
2354 3582 2411 3635 in
2449 3579 2605 3634 Notis
2634 3576 2877 3645 exponit.
2911 3573 3243 3637 Ministrum,
3280 3571 3572 3629 nimirum.

1984 3680 2076 3736 cui
2096 3677 2278 3747 templi
2308 3672 2647 3745 expurgandi
2670 3681 2725 3725 et
2753 3667 3003 3723 verrendi
3051 3679 3257 3719 munus
3284 3662 3574 3717 incumbe—

1984 3773 2099 3837 bat,
2120 3784 2231 3823 uno
2260 3765 2427 3821 verbo
2453 3762 2713 3826 ostiariis
2735 3778 2750 3825 ;
2776 3758 2939 3829 673
2954 3757 3083 3811 huic
3094 3754 3417 3819 Adlielmus,
3437 3768 3488 3807 e.
3507 3751 3576 3805 45

1988 3862 2066 3917 Dc
2095 3858 2299 3914 laudib.
2329 3855 2672 3927 virginitatis,
2702 3863 2758 3907 et
2788 3850 2993 3905 Hallier
3038 3864 3093 3918 p.
3121 3846 3228 3902 366
3251 3844 3573 3900 assentiun-

1988 3962 2101 4020 tur,
2154 3950 2249 4006 sed
2272 3958 2391 4004 acta
2418 3960 2725 4017 praeconem
2756 3952 2811 3998 et
2858 3940 3229 4011 expositorem
3262 3950 3573 3998 sacrorum,

1989 4046 2045 4101 id
2085 4054 2170 4099 est
2214 4042 2473 4097 lectorem
2518 4036 2830 4108 perhibent.
2860 4032 3068 4088 Deinde
3094 4044 3228 4086 vero
3255 4028 3574 4089 diaconum,

1991 4134 2310 4202 neutiquam
2365 4136 2673 4199 pastorem,
2715 4140 2812 4180 seu
2840 4123 3179 4193 pontiﬁcem,
3212 4117 3577 4189 Martyrolog.

1990 4225 2153 4281 Rom.
2208 4224 2298 4278 die
2332 4220 2403 4275 26
2448 4217 2807 4289 Septembris;
2843 4214 2937 4269 ubi
2965 4211 3264 4267 cardinalis
3304 4209 3581 4264 Baronius

1993 4318 2219 4372 adnotat
2274 4313 2495 4368 Graecos
2554 4309 2747 4364 Patres
2798 4304 3203 4361 Antiochenum
3241 4301 3581 4373 Cyprianum

315 4401 432 4467 44;
473 4399 575 4455 sub
612 4399 869 4454 Cornelio
911 4413 1047 4468 papa
1085 4397 1141 4451 in
1177 4395 1419 4450 Ecclesia
1454 4393 1702 4449 Romana
1734 4396 1878 4445 erant

2014 4408 2210 4479 llagum
2259 4405 2485 4460 Justina:
2538 4416 2765 4472 procum
2826 4396 3164 4453 confundere
3219 4395 3416 4451 solitos
3455 4408 3583 4447 cum

320 4492 559 4565 acolythi
611 4492 703 4556 22,
757 4491 1041 4545 exoreistze
1096 4499 1152 4545 et
1204 4488 1438 4543 lectores
1489 4501 1614 4539 cum
1649 4482 1893 4539 ostiariis

318 4581 425 4650 52;
463 4583 580 4638 fuse
631 4597 750 4651 cap.
783 4582 868 4646 40,
912 4581 1008 4635 lib.
1048 4597 1084 4635 ιι
1144 4579 1401 4634 Praenest.
1435 4578 1627 4648 antiq.;
1662 4575 1897 4632 concilio

318 4676 596 4731 Arelaten.
658 4675 760 4729 sub
820 4673 1012 4728 eodem
1066 4672 1335 4726 Silvestro
1384 4685 1520 4741 papa
1572 4667 1900 4736 subscripsit

321 4783 446 4821 cum
508 4765 815 4831 Dammate,
874 4782 969 4821 seu
1002 4763 1177 4820 Dal'no
1209 4764 1467 4834 episcopo
1506 4778 1572 4817 ex
1617 4760 1896 4831 provincia

327 4854 632 4911 Viennense
660 4856 882 4911 civitate
907 4855 1166 4922 Vasione,
1196 4852 1385 4907 Victor
1408 4851 1701 4914 exorcista,
1730 4859 1785 4905 et
1806 4848 1899 4903 alii

324 4950 392 5002 ad
448 4961 651 5000 annum
684 4943 832 4999 C.N.
880 4943 1006 4999 526.
1054 4944 1430 5015 Acolythatus,
1470 4941 1557 4996 vel
1586 4938 1901 4996 cerolerarii

327 5054 550 5106 munus,
582 5037 671 5092 cui
702 5037 772 5091 ab
804 5037 1060 5107 episcopo
1112 5035 1410 5106 porrigitur
1435 5043 1488 5087 et
1523 5031 1756 5086 traditur
1778 5046 1905 5086 cau-

327 5130 613 5185 delabrum
661 5143 788 5183 cum
830 5127 1056 5183 candela
1102 5126 1394 5189 exstincta,
1430 5134 1484 5178 et
1528 5122 1781 5177 urceolus
1810 5138 1903 5176 va-

329 5237 467 5278 cuus
506 5220 574 5275 ad
611 5220 1011 5291 suggereudum
1042 5219 1230 5284 vinum
1265 5228 1318 5272 et
1351 5234 1547 5287 aquam
1601 5216 1655 5269 in
1692 5214 1904 5269 Eucha-

330 5315 542 5371 ristiam
588 5312 873 5385 sanguinis
918 5311 1144 5377 Christi,
1186 5312 1253 5366 de
1280 5327 1391 5381 quo
1429 5311 1564 5365 satis
1604 5310 1689 5380 egi
1719 5323 1908 5378 super-

333 5423 439 5477 que
476 5422 529 5463 c.
561 5405 595 5460 5
617 5404 907 5460 Corollarii
937 5405 1163 5459 secundi
1201 5404 1273 5457 De
1303 5404 1468 5475 Agnis
1500 5402 1616 5469 Dei,
1648 5413 1702 5456 et
1728 5401 1905 5456 cardi-

338 5498 475 5553 nalis
530 5497 800 5553 Baronius
848 5496 917 5551 ad
977 5511 1182 5551 annum
1233 5495 1342 5561 58;
1380 5512 1505 5550 cum
1544 5495 1821 5564 deputato,
1854 5500 1910 5548 et

340 5591 709 5663 κανδηλάπτῃ,
743 5606 807 5644 ac
833 5590 1175 5660 λαοσυνάκτῃ
1206 5598 1261 5643 et
1281 5587 1649 5658 ὲκκλεσιάρχῃ
1678 5584 1911 5641 miscent

341 5680 534 5735 Graeci.
596 5680 698 5737 Per
756 5680 1073 5737 Onesimum
1124 5678 1457 5752 acolythum,
1523 5678 1721 5734 Paulus
1764 5677 1912 5734 misit

1998 4497 2417 4569 Carthaginensi
2444 4494 2697 4564 praesule,
2735 4492 2877 4547 sicut
2904 4489 3049 4543 idem
3082 4485 3297 4549 Billius,
3326 4484 3427 4554 qui
3456 4500 3584 4539 san-

1999 4599 2150 4646 ctum
2207 4586 2534 4658 Gregorium
2574 4582 3002 4645 Nazianzenum,
3043 4575 3223 4647 quoad
3256 4575 3462 4643 potuit,
3487 4590 3587 4628 ex-

2001 4698 2195 4738 cusare
2219 4680 2375 4735 nisus
2404 4685 2510 4733 est.
2549 4676 2623 4730 De
2657 4674 2826 4744 gradu
2853 4670 3039 4726 aeditui
3071 4676 3297 4724 sanctus
3320 4666 3590 4722 Paulinus

2000 4773 2269 4837 Nolanus,
2327 4770 2486 4840 epist.
2531 4767 2565 4822 6
2601 4766 2668 4820 ad
2714 4764 2985 4820 Severum.
3017 4760 3192 4817 Graeci
3224 4759 3588 4821 recentiores,

2002 4866 2235 4921 lectores
2262 4871 2471 4917 tantum
2495 4866 2820 4929 agnoscunt,
2836 4864 2895 4908 at
2917 4862 3127 4908 veteres
3143 4849 3439 4907 ostiarium
3463 4863 3591 4918 pra:-

2003 4968 2174 5023 terea,
2233 4964 2288 5009 et
2338 4952 2691 5015 exorcistam,
2740 4956 2907 5017 atque
2927 4944 3261 5015 acolythum,
3293 4951 3435 4997 teste
3464 4938 3591 4993 Hal-

2004 5051 2126 5115 lier,
2167 5063 2289 5119 pag.
2310 5045 2415 5101 585
2452 5044 2528 5098 De
2551 5041 2801 5114 gradibus
2838 5037 3290 5108 presbyterorum,
3330 5034 3591 5087 diacono-

2009 5156 2155 5203 rum,
2206 5138 2651 5193 subdiaconorum
2695 5143 2744 5188 et
2804 5132 3083 5185 lectorum.
3121 5127 3273 5183 Elias
3310 5125 3591 5183 Cretensis

2008 5234 2063 5289 in
2093 5232 2364 5288 decimam
2395 5229 2699 5284 orationem
2733 5225 2913 5281 sancti
2952 5221 3202 5291 Gregorii
3233 5218 3587 5279 Nazianzeni,

2008 5339 2133 5395 pag.
2181 5322 2307 5377 373.
2369 5320 2607 5375 Sanctus
2665 5314 2960 5387 Dionysius
3018 5309 3370 5380 Areopagita,
3407 5304 3591 5376 eap.3

2011 5417 2215 5473 Eccles.
2247 5413 2509 5469 hierarch.
2548 5420 2703 5482 parte
2730 5426 2794 5475 ιι,
2825 5416 2984 5463 vocat
3011 5405 3303 5476 ἐκκρίτους
3353 5401 3593 5467 λειτουρ-

2011 5510 2163 5579 γούς,
2218 5509 2268 5563 id
2298 5516 2403 5574 est,
2432 5505 2652 5561 selectos
2681 5504 2977 5567 ministros,
3008 5500 3062 5555 id
3087 5508 3191 5562 est,
3221 5495 3589 5565 presbyteros,

2012 5600 2097 5655 vel
2151 5600 2434 5663 diaconos,
2489 5596 2739 5665 aliosque
2776 5592 3046 5662 adjungit,
3089 5589 3332 5643 minores
3364 5585 3590 5648 scilicet,

2013 5693 2108 5764 qui
2164 5691 2465 5749 sanctuarii
2514 5689 2724 5747 foribus
2777 5692 3075 5752 astant,et
3096 5681 3221 5737 aliis
3251 5679 3589 5739 ministrant,
