3816 6220
106 334 260 397 MOI

1447 335 1546 395 DE
1587 336 1767 395 VITA
1805 335 1864 395 S.
1901 334 2067 395 NILI

3251 320 3388 386 1102

106 447 433 502 Secundum
475 447 682 501 οξκεέαν
722 448 898 517 τάξιν,
938 448 1118 516 idest,
1143 452 1419 521 proprium
1443 452 1708 516 ordinem,
1740 459 1784 515 Α
1814 452 1942 523 logi.
1997 450 2344 521 Praepositus,
2411 448 2465 504 in
2521 466 2572 505 c.
2608 448 2696 504 15.
2746 448 2874 503 dist.
2916 445 3001 510 i3,
3051 440 3218 499 tradit
3266 450 3393 493 octo

104 539 286 593 sicuti
347 539 714 594 subdiaconos
764 541 859 610 qui
903 541 1145 597 minores
1183 542 1423 611 reliquos
1456 556 1707 611 compre-

103 628 501 695 hendebant,e
523 627 874 700 Pachymere,
893 638 1057 698 atque
1084 628 1323 685 Maximo
1357 629 1413 684 in
1444 629 1699 685 scholiis.

186 718 473 786 Quorsum
509 720 610 776 iste
644 721 861 788 cinnus,
892 731 1055 791 atque
1088 721 1302 793 farrago
1338 722 1405 777 de
1429 721 1667 777 ostiariis
1689 760 1706 786 ,

106 812 450 875 lectoribus,
488 813 777 868 exorcistis
801 854 816 878 ,
844 823 899 868 et.
927 814 1089 869 aliis?
1120 814 1224 870 nisi
1258 822 1317 869 ut
1345 813 1707 870 (economiam

110 902 502 974 Romanaeque
568 903 844 973 providam
914 904 1376 973 dispensationem
1452 904 1710 959 Ecclesia:

108 994 304 1061 magis
334 1009 400 1048 ac
429 995 601 1064 magis
627 994 882 1060 admirer,
906 1004 1069 1065 atque
1098 997 1415 1066 suspiciam,
1437 1012 1559 1067 quze
1585 994 1710 1066 Spi-

107 1084 264 1138 ritus
301 1086 479 1140 sancti
519 1085 699 1141 aﬁlatu
752 1087 1012 1145 instincta
1046 1087 1333 1145 inferiores
1362 1091 1563 1160 gradus
1592 1088 1709 1144 fos-

109 1176 428 1239 soriornm,
458 1192 553 1232 seu
597 1178 893 1244 fossorum,
927 1189 982 1234 et
1014 1180 1421 1250 psalmistarum
1455 1180 1543 1250 (de
1571 1194 1708 1249 quo-

108 1281 250 1320 rum
278 1266 479 1321 muniis
500 1267 623 1322 vide
650 1282 701 1322 c.
728 1268 904 1324 ultim.
923 1269 1259 1329 Pontiﬁcalis
1278 1269 1531 1335 Romani,
1550 1268 1705 1341 etc.,)

108 1360 327 1416 ofﬁciis
348 1362 667 1433 deputavit,
706 1372 763 1417 at
796 1363 1111 1433 superiores
1137 1362 1414 1418 accensuit
1447 1364 1587 1417 inter
1619 1377 1709 1417 or-

109 1451 307 1517 dines,
351 1451 455 1506 ﬁxe
483 1453 786 1519 stabiliens,
817 1454 1166 1524 minoresque
1188 1453 1544 1523 nuncupavit,
1587 1452 1710 1508 aliis

112 1548 306 1602 tribus
356 1548 527 1603 sacris
598 1548 866 1618 majorum
920 1563 1118 1603 nomen
1177 1548 1482 1618 imponens.
1544 1545 1709 1601 Caius

109 1641 325 1697 etenim
344 1640 584 1711 pontifex
602 1640 890 1704 Maximus,
909 1641 1254 1706 Dalmata,ex
1283 1654 1480 1711 genere
1509 1638 1711 1694 Diocle-

112 1733 262 1787 tiani
285 1732 537 1803 Augusti,
560 1734 626 1787 ad
648 1748 850 1787 annum
869 1732 931 1788 C.
948 1732 1074 1800 285,
1090 1734 1141 1786 in
1167 1734 1371 1804 cryptis
1387 1733 1706 1799 habitando,

1808 544 1979 600 fuisse
2002 545 2223 616 gradus,
2257 543 2458 614 quibus
2487 542 2879 597 ascendebatur
2907 539 2971 593 ad
3018 545 3229 608 portam
3257 542 3395 586 tem-

1809 639 1883 709 pli
1934 654 2000 692 ex
2059 637 2346 692 Ezechiele
2384 652 2433 691 c.
2468 652 2555 699 χι,
2593 644 2649 690 et
2682 636 2902 689 totidem
2937 632 3052 685 fore
3079 627 3392 698 dignitates,

1808 731 2009 801 quibus
2039 729 2350 799 proceditur
2381 729 2445 782 ad
2480 738 2759 798 papatum,
2790 725 2905 781 sive
2938 735 3211 777 summum
3253 731 3392 787 pon-

1810 824 2095 886 titicatum,
2128 835 2323 889 nempe
2364 820 2705 889 parochiam,
2737 818 3086 877 decanatum,
3117 807 3393 863 archidia-

1808 921 2086 975 conatum,
2112 926 2206 966 seu
2230 910 2663 981 pi-zeposituram,
2679 907 2974 970 abbatiam,
2994 903 3390 972 episcopatum,

1809 1000 2359 1073 archiepiscopatum,
2382 1003 2674 1072 primatum
2711 1014 2764 1056 et
2786 996 3232 1070 patriarchatum.
3281 990 3390 1044 Leo

1810 1095 2044 1150 Allatius
2065 1095 2372 1158 contendit,
2391 1105 2445 1149 et
2465 1095 2661 1164 probat
2690 1094 2786 1147 lib.
2815 1090 2894 1145 De
2933 1098 3081 1145 aetat.
3110 1097 3157 1141 et
3185 1087 3388 1138 interst.

1812 1188 2134 1252 Graecorum,
2162 1188 2421 1242 lectorem
2464 1202 2570 1241 non
2607 1185 2972 1240 ordinandum
3006 1197 3100 1237 seu
3129 1174 3394 1244 Ἀναγνώ-

1812 1300 1944 1352 στην
1966 1297 2112 1346 eum,
2130 1281 2223 1349 qui
2246 1280 2313 1334 18
2335 1296 2509 1335 annos
2525 1280 2720 1342 astatis,
2734 1278 2817 1333 vel
2841 1276 2913 1331 ‘20
2935 1291 3037 1330 non
3055 1273 3344 1343 explesset,
3359 1283 3393 1324 e

1811 1373 2201 1430 Nomocanone
2232 1372 2440 1437 Photii,
2475 1370 2741 1441 Notisque
2772 1361 3392 1430 Balsamonis,eBasili-

1809 1466 1910 1527 cis,
1944 1480 2083 1535 eque
2098 1462 2319 1518 Novella
2339 1463 2636 1534 praesertim
2651 1461 2755 1517 257
2774 1457 3063 1515 Justiniani
3081 1455 3219 1525 apud
3237 1452 3388 1508 Grae-

1809 1573 1926 1622 cos,
1964 1573 2015 1626 p.
2040 1557 2108 1611 56
2129 1563 2182 1611 et
2198 1556 2287 1613 59.
2321 1554 2497 1621 Unde,
2520 1554 2676 1609 sicuti
2696 1552 2805 1621 jam
2827 1549 3055 1616 asserui,
3077 1545 3392 1601 Theodulus

1809 1650 1914 1705 Nili
1945 1650 2087 1704 ﬁlius
2120 1650 2186 1704 ad
2227 1649 2515 1719 νεωκύρων
2544 1653 2853 1717 provectus,
2896 1644 2951 1697 in
2992 1641 3180 1697 ordine
3208 1651 3389 1698 sacro.

1813 1758 2032 1805 munus,
2064 1741 2379 1811 impositum
2419 1736 2523 1794 sibi
2550 1753 2580 1792 a
2611 1736 2895 1793 sacerdote
2928 1732 3235 1788 divinorum
3276 1744 3392 1798 my-

112 1838 215 1878 se“
265 1823 621 1887 θθίθθυηώίδν
675 1831 735 1876 ut
780 1832 997 1887 "003m:
1031 1823 1147 1888 Sed:
1200 1833 1257 1878 υι
1297 1838 1398 1893 €30
1449 1823 1703 1889 album".
1738 1810 1783 1867 Β
1812 1834 2107 1889 steriorum
2148 1810 2388 1894 Christi,
2443 1843 2568 1883 cum
2631 1827 2860 1897 impigre
2907 1823 3039 1879 illud
3090 1822 3286 1886 obiret,
3337 1827 3393 1872 et

115 1915 499 1983 catatumbis;
532 1915 581 1969 id
613 1924 717 1981 est,
748 1915 815 1969 ad
853 1916 1091 1980 tumbas,
1120 1929 1217 1969 seu
1247 1914 1489 1971 tumulos
1539 1915 1707 1984 (tum-

112 2006 187 2061 ba
247 2007 395 2062 enim
447 2023 552 2061 vox
606 2019 689 2063 est
737 2009 908 2063 sancti
936 2006 1218 2077 Gregorii,
1271 2023 1395 2077 qua:
1436 2008 1707 2062 tumulum

114 2101 400 2171 signiﬁcat
435 2115 449 2155 :
492 2110 545 2155 et
576 2101 648 2155 ita
673 2101 842 2156 sensit
862 2101 1155 2155 cardinalis
1180 2100 1444 2155 Baronius
1473 2101 1528 2155 in
1556 2098 1710 2154 Notis

114 2194 185 2248 ad
206 2195 245 2248 5
261 2193 507 2248 Januarii
522 2192 797 2264 Martyrol.
815 2193 1066 2260 Romam,
1085 2193 1334 2262 quamvis
1352 2191 1598 2247 Latinius
1614 2209 1711 2245 κα-

115 2284 415 2354 τακύμδον
474 2284 677 2339 dictum
736 2284 885 2347 velit,
948 2284 1112 2338 veluti
1171 2298 1510 2347 concavum,
1568 2283 1711 2353 apud

119 2376 301 2445 Magri
340 2376 392 2429 in
428 2374 674 2445 Notitia),
707 2391 832 2429 cum
867 2375 1074 2446 fugeret
1103 2375 1554 2445 persecutionem,
1587 2390 1714 2431 con:-

121 2470 314 2523 SIituit
339 2477 398 2522 ut
426 2468 643 2524 ordines
674 2483 862 2541 omnes
884 2469 939 2522 in
965 2468 1205 2523 Ecclesia
1233 2469 1310 2522 sic
1334 2467 1709 2522 ascenderent.

123 2561 186 2613 Si
258 2560 384 2629 quis
421 2559 709 2630 episcopus
735 2575 859 2617 esse
893 2571 1218 2626 mereretur,
1250 2569 1395 2614 esset
1428 2560 1710 2623 ostiarius,

119 2655 325 2717 lector,
347 2652 643 2720 exorcista;
668 2666 921 2722 sequens,
954 2652 1006 2706 id
1037 2660 1138 2716 est,
1157 2652 1459 2721 acolythus,
1490 2651 1713 2706 subdia-

120 2761 340 2811 conus;
395 2745 682 2810 diaconus,
729 2743 1034 2814 presbyter,
1084 2753 1138 2799 et
1184 2745 1469 2814 episcopus
1517 2743 1714 2798 exinde

122 2838 495 2892 ordinaretur.
536 2836 611 2890 Ex
639 2834 931 2890 Anastasio
956 2874 972 2899 ,
1005 2834 1119 2890 sive
1148 2845 1371 2888 auctore
1403 2833 1534 2889 Vitae
1561 2843 1712 2904 pont.

123 2926 294 2980 Rom.
337 2940 461 2995 pag.
492 2925 580 2980 15.
607 2924 868 2979 Silvester
904 2933 1093 2994 postea
1120 2926 1174 2978 in
1210 2925 1440 2979 concilio
1468 2925 1715 2978 Romano

122 3034 176 3071 c.
224 3018 281 3081 7,
313 3024 368 3071 et
402 3015 593 3070 Patres
627 3015 1074 3087 Carthaginensis
1125 3017 1316 3086 synodi
1356 3024 1565 3086 quartae
1594 3016 1717 3069 toti-

1811 1926 2123 1998 ὑπηρεσίας
2158 1923 2407 1994 πρώτας,
2461 1922 2767 1977 ministeria
2801 1920 2975 1989 prima
3006 1917 3119 1997 sive
3156 1911 3390 1977 osriarii,

1808 2028 1865 2073 et
1914 2018 2119 2083 aeditui,
2156 2026 2319 2086 atque
2356 2014 2596 2087 lectoris,
2628 2028 2749 2083 quae
2781 2021 2971 2067 mutuo
3001 2023 3123 2066 sese
3151 2006 3389 2075 comple-

1810 2113 2115 2178 ctehantur,
2166 2116 2444 2165 exerceret
2498 2108 2761 2174 studiose,
2809 2117 3168 2177 magnamque
3205 2099 3391 2155 conci-

1813 2212 1951 2257 taret
1981 2217 2130 2271 spem
2165 2199 2462 2271 profectus,
2493 2215 2617 2255 cum
2650 2197 2800 2254 brevi
2830 2206 3069 2268 tempore
3095 2195 3261 2250 multa
3291 2193 3396 2246 vir-

1812 2301 1989 2346 tutum
2008 2290 2332 2361 prmhuisset
2352 2289 2672 2359 specimina,
2694 2296 2747 2342 et
2768 2286 2819 2341 id
2846 2285 3100 2341 omnibus
3120 2283 3399 2353 foretpro-

1809 2392 1930 2453 pter
1960 2383 2151 2447 bonos,
2190 2382 2500 2451 probosque
2536 2394 2715 2434 mores
2742 2397 2757 2445 ;
2789 2376 3155 2446 consequitur
3185 2374 3394 2430 certius

1812 2492 1938 2533 eum
1986 2477 2234 2547 exegisse
2283 2477 2468 2530 decem
2509 2482 2564 2528 et
2593 2482 2715 2527 octo
2743 2466 2937 2535 annos,
2970 2470 3079 2524 imo
3107 2475 3163 2523 et
3182 2465 3393 2536 viginti.

1846 2604 1847 2607 η
1887 2566 2161 2621 Hactenus
2183 2566 2410 2634 primam
2433 2564 2684 2634 paginam
2707 2562 2841 2617 Vitae
2861 2561 3036 2617 sancti
3054 2558 3158 2613 Nili
3188 2556 3399 2612 abbatis

1812 2656 2080 2727 pervolvi,
2115 2672 2263 2711 nunc
2293 2656 2359 2711 ad
2391 2655 2616 2709 alteram
2646 2668 2834 2725 pergo.
2868 2650 2923 2706 Si
2957 2651 3107 2721 prius
3138 2650 3401 2705 observa-

1813 2748 1985 2803 verim
2041 2748 2372 2801 recentiores
2428 2745 2669 2812 Graecos,
2731 2744 2825 2814 qui
2876 2743 3136 2797 Romanae
3189 2739 3409 2801 malunt,

1814 2841 2072 2897 Ecclesiae
2097 2841 2433 2911 reliquarum
2470 2839 2629 2893 matri
2660 2837 2954 2901 adhaerere,
2986 2849 3089 2889 nec
3124 2832 3195 2887 ab
3222 2847 3283 2886 ea
3312 2846 3398 2885 re-

1815 2935 1938 2990 velli
2008 2933 2352 3002 discindique
2402 2932 2660 3002 gaudent,
2710 2930 3027 2984 lectoratum
3067 2941 3189 2982 cum
3225 2924 3404 2995 prima

1816 3038 2041 3081 tonsura
2084 3023 2356 3089 conferre,
2404 3033 2463 3078 ut
2507 3023 2564 3077 in
2596 3020 2950 3091 Euchologio,
2982 3019 3073 3074 ubi
3103 3015 3256 3081 τάξις
3284 3032 3406 3085 χει-

122 3110 258 3163 dem
301 3115 750 3163 numeraverunt.
780 3107 1091 3179 cardinalis
1133 3108 1401 3164 Baronius
1442 3109 1607 3162 refert
1648 3110 1713 3162 ad

1823 3117 2067 3190 ροτονίας
2106 3115 2204 3169 τοῦ
2242 3116 2595 3185 ἀναγνώστου
2639 3115 2694 3169 in
2728 3113 2921 3183 primis
2954 3110 3198 3182 κείρεται
3223 3109 3251 3161 ὁ
3281 3105 3405 3160 δοῦ-

122 3215 337 3255 annum
370 3199 435 3255 C.
487 3199 550 3254 Ν.
590 3200 682 3267 44,
718 3215 775 3254 n.
805 3200 893 3254 '54.
926 3198 1022 3254 Pie
1054 3213 1119 3254 ac
1162 3200 1444 3266 ingeniose
1479 3199 1718 3254 Landul—

126 3294 276 3362 phus
303 3290 709 3347 Carthusianus
757 3299 907 3361 parte
953 3307 972 3345 ι
1021 3290 1153 3345 νὶεω
1195 3291 1414 3357 Christi,
1460 3308 1512 3346 c.
1558 3292 1649 3358 65,
1690 3308 1721 3348 e

127 3396 327 3441 saneto
364 3384 678 3449 Ambrosio,
711 3384 928 3439 lectoris
958 3398 1160 3438 munus
1190 3384 1507 3454 praestitisse
1552 3394 1722 3440 testa-

127 3490 225 3533 tur
260 3476 539 3533 Christum
576 3476 891 3541 Dominum,
936 3474 1155 3545 quando
1183 3475 1313 3547 legit
1352 3476 1403 3530 in
1449 3492 1723 3547 synagoga

129 3571 254 3639 ipse
297 3569 629 3625 versiculum
676 3570 913 3639 primum
958 3566 1152 3638 capitis
1200 3569 1525 3637 sexagesimi
1562 3569 1724 3639 primi

130 3661 308 3728 Isaiae,
352 3670 412 3718 ut
448 3670 635 3717 narrat
656 3670 880 3718 sanctus
925 3659 1127 3727 Lucas,
1162 3676 1242 3726 tx,
1302 3661 1369 3716 18
1402 3660 1720 3732 Evangelii;

130 3750 426 3808 ostiarium
472 3751 661 3817 etiam,
687 3752 906 3822 quando
930 3750 1089 3822 ejecit
1116 3750 1433 3818 vendentes,
1454 3760 1510 3805 et
1536 3764 1725 3805 emen-

131 3856 217 3901 tes
262 3844 332 3900 de
373 3844 611 3915 templo;
661 3845 1020 3911 exorcistam,
1076 3843 1396 3914 expellendo
1446 3844 1726 3899 damonas

132 3952 165 3993 e
191 3936 519 4006 corporibus
535 3934 702 4009 674
723 3936 1003 3992 hominum
1023 3952 1039 4003 ;
1059 3936 1369 4007 acolythum
1390 3974 1406 3998 .
1440 3950 1536 3991 seu
1566 3950 1724 3991 cero-

134 4028 502 4093 ferarium,se
528 4028 706 4084 lucem
730 4043 913 4083 veram
938 4028 1297 4094 ostentando;
1322 4035 1375 4082 et
1397 4028 1471 4081 ita
1488 4035 1726 4096 quatuor

134 4119 330 4174 munia
372 4120 648 4175 minorum
686 4120 941 4174 ordinum
988 4118 1319 4174 exercuisse.
1374 4118 1508 4172 Erat
1554 4117 1609 4172 in
1660 4131 1727 4172 eo

135 4211 344 4282 quippe
371 4220 613 4281 potestas
652 4211 1018 4275 excellentiae,
1050 4211 1104 4265 id
1122 4219 1227 4276 est,
1257 4208 1547 4265 ministerii
1578 4208 1730 4279 prin-

137 4306 335 4377 cipalis
362 4306 661 4361 secundum
690 4305 833 4375 quod
862 4311 981 4360 erat
1004 4302 1188 4368 homo;
1220 4317 1345 4357 nam
1375 4303 1429 4357 in
1461 4310 1726 4372 quantum

140 4398 292 4455 Deus
338 4397 572 4452 habebat
592 4404 910 4467 potestatem
932 4394 1274 4450 auctoritatis
1294 4410 1309 4460 ;
1328 4394 1407 4449 sic
1434 4393 1730 4464 loquuntur

1820 3214 1911 3273 λος
1941 3210 2036 3264 τοῦ
2067 3209 2205 3263 Θεοῦ
2236 3226 2340 3264 ο.ο.
2374 3209 2456 3272 εἰς
2487 3208 2551 3260 τὺ
2600 3206 2773 3277 ὄνομα
2798 3204 2894 3259 τοῦ
2926 3202 3160 3276 Πατρδς,
3192 3198 3405 3255 καὶτοῦ

1820 3302 1986 3370 Υἱοῦ,
2028 3302 2123 3357 καὶ
2166 3300 2259 3355 τοῦ
2297 3301 2453 3369 ἁγίου
2490 3300 2810 3370 Πνεῦματος
2835 3338 2851 3363 ,
2887 3297 2943 3351 id
2977 3308 3082 3359 est,
3137 3293 3406 3349 Tondetur

1820 3412 1996 3452 servus
2031 3394 2130 3449 Dei
2172 3392 2246 3448 Ν.
2270 3392 2346 3447 Ν.
2387 3393 2443 3446 in
2482 3393 2689 3446 nomine
2719 3388 2922 3453 Patris,
2947 3396 2997 3441 et
3018 3386 3170 3452 Filii,
3204 3395 3254 3439 et
3284 3383 3408 3453 Spi-

1823 3489 1960 3542 ritus
2010 3486 2226 3551 sancti;
2278 3483 2497 3539 lectoris
2549 3491 2604 3537 et
2646 3481 2887 3537 cantoris
2939 3486 3024 3533 est
3070 3476 3259 3530 eadem
3295 3477 3409 3528 for-

1824 3582 1992 3643 mula,
2025 3579 2153 3633 huic
2176 3579 2337 3633 datur
2362 3577 2501 3631 liber
2532 3574 2895 3636 Psalmorum,
2929 3587 3025 3627 seu
3056 3568 3408 3631 Psalterium,

1823 3673 1902 3728 illi
1936 3671 2325 3741 Epistolarum,
2374 3684 2470 3723 seu
2510 3665 2904 3737 Epistolarium
2955 3678 3079 3719 cum
3119 3660 3404 3714 oratione:

1824 3763 2021 3835 Κύριε,
2052 3763 2141 3824 δὸς
2185 3760 2336 3830 αὐτῷ
2389 3759 2529 3830 μετά
2558 3758 2741 3827 πάσης
2769 3754 2958 3823 σοφίας
3001 3753 3096 3807 καὶ
3140 3751 3412 3812 συνέσεως

1823 3857 1929 3911 τῶν
1945 3855 2103 3909 θείων
2124 3871 2218 3908 σου
2240 3853 2414 3920 λόγων
2435 3851 2536 3921 τὴν
2564 3848 2797 3920 μελέτην
2825 3848 2921 3900 καὶ
2953 3844 3052 3915 τὴν
3099 3843 3413 3911 ἀνάγνωσιν

1826 3944 2100 4002 ποιεῖσθαι
2129 3961 2144 4010 ;
2187 3943 2240 3998 id
2261 3951 2343 3997 est
2371 3940 2650 4004 :Domine,
2686 3940 2756 3992 da
2782 3937 2873 3991 isti
2891 3952 3010 3990 cum
3030 3934 3172 3986 omni
3200 3932 3413 4002 sapien-

1828 4041 1926 4101 tia,
1948 4049 1996 4093 et
2013 4036 2176 4108 675
2202 4034 2483 4105 prudentia
2498 4032 2795 4085 diuinorum
2810 4039 3021 4083 tuorum
3040 4027 3413 4097 mysteriorum

1827 4131 2243 4194 meditationem,
2277 4137 2327 4180 et
2358 4124 2628 4179 lectionem
2662 4122 2983 4177 exsecutioni
3009 4119 3284 4174 mandare.
3320 4117 3417 4172 ln-

1827 4223 1962 4279 clusi
2020 4230 2148 4276 sunt
2178 4220 2254 4285 ,in
2302 4218 2695 4272 subdiaconatu
2776 4210 3269 4283 comprehensique
3318 4208 3413 4263 alii

1828 4314 1938 4368 duo
1992 4311 2237 4366 minores
2285 4308 2527 4370 ordines,
2580 4304 2895 4361 ostiariatus
2946 4316 3012 4356 ac
3044 4300 3410 4372 acolythatus,

1828 4414 1881 4459 et
1897 4404 2066 4459 utitur
2088 4402 2347 4457 ordinans
2372 4399 2522 4454 hisce
2542 4397 2720 4453 verbis
2746 4414 2761 4462 ;
2788 4394 2980 4465 Κύριε,
3002 4393 3089 4457 δὸς
3106 4392 3256 4463 αὐτῷ
3272 4391 3411 4460 ἀγά-

141 4491 486 4557 scholastici,
526 4498 587 4545 ut
615 4489 852 4560 explicat
881 4489 944 4545 P.
982 4487 1268 4558 Philippus
1304 4502 1335 4541 a
1364 4487 1719 4542 Sanctissima

1832 4513 1941 4567 πην
1972 4496 2069 4549 καὶ
2101 4494 2437 4563 εὐπρέπειαν
2466 4492 2616 4544 οἴκου
2648 4506 2767 4551 σου,
2796 4486 3137 4559 παριστάναι
3174 4484 3294 4547 ταῖς
3317 4481 3417 4536 θύ-

142 4583 416 4638 Trinitate
447 4590 589 4652 part.
620 4581 781 4648 urbe
818 4580 1164 4634 sacramentis
1190 4581 1247 4633 in
1280 4594 1482 4649 genere,
1535 4587 1729 4648 quaest.

142 4676 239 4741 64,
274 4685 380 4730 art.
408 4675 464 4729 5.
491 4673 737 4745 Implevit
764 4674 929 4729 etiam
965 4686 1198 4727 munera
1221 4670 1477 4727 Christus
1506 4670 1733 4726 subdia-

143 4770 298 4834 coni,
332 4768 550 4839 quando
576 4767 858 4837 praecinxit
884 4780 943 4822 se
970 4766 1137 4821 linteo
1162 4806 1178 4832 ,
1209 4773 1266 4820 et
1295 4763 1462 4834 pedes
1492 4763 1736 4832 discipu-

145 4862 327 4916 lorum
376 4860 543 4927 lavit;
587 4858 827 4924 diaconi,
857 4857 1079 4928 quando
1108 4857 1165 4911 in
1204 4870 1362 4912 ctena
1413 4868 1616 4924 corpus
1667 4862 1725 4907 et

146 4952 472 5023 sanguinem
515 4967 676 5008 suum
714 4950 996 5021 discipulis
1042 4948 1736 5019 ministravit;presbyteri

147 5048 389 5116 denique
432 5062 556 5103 cum
578 5062 774 5118 panem
809 5057 865 5103 et
896 5048 1083 5102 vinum
1111 5047 1166 5102 in
1203 5062 1405 5118 corpus
1435 5056 1490 5102 et
1514 5044 1737 5117 sangui-

151 5152 280 5192 nem
318 5153 477 5193 suum
523 5139 774 5205 mutavit,
812 5148 869 5193 et
892 5139 1134 5209 episcopi
1180 5139 1486 5193 animarum
1517 5147 1736 5193 nostra-

152 5244 304 5295 rum,
342 5244 466 5284 cum
505 5229 584 5284 uti
620 5227 863 5299 pontifex
896 5229 947 5283 in
972 5244 1066 5285 ara
1095 5229 1274 5285 crucis
1305 5245 1365 5285 se
1398 5226 1611 5284 obtulit'
1634 5228 1738 5282 Pa-

153 5321 267 5383 tri,
308 5320 614 5375 sacerdOtio
655 5320 856 5376 etenim
888 5319 1215 5391 fungebatur
1237 5335 1404 5387 vero;
1440 5320 1737 5375 cardinalis

157 5411 426 5483 Oreggius
450 5421 667 5468 tractat.
704 5412 758 5480 5,
787 5422 927 5482 part.
960 5428 1046 5475 ιιι,
1075 5427 1195 5481 cap.
1240 5412 1330 5479 15,
1361 5421 1557 5482 quaest.
1592 5411 1646 5466 1.

231 5506 289 5561 lu
318 5505 458 5561 caelo
486 5505 707 5576 quidem
738 5520 931 5560 novem
969 5513 1097 5561 sunt
1126 5505 1444 5574 angelorum
1477 5504 1654 5570 chori,
1684 5513 1740 5559 et

161 5599 421 5654 Ecclesia:
452 5580 842 5669 triumphantis
872 5605 981 5653 tres
1014 5597 1355 5661 hierarchize,
1394 5598 1469 5651 ita
1504 5597 1558 5651 in
1594 5597 1738 5651 mili—

162 5699 315 5746 tante
351 5704 545 5746 novem
594 5704 718 5747 esse
753 5690 974 5745 ordines
1005 5688 1273 5754 videmus,
1302 5689 1600 5743 secundum
1644 5704 1740 5743 ca-

166 5782 433 5851 nonistas,
472 5781 727 5856 quamvis
762 5780 829 5840 ad
867 5790 1074 5853 septem
1106 5796 1200 5839 eos
1235 5781 1557 5839 eunti-aliaat
1585 5779 1738 5837 theo-

1836 4605 1959 4660 ραις
1978 4585 2071 4640 τοῦ
2088 4583 2217 4638 ναοῦ
2234 4583 2330 4637 τοῦ
2352 4582 2510 4652 ἁγίου
2540 4598 2657 4648 σου,
2687 4580 2952 4635 ἀνάπτειν
2982 4577 3174 4649 λύχνον
3205 4572 3421 4644 σκηνώ-

1838 4696 2012 4751 ματος
2060 4678 2218 4748 δόξης
2276 4693 2369 4729 σου
2396 4692 2413 4741 ;
2446 4674 2499 4729 id
2528 4683 2612 4729 est
2645 4691 2658 4727 :
2692 4671 2936 4738 Domine,
2960 4670 3032 4723 da
3062 4668 3151 4723 isti
3182 4668 3420 4721 charito-

1837 4784 1962 4834 tem,
1990 4779 2039 4826 et
2077 4769 2315 4824 decorem
2340 4767 2528 4821 domus
2558 4775 2685 4831 tute,
2706 4774 2764 4819 ut
2794 4766 3015 4819 assistat
3036 4762 3221 4831 januis
3239 4759 3420 4829 templi

1836 4865 2008 4921 sancti
2056 4865 2156 4927 tui,
2194 4871 2245 4916 et
2292 4860 2546 4915 accendat
2570 4858 2842 4913 lucernam
2874 4854 3201 4910 tabernaculi
3237 4852 3424 4925 gloria:

1840 4967 1965 5013 tute.
2001 4955 2410 5011 Exoreistarum
2444 4960 2625 5006 autem
2655 4940 3053 5021 presby‘teiatui
3086 4944 3425 5014 coniungunt

1840 5059 1951 5105 tam
2008 5064 2172 5119 super
2213 5047 2657 5108 catechumenos,
2693 5056 2859 5111 quam
2892 5049 2949 5096 et
2999 5054 3164 5109 super
3192 5050 3424 5105 energu-

1839 5156 2047 5197 menos.
2109 5140 2287 5209 Atque
2315 5139 2422 5193 hoc
2449 5136 2612 5191 modo
2648 5134 2851 5191 sensim
2884 5132 3338 5203 appropinquant,
3369 5137 3425 5182 et

1840 5230 2108 5286 accedunt
2154 5228 2222 5281 ad
2273 5228 2577 5282 Romanam
2614 5224 2916 5278 Ecclesiam
2956 5229 3233 5291 parentem
3266 5217 3423 5272 beni-

1840 5320 2181 5393 gnissimam,
2213 5328 2270 5372 ut
2299 5317 2486 5386 accepi
2512 5317 2583 5370 ab
2611 5314 2988 5369 illustrissimo
3029 5311 3254 5367 domino
3283 5308 3427 5363 Onu-

1840 5414 2000 5482 phrio
2060 5409 2421 5466 Constantino
2476 5408 2890 5477 archiepiscopo
2946 5403 3312 5467 Deberitano;
3369 5407 3425 5454 et

1840 5511 2121 5567 revocant,
2176 5511 2341 5571 atque
2388 5508 2672 5563 renovant,
2697 5499 2875 5569 quoad
2902 5503 3153 5569 possunt,
3188 5502 3421 5549 veterem

1841 5599 1988 5653 illam
2043 5595 2403 5651 hierarchiam
2457 5592 2690 5648 similem
2724 5590 3003 5654 Romanae,
3034 5603 3157 5658 qua:
3184 5584 3422 5655 vigebat,

1840 5696 1897 5743 et
1948 5686 2321 5742 cﬂlorcscehat
2367 5683 2423 5738 in
2476 5682 2750 5753 primaevis
2781 5682 2887 5738 illis
2928 5678 3186 5737 Ecclesiae
3222 5676 3428 5733 Graecae

1844 5780 2117 5837 nascentis
2162 5777 2422 5843 cx0rdiis,
2458 5776 2727 5848 cujusque
2755 5790 2923 5847 penes
2950 5773 3052 5833 SS.
3082 5770 3430 5842 Dionysium,
