3816 6220
399 298 529 369 1403

391 414 682 485 lgnatium,

389 516 607 562 exstant
651 512 876 581 vestigia
904 522 959 567 et
986 531 1327 587 argumenta,
1360 538 1483 576 cum
1524 524 1783 582 Ecclesiae
1819 528 1978 585 Occi-

388 596 619 654 dentalis
664 612 721 655 et
771 601 1065 661 Orientalis
1115 609 1401 667 unanimes
1459 623 1514 669 et
1567 628 1972 689 contesseratae,

390 700 555 761 atque
606 695 885 752 foederatae
920 698 1138 759 vinculo
1169 702 1474 771 charitatis,
1509 717 1563 762 et
1594 710 1802 778 glutine
1835 730 1975 771 vera:

387 786 696 841 concordiae
730 790 1199 858 consociarentur,
1252 802 1505 863 tanquam
1535 801 1656 855 duae
1701 805 1875 869 olivae,
1908 807 1975 862 de

386 876 589 943 quibus
661 877 979 948 Zacharias,
1011 890 1066 937 et
1100 881 1253 938 Nilus
1290 886 1407 955 ipse
1443 887 1498 941 in
1540 888 1781 960 Epistula
1813 909 1977 966 supe-

1086 316 1235 379 JOS.
1270 318 1534 381 MARI/E
1575 323 1935 389 SUARESII
1973 331 2203 396 LIBER
2239 338 2874 410 CHRONOLOGICUS

734 424 788 473 et
840 404 1198 491 Clementem,
1248 428 1496 499 aliosque
1522 430 1741 489 Graecos
1788 434 1974 494 Patres
2002 464 2046 515 Α
2077 444 2193 500 rius
2245 447 2473 516 prolata,
2513 465 2611 506 seu
2641 454 2751 507 duo
2779 455 3107 515 candelabra
3142 457 3383 512 lucentia
3419 458 3588 511 etiam
3622 461 3674 514 in

3548 347 3671 411 me

2080 539 2240 593 terris
2269 551 2395 595 ante
2444 540 2735 599 Dominum
2770 545 3199 617 Dominatorem,
3238 550 3566 621 Apocalyps.
3598 569 3674 618 xt,

2078 629 2134 695 4,
2164 647 2287 700 quae
2327 640 2387 687 ut
2443 637 2773 692 reSarciatur
2803 639 2988 709 divina
3040 642 3398 696 miseratione
3457 642 3675 697 tandem

2079 721 2399 791 aliquando,
2434 728 2902 795 quemadmodum
2942 740 3053 786 toto
3105 732 3326 796 alfectu,
3364 734 3679 803 intimoque

2079 828 2273 883 precor
2300 831 2366 870 ex
2399 818 2602 886 animo,
2638 819 2720 875 sic
2744 829 2799 875 et
2823 822 3038 878 ominor
3070 826 3451 894 perlubenter.

737 1056 825 1116 De
859 1060 1201 1121 tentatione
1228 1063 1298 1124 S.
1331 1063 1469 1128 Nili
1497 1064 1767 1141 abbatis,
1804 1080 1861 1133 et
1889 1072 2135 1154 reliqua
2177 1077 2334 1150 vita,
2365 1087 2422 1140 et
2468 1088 2691 1155 morte,
2723 1091 2912 1163 atque
2941 1084 3251 1165 sepulcro.

456 1235 578 1293 Uno
621 1239 813 1310 spiritu
862 1258 967 1298 non
1018 1247 1194 1314 potuit
1243 1247 1350 1302 vita
1394 1248 1497 1305 Nili
1550 1255 1852 1309 transcurri
1905 1272 1970 1312 ac

380 1333 935 1399 exsuperarizclivus
982 1348 1065 1389 est
1112 1338 1276 1393 altior
1324 1350 1378 1394 et
1426 1343 1718 1410 excelsior;
1764 1347 1968 1403 levavit

378 1422 581 1491 quippe
611 1424 690 1477 vir
714 1423 947 1479 eximius
978 1428 1166 1482 oculos
1203 1430 1270 1483 ad
1298 1441 1510 1487 montes
1542 1434 1779 1505 erigens,
1811 1452 1971 1494 suos-

377 1526 483 1579 que
523 1527 743 1581 gressus
785 1514 986 1568 direxit
1032 1517 1099 1570 ad
1139 1534 1323 1587 rupes,
1369 1530 1423 1575 et
1464 1538 1597 1577 saxa
1633 1525 1874 1594 prmalta,
1914 1534 1970 1581 et

377 1603 629 1660 sublimia
661 1621 785 1661 cum
819 1605 1101 1663 Theodulo
1133 1610 1266 1677 ﬁlio,
1308 1629 1434 1669 vere
1480 1614 1575 1669 Dei
1608 1632 1789 1672 servo.
1821 1617 1969 1673 Tan-

376 1694 547 1764 tisper
586 1696 752 1767 igitur
778 1702 1276 1771 conquiescendum
1312 1704 1414 1759 fuit
1454 1722 1562 1761 una
1598 1723 1724 1763 cum
1761 1710 1867 1765 illis
1910 1710 1965 1765 in

378 1787 666 1846 Sinaiticis
709 1790 881 1864 jugis,
939 1794 994 1848 io
1038 1796 1320 1853 montibus
1374 1797 1489 1864 Dei,
1552 1801 1605 1854 in
1653 1803 1856 1872 quibus
1887 1804 1963 1859 illi

378 1882 639 1938 solitaria:
671 1884 797 1939 vita:
843 1888 1251 1957 praegustabant
1295 1893 1678 1949 suavissimam
1719 1897 1965 1951 dulcedi-

376 1991 525 2030 nem.
562 1975 749 2048 Itaque
772 1975 878 2032 Nili
932 1982 1128 2049 patria,
1155 1982 1396 2048 nomine,
1426 1986 1643 2051 studiis,
1682 1988 1962 2058 dignitate,

375 2066 628 2138 conjuge,
674 2068 1206 2143 prole._virtutibus,
1250 2076 1628 2143 conversione,
1665 2081 1961 2151 rebusque,

374 2160 556 2228 quoad
604 2162 823 2231 assequi
869 2164 1043 2232 potui,
1087 2165 1277 2233 gestis,
1323 2167 1605 2240 hucusque
1647 2176 1961 2242 transactis,

374 2251 710 2322 colligendus
739 2262 821 2309 est
848 2254 1062 2311 fructus
1089 2258 1323 2313 tirocinii
1360 2265 1669 2332 monastici,
1708 2267 1760 2321 in
1788 2284 1964 2340 eoque

374 2346 743 2415 percipiendo,
802 2357 855 2401 et
889 2350 1254 2418 excerpendo,
1298 2361 1353 2408 et
1392 2357 1656 2427 quidquid
1699 2362 1823 2416 vitm
1867 2379 1963 2418 su-

372 2439 574 2508 perfuit
604 2442 960 2508 recensendo,
989 2444 1141 2515 juvat
1172 2462 1391 2516 operam
1427 2466 1624 2507 navare
1654 2465 1956 2521 strenuam,

370 2532 547 2589 donec
587 2534 655 2589 ad
706 2544 905 2589 metam
955 2538 1300 2606 perveniam,
1355 2542 1714 2615 ultimamque
1757 2548 1959 2605 lineam

370 2623 591 2690 ducam,
622 2633 675 2679 et
712 2627 959 2696 sepulcra
992 2644 1343 2698 componam.

442 2714 745 2770 lntentator
773 2725 856 2772 est
888 2718 1157 2773 malorum
1188 2720 1329 2777 Deus
1350 2764 1364 2788 ,
1397 2724 1475 2779 uti
1519 2728 1712 2783 scribit
1740 2740 1962 2786 sanctus

366 2801 607 2862 Jacobus
654 2810 937 2876 apostolus
975 2811 1026 2863 in
1062 2811 1224 2879 epist.
1263 2830 1316 2879 v,
1361 2816 1445 2871 l3.
1480 2817 1730 2874 Tentavit
1778 2830 1961 2877 tamen

368 2897 645 2951 Abraham
675 2897 812 2953 Gen.
849 2915 983 2967 xxu,
1018 2902 1041 2953 l
1076 2917 1227 2973 seqq.
1273 2919 1438 2973 super
1489 2906 1641 2964 Isaac
1696 2910 1809 2965 ﬁlio
1859 2927 1962 2967 suo

371 2989 680 3059 unigenito,
714 3008 875 3061 quem
916 2992 1175 3063 diligebat
1214 2996 1393 3064 unice,
1442 3008 1499 3053 ut
1540 3000 1627 3069 pia
1662 3001 1782 3071 ejus
1830 3006 1962 3059 obe-

2074 1260 2181 1316 tius
2226 1272 2431 1332 partes,
2481 1265 2789 1337 Europam,
2823 1270 3009 1325 Asiam
3056 1273 3388 1329 et'Africam
3427 1276 3676 1333 inunda-

2075 1365 2204 1410 runt
2232 1358 2534 1427 superfusis
2571 1362 2921 1419 examinibus
2951 1366 3275 1435 populorum
3308 1369 3516 1425 exinde
3542 1389 3674 1440 pro-

2075 1446 2378 1517 l'ectorum;
2412 1450 2685 1536 Cimbrica
2720 1469 2917 1523 nempe
2952 1457 3334 1515 Chersonesus
3376 1477 3405 1514 a
3447 1473 3674 1531 septen-

2076 1543 2250 1597 trione
2273 1558 2288 1608 ;
2314 1543 2383 1597 ab
2408 1554 2597 1599 austro
2618 1557 2797 1601 autem
2826 1548 3045 1614 Arabia,
3081 1567 3223 1620 quaz.
3259 1554 3455 1609 saltem
3494 1555 3671 1624 Felix,

2072 1634 2368 1692 Peninsula
2419 1637 2649 1705 videtur,
2700 1640 2830 1696 hinc
2886 1643 3007 1697 sinu
3057 1644 3314 1712 Arabico,
3372 1649 3492 1703 sive
3526 1654 3670 1706 mari

2074 1729 2376 1799 Erythraeo,
2424 1730 2576 1787 illinc
2608 1733 2731 1788 sinu
2765 1735 3021 1802 Persico,
3056 1745 3170 1792 tum
3204 1739 3275 1794 ab
3320 1756 3535 1796 oceano
3566 1742 3662 1797 ln—

1998 1792 2041 1847 Β
2065 1792 2187 1877 dico
2213 1823 2393 1877 abluta
2423 1834 2477 1879 et
2501 1826 2902 1898 circumsepta;
2928 1845 3052 1884 eum
3090 1829 3298 1888 Petraea
3324 1845 3381 1888 et
3414 1834 3667 1905 Deserta;

2066 1928 2191 1967 nam
2224 1914 2277 1967 in
2311 1915 2411 1969 has
2445 1925 2555 1971 tres
2589 1926 2697 1971 tota
2739 1919 3001 1973 dividitur
3031 1920 3255 1989 Arabia,
3290 1940 3503 1995 perque
3534 1928 3669 1983 istas

2063 2006 2201 2062 duas
2226 2008 2467 2063 adhaeret
2497 2007 2831 2075 Palaestinzc,
2864 2028 2931 2067 ac
2967 2013 3155 2085 Syriae,
3189 2031 3220 2070 a
3251 2033 3360 2087 qua
3388 2019 3663 2077 dirimitur

2063 2096 2340 2168 Euphrate
2373 2101 2537 2155 ﬂuvio
2558 2101 2938 2170 interﬂuente;
2972 2105 3382 2163 Chersonesum
3411 2111 3663 2166 Cimbri-

2063 2206 2182 2246 cam
2215 2207 2245 2246 a
2279 2192 2514 2249 Cimbris
2556 2195 2758 2251 dictam
2809 2197 3027 2267 populis
3051 2239 3067 2263 ,
3114 2214 3227 2270 quo
3259 2203 3488 2258 nomine
3530 2203 3668 2259 Ger~

2066 2286 2210 2339 mani
2249 2296 2448 2341 vocant
2492 2289 2619 2351 τοὺς
2646 2288 2848 2360 λῃστάς
2870 2334 2885 2355 ,
2925 2292 2975 2346 id
3007 2301 3122 2359 est,
3164 2294 3436 2361 latrones,
3472 2298 3522 2351 si
3555 2315 3666 2367 qua

2061 2374 2195 2429 ﬁdes
2223 2375 2514 2433 Plutarcho
2563 2380 2617 2433 in
2646 2378 2856 2447 Mario,
2904 2383 3144 2439 arbitror
3184 2400 3307 2441 esse
3336 2389 3508 2442 ollam
3542 2406 3668 2445 suc-

2062 2480 2280 2520 censam
2305 2507 2319 2530 ,
2353 2483 2515 2537 quam
2561 2469 2887 2537 praeviderat
2924 2469 3189 2527 Jeremias
3223 2490 3255 2529 a
3303 2474 3450 2530 facie
3508 2481 3667 2548 aquio

2062 2560 2204 2615 Ionis
2229 2575 2280 2614 c.
2322 2576 2362 2623 ι,
2401 2576 2453 2613 v.
2490 2559 2578 2613 15.
2612 2560 2772 2616 Certe
2818 2560 3085 2627 Seandia,
3138 2566 3253 2621 sive
3290 2566 3666 2626 Scandinavia

2064 2651 2173 2716 (ita
2217 2650 2363 2705 enim
2404 2662 2754 2720 nuncupatur
2811 2653 2927 2707 haec
2974 2654 3263 2724 peninsula
3315 2659 3465 2713 inter
3515 2678 3669 2718 mare

2061 2743 2363 2809 Balticum,
2398 2760 2493 2800 seu
2536 2745 2817 2800 Codanum
2866 2747 3081 2814 sinum,
3118 2759 3175 2804 et
3214 2766 3495 2809 oceanum
3544 2772 3668 2827 sep-

2063 2836 2442 2892 tentrionalem
2478 2846 2705 2892 extensa
2746 2837 2921 2893 Plinio
2947 2847 3000 2892 et
3026 2838 3253 2910 Solino)
3296 2848 3669 2913 cognomina-

2063 2941 2151 2985 tur
2197 2931 2390 2998 vagina
2412 2930 2677 3001 gentium,
2702 2939 2757 2984 et
2781 2930 2995 2985 oﬂicina
3016 2933 3326 3000 nationum,
3355 2936 3492 3005 quia
3520 2938 3666 2993 sicut

2061 3022 2241 3077 innuit
2262 3021 2566 3077 Jornandes
2592 3022 2685 3092 (an
2715 3022 3023 3079 Gordianus
3056 3025 3347 3092 diaconus,
3382 3029 3479 3097 qui
3538 3032 3669 3086 scri—

368 3082 571 3136 dientia
601 3084 767 3156 676
799 3086 1121 3154 probaretur
1155 3088 1371 3143 saeculis
1403 3089 1457 3143 in
1491 3092 1740 3148 notitiam
1776 3110 1872 3165 pro

372 3175 556 3199 .Α...Ι,.-
596 3175 753 3199 :A-..-
787 3177 1070 3199 ..ι-λ-----..
1109 3188 1322 3199 _____‘,__
1370 3183 1387 3199 ι
1552 3184 1584 3199 .c
1738 3185 1791 3199 ιο.

2161 3116 2251 3169 Lde
2268 3115 2431 3170 rebus
2460 3112 2700 3169 Geticis?
2717 3115 2757 3179 ),
2778 3129 2843 3169 ex
2865 3130 2928 3170 ea
2955 3116 3212 3171 nimirum
3242 3118 3668 3179 innumerabilis

372 3175 558 3241 renda;
596 3175 755 3246 idque
783 3177 1075 3232 observant
1105 3188 1326 3236 sanctus
1357 3183 1717 3253 Augustinus,
1738 3185 1835 3248 lib.
1868 3203 1956 3243 xvn

370 3264 446 3319 De
494 3267 706 3321 civitate
734 3267 848 3332 Dei,
889 3284 938 3324 c.
972 3270 1061 3333 52,
1096 3280 1149 3325 et
1187 3282 1411 3329 sanctus
1440 3274 1680 3333 Joannes
1716 3277 1959 3351 Chryso-

369 3367 604 3421 stomus,
641 3359 785 3414 hom.
815 3362 849 3416 4
874 3363 927 3413 iu
965 3361 1175 3429 (ἕρπει,
1204 3380 1311 3418 non
1343 3376 1523 3421 autem
1558 3368 1660 3437 ipsi
1708 3369 1836 3437 Deo,
1870 3372 1959 3427 cui

368 3460 499 3506 nota
550 3462 668 3506 erat
728 3453 848 3522 ejus
897 3454 1031 3510 ﬁdes
1084 3456 1407 3526 singularis.
1465 3458 1691 3516 Tentari
1739 3480 1960 3535 quoque

370 3546 618 3615 permisit
650 3545 792 3601 Deus
833 3563 1051 3602 servum
1100 3566 1260 3606 suum
1314 3551 1416 3607 Job
1455 3554 1595 3623 (toto
1625 3556 1764 3611 libro
1792 3556 1957 3629 Job),

369 3637 465 3692 sed
508 3639 680 3695 ﬁdelis
728 3640 1060 3706 Altissimus,
1126 3660 1304 3715 neque
1370 3648 1577 3716 patitur
1624 3666 1955 3721 quemquam

370 3730 566 3784 tentari
597 3746 764 3801 supra
794 3732 848 3786 id
881 3734 1025 3803 quod
1072 3744 1272 3805 potest,
1307 3737 1439 3793 facit
1476 3740 1643 3795 etiam
1678 3758 1802 3796 cum
1839 3754 1960 3799 ten-

368 3822 576 3877 tatione
606 3834 951 3893 proventum,
985 3826 1063 3881 sic
1088 3828 1233 3881 enim
1267 3832 1461 3898 probat
1492 3833 1641 3887 velut
1665 3837 1959 3905 explorans

364 3915 644 3984 justorum
686 3916 879 3980 ﬁdem,
921 3934 951 3972 e
989 3929 1181 3973 sancto
1221 3921 1394 3976 Paulo
1423 3924 1618 3982 llCor.
1658 3944 1726 3993 χ,
1765 3929 1870 3995 15;
1906 3938 1961 3983 et

368 4022 400 4061 e
430 4018 622 4063 sancto
668 4010 1010 4081 Augustino,
1041 4029 1206 4067 serm.
1234 4030 1274 4069 ιι
1322 4015 1401 4070 De
1452 4020 1617 4073 verbis
1662 4018 1876 4075 Domini
1906 4023 1962 4075 in

370 4098 684 4154 Matt/neum
708 4117 761 4167 x,
786 4111 846 4155 ut
873 4117 967 4158 eos
989 4112 1235 4158 coronet.
1262 4104 1464 4161 Sancto
1486 4109 1776 4166 Ambrosio
1801 4122 1956 4177 teste,

368 4190 464 4245 lib.
498 4207 552 4245 tv
606 4192 681 4246 De
721 4193 948 4262 Abrah.,
1000 4211 1050 4253 c.
1083 4195 1116 4249 8
1139 4236 1154 4260 ,
1205 4213 1306 4253 nec
1340 4201 1592 4269 sustinet,
1637 4203 1875 4275 sinitque
1904 4208 1959 4261 in

368 4286 723 4341 tentationem
772 4304 868 4344 eos
913 4288 1121 4356 induci,
1166 4293 1248 4346 vel
1289 4293 1598 4368 εἰσενέγκῃ,
1646 4306 1705 4350 ιιι
1737 4308 1961 4355 sanctus

366 4377 709 4449 Augustinus
736 4384 959 4451 exponit
992 4398 1039 4438 c.
1071 4386 1126 4450 9,
1157 4386 1251 4441 lib.
1284 4402 1320 4441 ιι
1358 4387 1431 4441 De
1457 4406 1617 4443 serm.
1656 4389 1874 4445 Domini
1903 4396 1961 4446 in

2064 3203 2348 3257 hominum
2393 3202 2687 3257 multitudo
2736 3203 2969 3257 diversis
3017 3205 3360 3273 temporibus
3402 3209 3667 3277 prosiliit,

2061 3305 2117 3351 et
2148 3311 2244 3365 per
2280 3304 2477 3359 totum,
2522 3309 2688 3364 quam
2741 3294 2847 3349 late
2888 3303 3056 3365 patet,
3101 3296 3315 3350 telluris
3343 3298 3671 3357 habitabilis

2063 3390 2296 3459 spatium
2343 3389 2471 3443 inde
2516 3388 2922 3459 commigravit,
2976 3404 3111 3443 neve
3162 3400 3409 3457 repetam
3458 3392 3669 3449 effusos

2061 3483 2258 3537 exinde
2285 3481 2563 3544 Cimbros,
2600 3480 2933 3545 Ambronas,
2967 3491 3022 3537 et
3057 3481 3360 3546 Teutonas,
3400 3499 3428 3538 a
3462 3484 3667 3541 Catulo

2061 3576 2228 3630 variis
2267 3575 2469 3646 praeliis
2500 3575 2738 3639 attritos,
2774 3583 2830 3629 et
2859 3590 2889 3629 a
2918 3574 2980 3629 (Ζ.
3028 3574 3202 3629 Mario
3229 3577 3299 3629 ad
3326 3577 3668 3633 internecio-

2064 3679 2185 3717 nem
2229 3678 2404 3733 usque
2464 3663 2671 3719 deletos
2702 3664 2754 3717 in
2793 3663 3076 3734 provincia
3106 3661 3493 3729 Narbonense,
3533 3668 3663 3721 dum

2062 3752 2265 3809 Gallias
2294 3754 2593 3824 pervagati,
2618 3763 2674 3810 et
2705 3754 3077 3821 Germaniam,
3103 3756 3433 3812 invaderent
3454 3759 3663 3813 Italiam

2063 3846 2166 3899 sub
2199 3860 2402 3899 annum
2440 3845 2509 3899 ab
2538 3844 2685 3900 Urbe
2715 3846 2934 3900 condita
2968 3844 3095 3911 6‘50,
3128 3855 3185 3901 et
3212 3858 3342 3903 ante
3376 3848 3662 3904 Christum

2063 3946 2252 3991 natum
2282 3937 2416 3999 102,
2448 3937 2777 3994 testantibus
2818 3938 2983 4009 677
3032 3938 3317 3995 Plutarch.
3355 3942 3413 3995 in
3460 3940 3661 4007 Mario,

2063 4044 2116 4098 p.
2139 4027 2262 4094 MO;
2299 4026 2524 4094 Velleio,
2558 4030 2737 4095 lib.!n,
2768 4045 2892 4100 pag.
2928 4028 3326 4096 llﬁ;Justino,
3352 4033 3451 4088 lib.
3473 4051 3662 4100 vaut,

2063 4134 2187 4188 pag.
2227 4117 2369 4185 22$;
2419 4119 2626 4173 Annam
2669 4118 2867 4183 Floro,
2900 4120 2991 4175 lib.
3029 4135 3113 4175 ιιι.
3157 4138 3206 4177 c.
3244 4124 3299 4189 ὅς
3329 4122 3533 4192 Plinio,
3565 4126 3658 4183 lib.

2064 4226 2138 4275 tv,
2165 4226 2216 4267 c.
2247 4211 2346 4276 M;
2389 4210 2562 4265 Paulo
2603 4211 2824 4276 Orosio,
2850 4212 2944 4267 lib.
2978 4229 3034 4279 γ,
3072 4228 3122 4267 c.
3162 4214 3260 4280 l6;
3308 4213 3581 4285 Eutropio
3608 4218 3661 4272 in

2062 4302 2310 4373 Epitome
2336 4303 2593 4370 Liviana;
2640 4303 2951 4361 Berthaudo
2984 4306 3038 4359 in
3073 4304 3227 4361 Flor.
3272 4307 3422 4362 Gali.
3456 4312 3553 4364 lib.
3582 4328 3659 4376 Ill,

2062 4413 2111 4451 c.
2145 4397 2197 4451 4.
2244 4397 2381 4452 Cum
2440 4397 2635 4452 Decius
2684 4396 2956 4467 Trajanus
3006 4397 3337 4468 imperaret,
3395 4400 3563 4456 Gothi
3598 4419 3662 4457 ex

368 4482 562 4535 monte,
597 4488 698 4527 nec
734 4476 957 4529 omnino
1002 4476 1261 4545 immittit,
1306 4495 1401 4534 seu
1439 4482 1699 4552 relinquit
1744 4484 1951 4553 virgam
1984 4485 2031 4542 D
2056 4489 2244 4543 eadem
2284 4488 2575 4557 peninsula
2603 4489 2732 4553 orti,
2767 4489 3095 4559 deductique
3120 4490 3175 4543 in
3207 4489 3521 4560 Scythiam.
3549 4503 3661 4547 tum

369 4574 715 4633 peccatorum
750 4581 917 4637 super
956 4579 1157 4624 sortem
1187 4571 1461 4641 justorum
1489 4616 1504 4639 ,
1538 4591 1569 4629 e
1602 4576 1741 4644 psal.
1772 4593 1955 4646 cxxrv,

368 4657 422 4722 '5,
482 4668 541 4712 ut
589 4660 826 4730 explicat
881 4661 1331 4731 eloquentissime
1382 4676 1610 4722 sanctus
1666 4667 1958 4741 Gregorius

367 4750 766 4818 Nazianzenus,
794 4765 935 4819 orat.
969 4772 1006 4819 ι,
1047 4772 1097 4825 p.
1136 4758 1261 4813 588.

438 4844 689 4902 Tentavit
719 4848 882 4902 etiam
912 4849 1095 4903 Nilum
1132 4849 1273 4906 Deus
1305 4867 1468 4921 super
1499 4853 1612 4907 ﬁlio
1650 4869 1752 4908 suo
1778 4851 1961 4909 Theo-

364 4938 537 5005 dulo,
594 4948 654 4994 ut
717 4941 879 4996 ambo
938 4944 1289 5011 pretiosiores
1344 4944 1719 4999 invenirentur
1775 4962 1955 5013 auro,

364 5033 507 5101 quod
553 5048 649 5102 per
680 5033 858 5103 ignem
890 5036 1183 5104 probatur,
1217 5052 1248 5092 e
1278 5047 1471 5093 saneto
1517 5038 1676 5093 Petro
1726 5038 1780 5110 (Ι
1810 5038 1955 5095 Petr.

366 5138 413 5189 ι,
459 5122 855 5192 7).Cecinerat
896 5125 1195 5195 profanus,
1241 5137 1297 5182 et
1330 5128 1601 5198 relegatus
1646 5126 1736 5182 ille
1775 5138 1955 5197 poeta:

437 5226 652 5302 Scilicet
680 5238 735 5280 ut
768 5228 969 5302 fulvum
1002 5241 1269 5299 spectatur
1291 5233 1345 5285 in
1377 5233 1581 5302 ignibus
1615 5249 1842 5299 aurum,

514 5296 764 5366 Tempore
789 5301 864 5352 sic
893 5296 1037 5353 duro
1056 5312 1130 5354 est
1162 5296 1487 5371 inspicienda
1519 5304 1672 5372 ﬁdes.

364 5401 629 5472 Bancque
684 5413 1062 5473 tempestatem
1112 5407 1473 5476 proccllosam
1526 5417 1819 5463 consecuta
1873 5416 1959 5464 est

364 5495 632 5552 mirabilis
675 5498 1073 5568 tranquillitas,
1116 5500 1379 5569 illaesique
1444 5500 1664 5556 fuerunt
1710 5503 1954 5556 amboin

369 5587 529 5654 aquis
574 5588 788 5650 validis.
816 5589 860 5644 ll
888 5590 1045 5645 Esdr.
1079 5606 1153 5656 Ix,
1183 5592 1270 5645 ll.
1296 5592 1425 5647 Duae
1454 5604 1582 5648 sunt
1611 5594 1954 5663 potissimum

371 5676 428 5730 in
466 5678 720 5735 universo
756 5692 1024 5737 terrarum
1057 5685 1190 5739 orbe
1231 5685 1515 5756 regiones,
1551 5702 1671 5756 qute
1704 5686 1868 5738 variis
1900 5686 1953 5739 in

365 5770 583 5826 seculis
629 5782 739 5829 tres
774 5776 1107 5833 notissimas.
1144 5787 1196 5832 et
1236 5779 1570 5837 cohazrcntes
1617 5780 1847 5836 invicem
1887 5779 1952 5834 il-

2062 4579 2211 4635 Getis
2255 4581 2502 4647 immisti,
2536 4581 2810 4653 Gothique
2846 4583 3123 4653 appellati,
3156 4586 3316 4654 quasi
3352 4586 3577 4657 γόητες,
3611 4588 3662 4641 id

2060 4677 2144 4722 est
2171 4671 2336 4738 magi,
2359 4670 2474 4724 sive
2508 4670 2899 4737 incantatores,
2923 4687 3049 4725 eum
3080 4671 3430 4728 devicerunt.
3474 4675 3600 4730 Hox
3632 4692 3663 4730 a

2061 4758 2308 4826 Claudio,
2349 4759 2643 4829 Prohoque
2692 4761 2909 4829 domiti,
2941 4771 2997 4817 et
3023 4763 3216 4819 crediti
3268 4763 3388 4835 Gog
3442 4777 3499 4821 et
3550 4766 3665 4821 Ma-

2060 4865 2183 4921 gog,
2249 4867 2389 4922 quos
2449 4853 2844 4923 praenuntiarat
2914 4853 3165 4911 Ezechiel
3216 4872 3268 4912 c.
3332 4874 3547 4913 xxxvm
3611 4871 3663 4915 et

2059 4954 2249 5006 xxxix,
2275 4952 2330 4996 et
2358 4944 2425 4998 de
2448 4945 2651 5014 quibus
2673 4944 2786 5013 agit
2813 4955 3041 5001 sanctus
3060 4944 3325 5011 Joannes,
3351 4950 3654 5021 Apocalyp.

2058 5049 2152 5099 xx,
2190 5035 2255 5101 7;
2300 5046 2523 5092 sanctus
2553 5038 2900 5107 Augustinus
2949 5039 3050 5095 lib.
3105 5054 3175 5093 xx
3231 5039 3312 5095 De
3355 5043 3509 5096 civit.
3544 5044 3657 5105 Dei,

2060 5141 2111 5180 c.
2137 5126 2222 5191 ll;
2242 5125 2494 5192 Orosius,
2524 5129 2619 5183 lib.
2640 5144 2739 5192 vn,
2763 5143 2812 5183 c.
2832 5128 2923 5194 ⁸59,
2948 5129 3285 5200 fortunaque
3307 5147 3436 5186 cum
3459 5133 3662 5187 Roma-

2059 5219 2145 5273 nis
2188 5220 2306 5273 orbi
2365 5221 2775 5278 dominantibus
2809 5237 2957 5276 nunc
2997 5238 3283 5293 prospera,
3326 5227 3663 5295 quandoque

2059 5311 2286 5366 adversa
2334 5322 2636 5382 pugnantes
2682 5313 2963 5368 Valentem
3012 5314 3293 5380 fuderunt,
3333 5319 3464 5371 dein
3514 5317 3659 5372 Con—

2060 5405 2469 5474 stantinopolim
2504 5406 2860 5470 obsederunt,
2912 5406 3039 5461 inde
3080 5406 3312 5461 Romam
3363 5421 3651 5480 ceperunt,

2056 5505 2111 5550 et
2132 5497 2489 5552 obtinuerunt
2508 5498 2612 5552 sub
2634 5498 2876 5568 regibus,
2902 5501 3076 5554 donec
3100 5516 3127 5553 a
3156 5498 3386 5556 Narsete
3414 5504 3652 5571 subacti,

2057 5599 2111 5644 et
2144 5590 2485 5644 exterminati
2528 5591 2748 5646 fuerunt
2778 5608 2833 5646 ιιι
2870 5591 3047 5647 Italia.
3079 5593 3213 5659 Quae
3240 5606 3425 5648 autem
3458 5610 3655 5649 eorum

2056 5682 2239 5752 portio
2286 5682 2342 5735 in
2387 5681 2742 5739 Narbonense
2790 5685 3069 5753 provincia
3124 5687 3469 5747 subsederat.
3524 5704 3653 5757 qua:

2059 5775 2128 5831 ab
2177 5775 2261 5830 his
2309 5773 2623 5845 Langothia:
2676 5791 2881 5833 nomen
2918 5777 3022 5834 fuit
3067 5779 3292 5845 sortita,
3345 5788 3540 5849 postra
3594 5780 3653 5834 in
