3816 6220
166 290 318 356 1405

1494 296 1593 356 DE
1628 298 1801 358 VITA
1838 300 1898 360 S.
1930 300 2094 362 NILI

3338 307 3473 371 H06

158 404 494 476 Hispaniam
555 406 895 495 transgressa
949 422 1073 464 cum
1137 409 1324 466 Alanis
1386 421 1441 467 et
1491 413 1764 479 Vandalis,
1796 420 2235 488 Acalipharum,
2288 436 2416 476 mox
2474 420 2835 478 Sullanorum
2878 424 3043 481 ductu
3090 424 3476 482 sibisubdide-

136 499 470 570 gentilibus
501 499 655 568 suis,
686 512 742 555 et
783 500 1143 569 Gothalanize,
1193 521 1291 559 seu
1332 504 1629 560 Cataloniae
1676 522 1773 562 no-

160 607 301 645 men
341 592 511 658 dedit,
543 600 598 645 et
640 592 988 647 Vandalusize
1020 594 1307 664 imposuit,
1336 608 1389 651 et
1417 596 1472 651 in
1502 596 1774 652 Tarraco-

128 682 360 763 rnensi,
411 697 477 737 ac
519 680 784 738 Toietana
840 700 1069 754 regnum
1119 686 1422 742 Gothorum
1464 691 1768 754 constituit,

154 777 320 844 quod
355 776 423 831 ad
459 778 774 832 Austriacos
823 781 1110 848 pervenit:
1163 779 1391 836 Vandali
1434 782 1595 837 etiam
1645 784 1771 839 inde

156 866 510 935 trajicientes
538 869 592 921 in
626 866 887 934 Africam,
923 886 986 924 ea
1024 870 1201 940 potiti,
1252 870 1487 927 Romam
1532 874 1772 943 diripue-

154 968 323 1022 runt,
352 968 407 1013 et
430 958 673 1014 Africam
712 972 1074 1031 occuparunt,
1101 978 1387 1034 quousque
1444 964 1766 1034 Belisarius,

146 1051 325 1121 jussu
349 1051 644 1107 Justiniani
668 1055 898 1125 Augusti
924 1070 1020 1110 eos
1051 1055 1299 1111 abolerit.
1342 1056 1420 1113 Ne
1458 1074 1767 1115 recenseam

152 1144 395 1210 Gallias,
440 1146 493 1200 in
537 1148 739 1217 quibus
765 1148 944 1203 adhuc
970 1165 1153 1205 rerum
1196 1151 1484 1215 potiuntur
1515 1151 1710 1208 Franci
1737 1168 1768 1208 e

156 1234 574 1304 Scandinavia,
628 1254 723 1294 seu
771 1238 1044 1296 Cimbrica
1087 1241 1433 1300 Chersoneso
1490 1248 1767 1316 progressi

153 1333 363 1396 etiam,
397 1334 808 1402 propagatique,
836 1334 916 1388 uti
946 1335 1238 1391 Turnebus
1268 1338 1501 1394 aﬂirmat
1522 1355 1643 1409 cap.
1673 1340 1763 1402 '57.

152 1425 265 1480 lib.
302 1441 426 1479 xxiv
452 1425 741 1480 Adversar.
770 1434 1059 1496 postquam
1090 1428 1142 1482 in
1172 1428 1521 1485 Germaniam
1552 1430 1759 1496 diﬂusi,

155 1519 498 1573 commorati
544 1518 779 1574 fuissent
826 1520 1046 1585 ibidem,
1095 1530 1149 1576 et
1195 1520 1516 1577 Franconiae
1562 1539 1764 1580 nomen

153 1610 520 1676 indidissent,
575 1611 846 1683 Belgicam
899 1614 1179 1684 aggressi,
1219 1614 1476 1670 Celticam
1525 1633 1762 1687 quoque,

154 1720 229 1759 ac
256 1704 668 1774 Aquitanicam,
708 1704 1234 1778 Narbonensemque
1263 1719 1547 1778 ceperunt,
1582 1719 1635 1764 et
1667 1710 1766 1765 ﬂo-

154 1801 547 1856 rentissimum
596 1816 825 1873 regnum
873 1800 1281 1871 fundaverunt;
1318 1821 1419 1861 nec
1468 1807 1616 1861 enim
1656 1812 1767 1863 An-

156 1892 315 1963 glos,
353 1894 449 1963 qui
491 1893 820 1960 Britannias,
875 1910 975 1951 nec
1004 1894 1431 1967 Longobardos,
1467 1899 1559 1969 qui
1602 1916 1769 1955 occu-

154 1992 373 2054 parunt
400 1983 609 2039 Italiam
639 1985 991 2054 postmodum
1021 1988 1464 2042 commemorabo
1490 2031 1504 2053 ,
1559 1991 1770 2059 regnis-

158 2089 279 2143 que
306 2073 382 2128 ibi
413 2074 649 2129 conditis
671 2075 923 2131 eamdem
944 2076 1210 2146 originem
1239 2088 1575 2147 agnoscunt;
1606 2082 1770 2136 omit-

160 2176 286 2222 tam
337 2179 601 2239 praeterea
659 2169 927 2237 Herulos,
983 2171 1343 2243 Burgundos,
1401 2173 1765 2239 Normannos,

162 2259 428 2322 Himnos.
456 2260 743 2331 Bulgaros,
776 2272 831 2318 et
859 2264 999 2320 alios
1030 2266 1280 2336 populos,
1314 2266 1404 2335 qui
1431 2282 1496 2321 ex
1525 2283 1591 2321 eo
1622 2267 1769 2322 fonte

142 2362 501 2421 manarunt,
541 2354 874 2425 nominaque
922 2371 1022 2411 sua
1087 2367 1389 2427 posuerunt
1421 2358 1473 2410 in
1512 2358 1692 2414 terris.

241 2446 327 2499 Ad
374 2445 628 2500 Arabiam
665 2462 749 2500 me
778 2458 1061 2514 converto,
1110 2465 1234 2519 quae
1272 2449 1429 2519 quasi
1472 2448 1658 2519 Ereps,
1711 2449 1765 2504 id

163 2541 278 2596 est,
324 2533 552 2588 occidua
586 2542 641 2589 et
690 2535 1001 2599 tenebrosa,
1051 2544 1110 2590 ut
1147 2536 1387 2607 Scaliger
1422 2538 1539 2592 vult
1576 2538 1629 2592 in
1666 2537 1767 2594 Fe-

166 2634 343 2691 stum,
388 2626 443 2679 in
475 2641 640 2695 quam
686 2625 980 2697 Pompeius
1027 2636 1340 2697 penetrans,
1376 2627 1656 2699 Agarenos
1684 2630 1765 2685 vir

164 2727 343 2786 cerat,
396 2716 699 2775 Saracenos
726 2721 849 2774 dein
884 2722 1183 2791 appellatos
1223 2736 1328 2776 non
1365 2723 1434 2775 ab
1481 2722 1626 2793 Agar
1668 2739 1765 2777 an-

166 2811 319 2876 cilla,
357 2810 436 2867 vel
464 2810 599 2867 Sara
626 2828 796 2867 uxore
823 2813 1143 2878 Abrahami,
1176 2828 1208 2867 a
1236 2829 1340 2883 qua
1375 2830 1433 2869 se
1456 2814 1765 2884 gloriaban-

169 2914 266 2959 tur
284 2904 599 2975 progenitos
622 2905 673 2977 (e
706 2904 1063 2977 Sozomeno),
1090 2921 1279 2960 verum
1312 2921 1341 2960 a
1374 2921 1506 2961 voce
1530 2906 1762 2962 Arabica

168 2998 371 3064 Sarak,
414 2998 569 3068 quasi
607 2997 840 3061 furaces,
874 3010 927 3053 et
961 3000 1311 3070 λῃστρικούς,
1338 3015 1368 3054 e
1400 2998 1678 3070 Scaligero
1706 3003 1761 3055 in

1876 519 2005 566 runt
2043 527 2192 566 anno
2237 511 2361 577 654,
2394 523 2449 568 et
2479 512 2755 569 Persidem
2805 530 2952 569 anno
3000 516 3126 583 659,
3160 517 3273 570 imo
3302 526 3469 572 totam

1872 602 2237 657 obtinuerunt
2284 603 2549 671 Africam,
2581 614 2636 659 et
2662 606 2906 674 depulsis
2942 605 3228 672 Romanis,
3265 607 3471 662 Mauri-

1871 695 2071 759 tanias,
2112 703 2167 750 et
2194 694 2508 751 Numidiam
2530 737 2543 761 ,
2575 698 2835 767 mislique
2865 696 3129 755 Vandalis
3174 699 3246 753 ibi
3278 716 3471 769 super-

1871 791 2120 854 stitibus,
2159 792 2582 847 communicatis
2623 794 2940 849 nominibus
2962 834 2977 857 ,
3008 795 3088 848 uti
3121 797 3471 864 superstitio-

1869 883 2053 949 nibus,
2108 884 2312 939 Christi
2366 884 2580 939 Domini
2630 885 2974 940 divinitatem
3022 887 3376 956 abnegantes.
3416 888 3470 942 in

1869 974 2160 1046 Hispanias
2184 978 2539 1048 trajeceruut,
2566 989 2619 1032 et
2649 978 2700 1032 in
2732 979 2957 1043 Gallias.
2991 979 3164 1035 donec
3187 996 3281 1035 eos
3304 981 3472 1035 Carn-

1868 1066 1955 1123 lus
1986 1067 2252 1122 Martialis
2286 1084 2353 1123 an
2385 1068 2614 1124 Tudes?
2660 1079 2767 1122 tam
2815 1071 3014 1124 celebri
3052 1072 3336 1135 contudit,
3372 1088 3471 1125 ex-

1868 1162 2170 1231 stinxitque
2205 1161 2411 1230 praelio.
2449 1160 2563 1215 lmo
2600 1159 2841 1215 Siciliam
2866 1202 2881 1227 ,
2928 1170 2983 1216 et
3024 1161 3253 1217 Romam
3293 1166 3468 1233 ipsam

1867 1253 2241 1323 diripuerunt,
2298 1269 2363 1308 ac
2414 1262 2726 1317 vastarunt,
2779 1270 3144 1324 magnamque
3192 1255 3459 1309 Crwciam

1866 1348 2236 1402 detinuerunt.
2268 1347 2392 1400 ldeo
2418 1344 2677 1416 Vaginam
2710 1347 3095 1410 Vandalorum,
3127 1348 3178 1401 id
3207 1357 3290 1402 est
3315 1390 3329 1412 ,
3364 1346 3467 1401 Sa-

1865 1454 2211 1499 racenorum,
2234 1454 2327 1491 seu
2351 1437 2663 1492 Maurorum
2688 1440 2792 1493 sub
2829 1438 3029 1492 Carolo
3062 1437 3257 1509 Magno
3299 1438 3468 1494 fuisse

1866 1530 1926 1584 P.
1962 1529 2200 1585 Guesnai
2234 1530 2288 1583 in
2316 1529 2482 1585 Maria
2518 1529 2836 1599 Magdaleua
2867 1528 3205 1585 Massiliense
3235 1530 3465 1595 advena,

1866 1636 1918 1689 p.
1952 1620 2078 1685 562,
2116 1622 2317 1675 dictam
2349 1621 2517 1675 fuisse
2546 1620 2786 1675 Africam
2822 1620 3075 1686 allirmat,
3108 1630 3163 1676 et
3213 1636 3313 1691 ego
3346 1620 3469 1678 fuse

1864 1715 2039 1785 probo
2072 1714 2123 1768 in
2157 1712 2541 1768 Dissertatione
2570 1714 2633 1767 de
2660 1713 2981 1783 patrimonio
3037 1722 3184 1783 poni.
3220 1713 3373 1767 Rom.
3406 1716 3464 1768 in

1869 1808 2104 1878 provinc.
2145 1804 2509 1860 Narbonense.
2551 1808 2723 1860 Antea
2755 1805 3117 1875 praeluserant
3164 1805 3334 1861 variis
3371 1822 3468 1861 ex-

1870 1897 2221 1953 cursionibus
2253 1908 2514 1952 vexantes
2548 1896 2787 1969 Syriam,
2814 1904 2869 1951 et
2894 1895 3267 1958 Palaestinam,
3305 1897 3468 1952 habi-

1871 1999 2045 2045 tantes
2072 1990 2124 2043 in
2156 1989 2428 2053 tentoriis,
2455 1987 2607 2043 lsaiae
2635 1990 2866 2054 1111,20.
2900 1988 3169 2043 Latrones
3200 1988 3464 2053 Arabum,

1868 2083 1961 2152 qui
2015 2091 2192 2136 castra
2229 2083 2560 2147 invaserant,
2616 2097 2807 2137 omnes
2861 2081 3099 2150 majores
3148 2091 3277 2135 natu
3326 2080 3467 2135 ﬁlios

1866 2174 2051 2229 Joram
2110 2176 2254 2244 regis
2287 2173 2425 2229 Juda
2477 2171 2890 2239 interfecerunt,
2936 2174 3178 2228 Arabum
3236 2174 3464 2239 scilicet,

1866 2269 1959 2338 qui
2012 2267 2256 2322 contines
2309 2274 2437 2321 sunt
2494 2266 2887 2336 IEtIiiOpibus;
2950 2282 3075 2319 nam
3128 2266 3329 2334 duplex
3382 2274 3468 2321 est

1866 2360 2184 2430 Ethiopia:
2219 2370 2342 2430 post
2374 2359 2664 2430 [Egyptum
2714 2359 2903 2424 altera,
2942 2359 2996 2412 in
3049 2358 3249 2411 ﬁnibus
3296 2356 3467 2411 Palae-

1866 2454 2044 2520 stinae,
2094 2468 2191 2507 seu
2230 2452 2409 2504 Terra:
2445 2453 2657 2505 Sanctae
2690 2460 2743 2503 et
2782 2450 2972 2513 Sinai;
3033 2450 3161 2511 alia,
3200 2450 3313 2502 sive
3351 2449 3465 2502 Ma-

1865 2545 2012 2607 dian,
2046 2560 2075 2597 a
2107 2557 2215 2612 qua
2244 2541 2489 2610 Sephora
2515 2556 2653 2595 uxor
2681 2539 2912 2610 Moysis,
2945 2537 3285 2607 Ethiopissa
3318 2538 3465 2593 dicta

1864 2652 1913 2691 c.
1955 2652 1991 2690 11
2021 2634 2189 2689 Exod.
2218 2641 2268 2687 et
2297 2648 2348 2687 c.
2374 2647 2449 2686 xu
2470 2632 2757 2686 Numeror.
2788 2629 2859 2685 De
2883 2631 2985 2683 hac
3016 2630 3069 2683 in
3107 2629 3243 2697 psal.
3277 2644 3461 2683 vau:

1869 2724 2174 2795 cA‘Ithiopia
2194 2722 2483 2794 praeveniet
2500 2736 2698 2775 manus
2717 2719 2837 2790 ejus
2860 2720 2988 2785 Deo,
3005 2738 3022 2770 ι
3045 2718 3133 2771 ubi
3155 2717 3465 2772 Geuebrar-

1861 2821 1983 2887 dus,
2035 2820 2157 2873 vide
2190 2818 2448 2871 Allatium
2504 2815 2985 2869 inﬂexaemerum
3036 2812 3285 2867 Eustath.
3339 2826 3463 2881 pag.

1862 2913 1998 2978 528;
2030 2921 2265 2982 quatuor
2278 2908 2517 2963 Arabum
2544 2922 2742 2979 genera
2760 2906 3023 2962 describit
3043 2906 3118 2959 La
3141 2905 3293 2959 Valle
3322 2912 3462 2974 part.

1862 3023 1945 3071 111,
1977 3006 2134 3074 epist.
2166 3003 2254 3068 il,
2292 3017 2344 3071 p.
2368 3000 2493 3063 482,
2528 2999 2622 3069 qui
2655 2998 2927 3067 hodieque
2956 3007 3298 3067 grassantur.
3348 2995 3457 3049 Sed

168 3087 369 3143 Euseb.
411 3090 660 3160 Χρονικ.,
687 3090 817 3160 quin
865 3100 919 3144 et
976 3090 1226 3145 Scenitas
1268 3107 1297 3145 a
1339 3092 1606 3157 tentoriis,
1659 3094 1761 3147 sub
1787 3113 1830 3171 ο
1864 3098 1930 3150 ad
1977 3110 2189 3150 cozevos
2234 3092 2339 3147 Nili
2387 3090 2783 3158 regrediamur,
2824 3104 2964 3158 quos
3000 3088 3144 3142 inter
3189 3085 3465 3156 Vopiscus

167 3180 373 3248 quibus
410 3181 634 3249 degunt,
690 3190 1033 3250 nuncupatos
1068 3184 1177 3236 ἀπὸ
1222 3183 1332 3235 τῶν
1377 3182 1614 3253 σκηνῶν.
1654 3187 1766 3239 Au-

169 3277 369 3341 gustus
396 3286 491 3325 eos
521 3272 781 3337 tentavit,
811 3282 1039 3328 canente
1069 3272 1335 3343 Virgilio:

246 3362 435 3420 Omnis
464 3363 667 3430 Arabs,
698 3381 875 3419 omnes
909 3375 1174 3421 verterunt
1206 3375 1352 3436 terga
1392 3365 1588 3422 Sabaei.

1232 3457 1449 3513 .IEneid.
1494 3460 1587 3514 lib.
1621 3476 1696 3515 ix.

244 3546 578 3618 ...Inferre
624 3557 818 3620 parant
867 3548 1212 3619 Iacrymabile
1264 3549 1486 3617 bellum,

384 3641 695 3697 Hircanisve
735 3641 1012 3695 Arabisve.

1349 3734 1569 3789 Eneid.
1600 3750 1691 3790 νη.

172 3826 246 3881 At
274 3823 586 3895 Propertius
619 3823 674 3878 in
699 3822 849 3894 Eleg.
884 3829 953 3878 ad
982 3821 1192 3878 Musam
1224 3823 1318 3877 lib.
1351 3841 1408 3885 ιι,

392 3914 461 3969 Et
488 3915 677 3969 domus
709 3915 926 3968 intactae
964 3922 1011 3968 te
1034 3915 1211 3968 tremit
1248 3916 1479 3971 Arabiw.

174 4008 448 4078 Trajanus
490 4008 749 4063 Arabiam
790 4006 1052 4061 domitam
1084 4004 1290 4076 redegit
1333 4007 1385 4059 in
1434 4005 1765 4075 provinciam

175 4100 393 4155 obtritis
442 4097 741 4169 Agarenis,
795 4096 963 4168 678
1006 4103 1060 4149 et
1114 4109 1312 4164 magna
1362 4093 1481 4163 ejus
1530 4096 1767 4165 regionis

174 4199 332 4262 parte
359 4197 619 4259 occupata
647 4205 661 4254 ;
695 4196 925 4243 testatur
958 4188 1009 4241 id
1042 4185 1240 4241 Sextus
1273 4184 1466 4241 Rutl'us
1487 4227 1502 4251 ,
1536 4195 1589 4240 et
1620 4186 1764 4240 anti-

175 4298 347 4353 quum
383 4282 691 4345 numisma,
735 4281 789 4335 in
828 4293 939 4350 quo
968 4278 1197 4349 legitur,
1229 4278 1435 4332 Arabia
1470 4278 1762 4347 acquisita.

175 4378 384 4429 Novam
414 4373 609 4428 deinde
644 4371 985 4443 provinciam
1019 4369 1147 4426 fecit
1192 4367 1427 4424 Severus
1460 4369 1761 4439 Augustus,

1868 3188 2114 3245 nominat
2163 3185 2454 3240 Blcmmies
2491 3192 2679 3254 gentes
2721 3180 2991 3235 Barbaras
3031 3180 3085 3234 in
3132 3178 3453 3240 Aureliano,

1866 3290 1921 3334 et
1956 3278 2197 3343 Plinius,
2256 3277 2351 3329 lib.
2392 3291 2447 3340 v,
2495 3289 2545 3330 c.
2607 3272 2664 3337 8,
2711 3271 2961 3343 Blcmycs
3012 3280 3173 3325 vocat
3233 3269 3466 3339 populos

1867 3368 2161 3439 IEthiopim
2207 3382 2399 3422 versus
2444 3374 2692 3421 austrum
2724 3379 2754 3417 a
2796 3362 2981 3431 Blemy
3030 3376 3138 3416 uno
3166 3376 3196 3416 e
3229 3361 3466 3416 ducibus

1869 3462 2112 3534 Dionysii
2150 3475 2345 3514 nomen
2384 3466 2693 3522 mutuatos,
2726 3471 2758 3509 e
2808 3453 3081 3510 Strabone
3104 3493 3118 3517 ,
3155 3454 3191 3506 l.
3228 3470 3376 3516 χχιι,
3410 3461 3466 3507 et

1870 3551 2131 3622 Stephau.
2176 3549 2251 3604 De
2277 3547 2448 3602 urbib.
2483 3546 2754 3616 capitibus
2806 3550 3079 3597 carentes.
3130 3542 3466 3596 Claudianus

1867 3643 2013 3698 feros
2038 3643 2258 3704 vocitat,
2277 3647 2331 3693 et
2351 3639 2494 3692 locat
2516 3638 2655 3690 inter
2675 3633 2891 3689 Meroen
2917 3648 2980 3687 ac
3003 3632 3238 3702 Syenen,
3255 3630 3307 3683 in
3329 3630 3466 3682 Car-

1867 3738 2004 3789 mine
2054 3734 2120 3787 de
2172 3731 2322 3785 Nilo.
2360 3732 2607 3801 Blemyas
2641 3727 2859 3797 subegit
2890 3724 3122 3790 Probus,
3166 3736 3467 3790 eorumque

1866 3827 2110 3895 captivos
2128 3823 2355 3878 Romam
2382 3820 2707 3885 transmisit,
2731 3819 2823 3889 qui
2850 3817 3156 3872 mirabilem
3178 3816 3263 3870 sui
3286 3816 3464 3867 visum

1866 3918 2106 3988 stupenti
2130 3917 2331 3988 populo
2360 3915 2609 3970 Romano
2629 3915 2999 3985 praebuerunt;
3027 3909 3094 3964 de
3119 3909 3204 3963 his
3231 3908 3335 3963 ista
3362 3907 3468 3960 Ma-

1867 4010 2153 4065 mertinius
2183 4009 2321 4063 dixit
2351 4008 2408 4062 in
2436 4006 2776 4062 Genethliaco
2811 4002 3192 4057 Maximiliani.
3216 4000 3329 4054 Non
3350 4002 3468 4054 ista?

1867 4102 2029 4156 modo
2050 4142 2067 4170 ,
2098 4102 2327 4172 aliaeque
2361 4110 2548 4172 gentes
2585 4099 2815 4164 viribus,
2850 4096 3133 4166 armisque
3169 4093 3465 4155 terribiles,

1863 4193 2031 4264 679
2066 4193 2261 4249 fiducia
2314 4193 2594 4248 instructae
2626 4191 2696 4246 ad
2753 4189 3048 4262 perniciem
3103 4184 3462 4241 humanitatis

1866 4293 2114 4351 utuntur,
2134 4285 2226 4339 sed
2240 4284 2404 4340 etiam
2421 4283 2615 4339 Blemii
2639 4285 2721 4353 (ut
2740 4282 2927 4353 audio)
2954 4280 3164 4336 levibus
3199 4279 3362 4333 modo
3379 4292 3468 4331 as-

1867 4376 2006 4431 sueti
2031 4376 2241 4447 sagittis
2267 4377 2531 4432 adversus
2561 4375 2870 4445 Ethiopes,
2896 4381 3169 4444 quaerunt,
3206 4387 3328 4441 qua:
3358 4386 3467 4424 non

178 4468 273 4538 qui
316 4466 421 4522 sibi
456 4467 672 4521 titulum
701 4464 919 4519 Arabici
952 4462 1270 4533 assumpsit,
1303 4473 1361 4516 ut
1402 4462 1455 4515 in
1488 4461 1767 4532 Apparatu
1803 4471 1846 4524 D
1874 4466 2076 4522 habent
2099 4481 2272 4533 arma,
2297 4475 2352 4521 et
2380 4482 2518 4535 pene
2550 4466 2714 4521 nudis
2738 4464 2881 4520 odiis
2899 4463 3087 4535 praelia
3125 4460 3466 4516 internecina

180 4561 444 4617 historico
465 4574 628 4614 arcus
651 4556 998 4627 triumphalis
1029 4556 1194 4610 erecti
1219 4556 1286 4609 ad
1309 4554 1483 4623 ipsius
1508 4554 1771 4610 honorem

180 4654 458 4709 adnotavi.
492 4650 847 4723 Vagabantur
878 4650 1098 4719 quidem
1127 4649 1354 4711 Arabes,
1385 4663 1481 4704 seu
1513 4646 1775 4708 Saraceni

181 4762 415 4817 semper,
447 4754 501 4801 et
525 4745 579 4799 in
611 4744 792 4800 vicina
824 4742 1190 4797 excurrebant
1216 4739 1435 4809 oppida,
1471 4740 1772 4810 vicosque;

180 4848 337 4908 rapto
365 4839 642 4903 viventes,
674 4837 997 4907 praedasque
1037 4843 1423 4891 convectantes
1449 4876 1463 4899 ,
1497 4835 1631 4903 quin
1660 4834 1775 4887 via-

184 4930 393 4985 toribus
438 4929 778 4985 insidiantes.
809 4926 1186 4996 Nomadesque
1232 4926 1377 4980 sicut
1424 4924 1639 4995 Scytha:
1680 4925 1777 4978 de-

183 5022 447 5076 nominati
470 5029 618 5087 sunt,
649 5030 705 5075 ut
736 5020 917 5091 arguit
944 5018 1006 5073 P.
1035 5020 1310 5074 Combeiis
1357 5019 1424 5073 ad
1453 5016 1695 5073 Nicetam
1720 5017 1775 5072 in

187 5112 306 5167 Vita
336 5115 510 5168 sancti
538 5112 826 5185 Hyacinthi
851 5112 1211 5175 Amastrien.,
1232 5110 1403 5181 p.15;
1438 5110 1775 5165 Romanum-

185 5221 292 5275 que
321 5205 669 5259 incesserunt
706 5204 998 5273 imperium
1021 5244 1036 5268 ,
1084 5218 1319 5258 excusso
1346 5203 1499 5272 jugo,
1532 5202 1777 5273 magnis-

185 5312 291 5367 que
327 5312 452 5351 cum
491 5298 667 5366 copiis
693 5296 987 5361 irruentes,
1036 5295 1432 5350 lsmaelitarum
1472 5295 1646 5350 ascito
1678 5309 1777 5349 no-

191 5390 333 5443 mine
380 5390 449 5443 ab
487 5388 745 5454 lsmaele,
782 5399 905 5457 post
933 5387 1412 5457 Maliometis.,Qui
1458 5402 1553 5456 per
1586 5401 1778 5441 ascen-

189 5496 366 5537 sorem
406 5482 598 5536 cameli
635 5481 848 5536 videtur
894 5480 1168 5551 designari
1221 5479 1374 5535 lsaiae
1420 5495 1535 5547 xxI,
1568 5480 1621 5541 8,
1668 5494 1777 5533 non

191 5574 361 5630 solum
397 5573 671 5645 Hegiram,
719 5590 813 5628 seu
851 5572 1057 5638 fugam,
1108 5588 1297 5626 verum
1329 5572 1495 5626 etiam
1544 5578 1777 5625 mortem

190 5666 467 5735 Cynicam,
517 5679 570 5720 et
610 5666 810 5721 tabulis
856 5667 1244 5729 inumbralam,
1296 5680 1387 5718 au.
1431 5664 1492 5719 C.
1542 5664 1607 5718 N.
1657 5666 1780 5734 plus

190 5759 369 5815 minus
395 5758 492 5814 651
525 5777 539 5825 ;
574 5774 699 5814 nam
733 5758 943 5831 Syriam
968 5768 1019 5814 ct
1047 5756 1342 5831 Aigypmni
1369 5758 1775 5814 Saracenorum

1875 4558 2244 4613 committunt.
2272 4558 2347 4613 De
2374 4558 2459 4614 his
2484 4555 2750 4627 Sulpitius
2797 4556 3032 4611 Severus
3054 4553 3183 4607 dial.
3211 4553 3263 4616 1,
3290 4567 3339 4605 c.
3375 4550 3463 4604 l5.

1874 4646 2182 4703 Praemonui
2219 4646 2424 4703 dudum
2473 4664 2527 4718 p.
2560 4647 2683 4709 659,
2730 4646 2832 4700 sub
2861 4645 3089 4713 imperio
3129 4640 3466 4703 Diocletiani,

1875 4749 1929 4795 et
1958 4740 2117 4796 Petro
2151 4740 2409 4811 episcopo
2445 4738 2873 4793 Alexandrinam
2914 4734 3215 4790 Ecclesiam
3250 4742 3469 4801 regente

1876 4840 2134 4902 martyre,
2184 4832 2280 4901 qui
2331 4829 2590 4885 occubuit
2644 4844 2789 4884 anno
2816 4827 2878 4883 C.
2906 4825 2973 4882 N.
2998 4826 3129 4892 510,
3165 4826 3470 4881 monachos

1878 4940 2108 4980 summa:
2158 4925 2379 4979 virtutis
2408 4939 2474 4979 ac
2501 4923 2809 4979 sanctitatis
2838 4921 2893 4975 in
2926 4920 3220 4977 solitudine
3254 4919 3472 4974 Thecue

1877 5017 2234 5087 interemptos
2263 5032 2294 5071 a
2324 5016 2763 5071 discurrentibus
2814 5012 3216 5069 Saracenorum
3263 5012 3473 5065 latrun-

1878 5110 2021 5164 culis
2064 5124 2095 5163 e
2144 5110 2436 5164 collatione
2467 5108 2501 5162 6
2548 5108 2801 5164 Cassiani
2832 5122 2883 5161 c.
2918 5106 2943 5159 1
2988 5115 3037 5160 et
3076 5105 3130 5157 2.
3167 5104 3473 5158 Cardinalis

1877 5202 2148 5257 Baronius
2198 5202 2254 5255 in
2312 5202 2456 5257 notis
2501 5202 2567 5257 ad
2602 5200 3040 5272 Matyrologium,
3075 5199 3266 5253 diebus
3295 5197 3360 5251 14
3384 5188 3475 5250 .Ia-

1879 5294 2080 5360 nuarli,
2118 5293 2185 5347 i9
2227 5292 2535 5355 Februarii,
2572 5302 2628 5349 et
2680 5293 2747 5347 16
2778 5300 2832 5348 et
2860 5291 2930 5346 28
2977 5291 3123 5354 Maii,
3177 5288 3344 5343 refert
3385 5289 3457 5341 in-

1880 5388 2165 5444 cursiones
2208 5387 2390 5441 varias
2423 5385 2846 5451 Saracenorum,
2879 5401 2911 5441 e
2935 5385 3137 5455 quibus
3176 5383 3349 5451 prima
3389 5389 3472 5434 est

1880 5481 1985 5535 iSta
2033 5479 2136 5535 sub
2185 5478 2522 5534 Diocletiano
2565 5480 2631 5534 ad
2667 5494 2875 5533 annum
2914 5475 3061 5532 C.N.
3111 5475 3235 5539 303,
3268 5473 3335 5528 de
3364 5487 3469 5542 qua

1880 5572 2177 5628 Cassianus
2204 5572 2335 5642 agit,
2370 5571 2425 5626 in
2462 5570 2704 5636 Thecue,
2740 5571 2971 5641 ejusque
3000 5566 3174 5623 Graeci
3207 5564 3471 5621 memine-

1883 5671 2017 5717 runt
2065 5663 2120 5717 in
2165 5662 2496 5731 Menologio,
2554 5660 2644 5716 die
2676 5661 2744 5715 M
2776 5658 3023 5714 Januarii
3051 5658 3201 5712 hisce
3238 5656 3468 5710 verbis:

1884 5755 1997 5829 Πρὸ
2028 5754 2085 5809 δὲ
2127 5754 2333 5828 χρόνων
2376 5752 2585 5809 πολλῶν
2622 5753 2723 5823 ἐπὶ
2756 5752 2859 5826 τῆς
2909 5750 3190 5823 βασιλείας
3240 5745 3471 5815 Διοκλη-
