3816 6220
334 270 467 334 11ῧῖ
1086 269 1236 331 JOS.
1276 268 1541 329 MARI/E
1574 266 1934 327 SUARESII

330 375 516 431 τιανοῦ
569 374 665 429 τοῦ
722 375 1027 446 βασιλέως,
1084 378 1182 430 καὶ
1234 376 1446 444 Πέτρου
1498 373 1937 445 ἀρχιεπισκόπου

344 469 753 540 Ἀλεξανδρείας
776 468 1144 539 ἀνῃρέθησαν,
1171 468 1266 520 καὶ
1294 469 1475 537 ἕτεροι
1516 465 1931 535 Ἦσυχάζοντες,

333 563 428 613 καὶ
459 561 613 613 αὐτοὶ
648 562 706 612 ὲν
736 558 812 628 τῷ
844 560 973 629 Σινᾷ
1012 558 1148 628 ὄρει.
1183 557 1522 622 Ἐξελθόντες
1550 556 1660 627 γὰρ
1682 557 1935 608 οἱκατοι-

335 650 559 714 κοῦντες
601 653 693 704 καὶ
726 652 883 704 αὐτοὶ
912 653 969 703 ὲν
1019 649 1097 720 τῷ
1136 652 1267 720 Σινᾷ
1297 649 1413 721 ὄρει
1444 648 1773 721 Σαρακηνοὶ,
1801 649 1936 701 ἀπο-

338 742 587 804 θανόντος
638 741 731 794 τοῠ
795 740 1075 811 φυλάρχου
1119 739 1320 805 αὐτῶν,
1358 740 1588 802 πολλοὺς
1635 739 1937 808 ἐφόνευσαν

337 833 732 913 τῶνὶὰσκητῶν
753 850 764 862 ·
786 833 897 885 τῶν
926 834 982 885 δὲ
1017 832 1221 884 λοιπῶν
1252 833 1531 900 φυγόντων
1566 832 1648 893 εἰς
1693 831 1754 884 τὸ
1804 830 1935 901 ὀχύ-

343 944 526 993 ρωμα,
572 926 741 995 ἐφάνη
798 928 913 988 τοῖς
960 926 1298 995 Σαρακηνοίς
1342 924 1431 976 διὰ
1462 923 1559 993 τῆς
1589 922 1782 985 νυκτὸς
1806 922 1936 990 φλὸξ

339 1019 511 1086 πυρὸς
540 1017 914 1070 κατακαίουσα
938 1017 1057 1069 ὅλον
1083 1015 1144 1067 τὸ
1169 1016 1295 1085 ὅρος
1315 1032 1328 1046 ·
1360 1018 1393 1085 ὴ
1426 1014 1483 1067 δὲ
1514 1014 1646 1084 φλὸξ
1672 1015 1938 1084 ἁνήρχετο

340 1108 444 1170 ἓως
498 1110 592 1161 τοῦ
645 1107 913 1177 οὐρανοῦ⁸
948 1108 1044 1161 καὶ
1079 1107 1281 1169 ἰδόντες
1317 1108 1366 1159 οἱ
1405 1106 1715 1177 Σαρακηνοὶ
1740 1107 1939 1176 ὲφοόήε

342 1198 535 1269 θησαν,
582 1199 677 1251 καὶ
726 1198 983 1269 ῥίψαντες
1030 1197 1098 1251 τὰ
1128 1198 1269 1251 ὅπλα
1298 1197 1478 1251 αὐτῶν
1516 1196 1738 1265 ἔφυγον.
1782 1198 1845 1251 Οἱ
1880 1196 1938 1250 δὲ

341 1293 558 1362 πρῶτον
617 1292 921 1359 σφαγέντες
970 1287 1112 1362 ἦσαν
1152 1293 1453 1363 τριάκοντα
1512 1291 1659 1343 ὀκτὼ
1721 1290 1940 1360 ἔχοντες

345 1384 562 1451 πληγὰς
595 1383 886 1455 διαῳόρους
914 1386 970 1436 ὲν
994 1387 1105 1448 τοῖς
1134 1382 1383 1453 σώμασιν
1415 1384 1595 1437 αὐτῶν
1617 1397 1631 1411 ’
1670 1382 1730 1447 ἐξ
1760 1383 1939 1435 αὐτῶν

343 1476 399 1529 δὲ
424 1476 697 1547 ᾑρέθησαν
730 1477 823 1530 δύο
854 1478 1055 1541 ζῶντες
1075 1516 1088 1539 ,
1115 1477 1333 1540 Σάσϐας
1372 1479 1467 1529 καὶ
1506 1475 1733 1537 Ἡσαΐας
1752 1492 1765 1507 ο
1795 1476 1845 1528 οἱ
1882 1474 1941 1527 δὲ

346 1568 695 1636 φονευθέντες
735 1571 784 1621 οἱ
833 1569 930 1638 μὲν
973 1568 1074 1632 τὰς
1105 1568 1352 1637 κεφαλὰς
1386 1567 1788 1637 ἀπετμήθησαν
1847 1584 1938 1619 τε·

345 1660 527 1724 λείως,
556 1660 666 1713 τῶν
697 1661 754 1714 δὲ
788 1663 851 1714 ἐκ
893 1661 991 1713 τοῦ
1034 1661 1153 1723 ἐνὸς
1185 1661 1384 1732 μέρους
1412 1660 1635 1731 ἐκράτει
1662 1659 1723 1711 τὸ
1742 1658 1937 1730 δέρμα,

1977 265 2205 325 LIBER
2246 266 2880 328 CIIRONOLOGICUS
3513 261 3677 322 1403

1969 378 2015 435 Α
2044 389 2159 429 cem
2208 377 2643 445 persecutionem
2684 373 3323 447 Diocletiani‘adversus
3357 371 3679 426 Christia-

2042 482 2178 528 nos,
2218 469 2353 523 adiit
2386 469 2438 523 iu
2483 467 2829 523 Palaastinam
2859 468 3189 522 adoraturus
3224 480 3392 521 saera
3440 464 3677 518 Christi

2044 557 2264 612 Domini
2291 567 2680 625 monumenta;
2704 559 2832 612 hinc
2855 558 3178 628 perrexitad
3201 567 3465 610 montem
3492 553 3679 617 Sina,

2043 650 2098 703 in
2134 650 2294 718 cujus
2327 651 2644 714 solitudine,
2690 665 2754 704 ac
2786 652 2991 705 vertice
3038 649 3294 704 monachi
3340 648 3679 718 degebant,

2042 757 2278 811 quorum
2322 744 2490 798 vitam
2524 744 2824 814 angelicam
2854 744 3136 813 depingit;
3193 752 3310 797 tum
3344 750 3562 794 narrat
3612 751 3681 793 at

2046 833 2329 897 Saraceni,
2359 850 2484 889 cum
2516 850 2706 888 eorum
2735 834 2845 888 dux
2875 849 2905 888 e
2936 835 3045 887 vita
3077 833 3401 903 migrasset,
3432 830 3491 883 in
3519 830 3677 883 soli-

2045 927 2330 982 tudinibus
2353 926 2573 991 Getrab,
2603 925 2847 990 Chobar,
2883 936 2936 979 et
2959 924 3152 989 Cedar,
3179 924 3430 992 aliisque
3456 929 3678 975 sancto

2046 1018 2221 1072 monti
2256 1019 2543 1088 proximis,
2578 1018 2768 1073 obvios
2806 1032 3055 1087 quosque
3093 1016 3462 1085 peremerint,
3499 1028 3680 1067 cum-

2046 1125 2153 1179 que
2206 1110 2260 1164 in
2316 1119 2568 1165 sanctum
2618 1117 2859 1163 montem
2894 1116 3217 1178 pergerent,
3266 1107 3356 1160 cui
3414 1114 3679 1172 praeerat

2047 1204 2235 1268 Dulas,
2264 1202 2444 1257 dictus
2474 1202 2545 1256 ob
2576 1201 3052 1256 mansuetudinem
3088 1198 3302 1270 Moyses
3350 1199 3412 1251 in
3461 1195 3669 1260 Turri,

2047 1296 2236 1349 oborta
2273 1294 2456 1365 subito
2487 1293 2703 1349 ﬂamma
2747 1309 2870 1349 cum
2908 1291 3057 1347 fumo
3086 1292 3279 1345 terruit
3321 1288 3627 1343 Barbaros
3650 1328 3668 1351 ,

2047 1387 2141 1456 qui
2181 1388 2249 1441 ab
2280 1387 2496 1456 incepto
2534 1386 2860 1441 deStiterunt
2886 1384 3113 1449 itinere;
3169 1390 3294 1452 post
3323 1396 3531 1436 eorum
3570 1396 3670 1434 re-

2047 1494 2264 1534 cessum
2290 1480 2477 1533 exiens
2499 1493 2530 1533 e
2553 1477 2715 1532 Turri
2746 1476 2913 1531 Dulas
2941 1491 3066 1531 cum
3096 1474 3411 1536 monachis,
3446 1473 3670 1539 reperit

2048 1573 2270 1641 triginta
2293 1579 2419 1625 octo
2440 1571 2740 1625 monachos
2765 1569 2999 1632 occisos,
3030 1583 3063 1623 e
3084 1567 3292 1637 quibus
3344 1564 3665 1620 duodecim

2050 1662 2104 1717 in
2141 1662 2341 1718 Getrab
2389 1663 2723 1718 monasterio
2766 1661 3051 1732 jacebant,
3079 1668 3130 1714 et
3160 1658 3369 1729 passim
3402 1655 3665 1725 dispersi

349 1752 498 1805 ἄλλοι
543 1753 709 1822 μέσον
756 1753 1038 1822 ἐκόπησαν
1080 1774 1095 1790 ο
1122 1753 1213 1816 οὒς
1242 1752 1447 1821 ἔθαψαν
1471 1752 1521 1803 οἱ
1550 1751 1646 1804 δύο
1680 1751 1936 1821 μοναχοὶ,

2070 1752 2159 1818 ιιὶἰ,
2192 1753 2466 1822 spirantes
2502 1763 2768 1822 praeterea
2826 1752 3001 1816 duos,
3043 1749 3285 1804 Sabbam
3324 1747 3553 1802 scilicet
3592 1762 3665 1801 ac

349 1842 418 1895 τὰ
448 1843 578 1913 περὶ
599 1843 778 1899 αὐτῶν
804 1845 1052 1908 εἰπόντες
1074 1861 1086 1873 ·
1120 1844 1172 1898 id
1203 1853 1287 1898 est
1315 1886 1328 1898 .
1369 1842 1557 1897 Multis
1584 1855 1706 1896 ante
1748 1856 1947 1913 tempo-

353 1936 497 1987 ribus
556 1936 777 2006 (scilicet
826 1937 1135 2005 priusquam
1185 1935 1550 1988 occiderentur
1583 1952 1616 1988 a
1680 1934 1935 1989 Barbaris

354 2026 628 2079 Blemmiis
674 2027 918 2080 vocitatis
964 2027 1059 2080 sub
1099 2025 1389 2079 Theodosio
1428 2026 1494 2078 A.
1537 2026 1799 2091 monachi,
1829 2040 1947 2078 cum

356 2117 544 2188 quibus
580 2128 692 2171 erat
730 2117 937 2185 Nilus),
965 2120 1060 2171 sub
1102 2119 1318 2185 imperio
1348 2118 1673 2171 Diocletiani
1700 2118 1946 2186 Augusti,

353 2222 402 2263 et
451 2211 604 2264 Petro
648 2211 987 2265 Alexandria:
1033 2212 1423 2281 archiepiscopo
1466 2219 1589 2267 cwsi
1637 2212 1869 2280 fuerunt,
1901 2219 1951 2264 et

358 2304 455 2356 ulli
507 2304 854 2373 tranquillam
898 2305 1063 2357 vitam
1124 2303 1384 2371 degentes,
1438 2312 1487 2357 et
1532 2304 1634 2370 ipsi
1669 2318 1869 2372 quoque
1897 2303 1951 2354 in

360 2394 490 2449 Sina
552 2408 743 2450 monte.
802 2394 1018 2463 Eqressi
1057 2397 1251 2448 etenim
1312 2396 1403 2463 qui
1452 2405 1500 2449 et
1523 2396 1761 2447 habitant
1796 2410 1953 2464 prope

360 2481 493 2537 Sina
526 2496 751 2539 montem
792 2484 1071 2551 Saraceni,
1105 2496 1311 2539 mortuo
1342 2489 1579 2556 ipsorum
1616 2487 1782 2541 tribus
1815 2504 1952 2550 prte-

362 2575 517 2642 l'ecto,
565 2574 821 2643 plurimos
862 2575 1198 2628 trucidarunt
1236 2575 1603 2629 exercitationi
1650 2575 1955 2628 monasticae

360 2667 610 2727 deditas;
653 2666 867 2732 reliquis
921 2675 1096 2721 autem
1123 2667 1179 2720 in
1227 2669 1571 2720 munitionem
1604 2665 1953 2735 profugienti-

366 2760 482 2821 bus,
537 2759 650 2811 visa
704 2759 807 2828 fuit
849 2758 1130 2813 Saracenis
1170 2760 1392 2827 ﬂamma
1432 2762 1734 2812 universum
1765 2757 1957 2809 ambu-

366 2866 482 2903 wns
518 2860 768 2913 montem,
804 2866 967 2921 eaque
1006 2851 1075 2903 ad
1118 2850 1305 2903 caelum
1339 2866 1501 2920 usque
1531 2849 1857 2919 assurgebnt.
1894 2846 1958 2901 Id

368 2943 597 2995 ridentes
628 2940 884 2996 Saraceni
931 2943 1312 3004 extimuerunt,
1362 2954 1411 2996 et
1474 2943 1585 2996 suis
1646 2943 1810 2995 armis
1859 2940 1959 2994 ab-

356 3035 513 3104 jr-ctis
555 3036 896 3105 aufugerunt.
941 3036 1046 3100 Qui
1093 3050 1211 3088 vero
1272 3036 1502 3104 primum
1556 3034 1714 3087 occisi
1745 3034 1959 3102 fuerunt

371 3126 589 3195 triginta
628 3137 742 3181 octo
790 3136 961 3193 erant,
987 3128 1145 3181 variis
1197 3128 1496 3181 vulneribus
1544 3128 1738 3179 concisi
1763 3127 1873 3180 suis
1904 3126 1960 3178 in

370 3217 696 3287 corporibus.
782 3218 865 3273 Ea:
918 3220 999 3274 his
1043 3236 1202 3288 porro
1250 3219 1354 3273 duo
1416 3220 1517 3273 rivi
1569 3220 1958 3289 superfuerunt,

369 3310 577 3364 Subbas
624 3322 671 3364 et
731 3310 922 3365 Esaias
950 3327 967 3364 :
1000 3312 1288 3381 interfectis
1316 3320 1494 3364 autem
1520 3310 1837 3381 quibusdam
1864 3327 1959 3363 ra-

365 3412 462 3470 put
518 3405 725 3470 penitus
779 3413 855 3458 est
886 3413 1244 3472 amputatum,
1277 3404 1577 3474 aliquorum
1608 3418 1725 3456 vero
1758 3417 1825 3458 ea:
1851 3418 1963 3456 una

365 3506 518 3562 parte
549 3496 684 3550 cutis
736 3496 1089 3563 retinebatur,
1135 3497 1261 3551 aliis
1312 3497 1598 3549 dimidium
1632 3496 1958 3552 exciderant.

374 3587 477 3641 Eos
511 3588 824 3654 sepelierunt
871 3590 974 3642 duo
1005 3589 1272 3655 monachi,
1310 3590 1402 3659 qui
1439 3589 1687 3642 dixerunt
1709 3605 1961 3659 quazcun-

365 3664 469 3749 que
493 3680 601 3733 illis
645 3682 993 3748 contigerunt.
1058 3682 1381 3737 Ammonius
1412 3682 1718 3754 presbyter,
1760 3695 1814 3738 et
1844 3697 1964 3738 mo-

368 3772 581 3825 nachus
616 3771 925 3842 Egyptius,
961 3788 1027 3826 ac
1058 3784 1262 3844 martyr
1293 3790 1417 3829 cum
1446 3784 1638 3830 sancto
1664 3774 1830 3830 Petro
1849 3776 1965 3845 epi-

367 3882 558 3933 scopo,
596 3876 758 3934 atque
806 3876 1046 3937 martyre
1075 3868 1472 3931 Alexandrino,
1493 3884 1560 3923 ex
1595 3870 1835 3925 Eusebio
1863 3870 1960 3925 lib.

374 3974 494 4022 uit,
518 3974 567 4012 c.
592 3960 624 4013 9
656 3959 796 4013 Hist.
826 3961 1034 4025 eccles.,
1059 3960 1219 4029 cujus
1251 3961 1574 4032 martyrium
1607 3961 1798 4017 Latine
1824 3961 1962 4017 ll.P.

371 4049 697 4108 Frauciscus
729 4053 1000 4108 Combetis
1031 4054 1466 4119 laudatissimus,
1498 4063 1554 4109 et
1590 4054 1799 4109 Gallice
1829 4053 1964 4108 R.P-

372 4142 630 4197 Nicolaus
691 4141 765 4196 Le
833 4143 1012 4197 Sueur
1082 4143 1534 4198 accuratissimus
1589 4143 1967 4208 reddiderunt,

370 4235 534 4288 ambo
588 4234 831 4303 ejusdem
890 4234 1101 4289 ordinis
1131 4253 1144 4289 ε
1184 4235 1535 4299 Ammonius,
1568 4234 1816 4304 inquam,
1851 4234 1967 4289 for—

377 4321 539 4376 tassis
596 4322 705 4388 ille,
754 4322 913 4392 cujus
962 4326 1202 4378 animam
1251 4325 1304 4378 in
1360 4325 1556 4379 cmlum
1608 4325 1808 4379 deferri
1836 4323 1971 4378 vidit

375 4419 602 4465 sanctus
634 4410 929 4476 Antonius,
961 4428 992 4468 e
1022 4428 1215 4469 sancto
1246 4415 1543 4471 Athanasio
1566 4415 1733 4487 680
1764 4415 1817 4468 in
1842 4415 1962 4484 ejus

378 4501 523 4567 Vita,
565 4512 619 4558 et
655 4504 877 4569 Suidas,
916 4522 1072 4576 aeque
1110 4506 1242 4562 Vitis
1272 4507 1493 4563 Patrum
1522 4550 1536 4575 ,
1578 4525 1632 4578 p.
1670 4508 1793 4571 150,
1835 4523 1959 4562 car-

378 4596 495 4650 din.
534 4596 805 4652 Baronius
847 4598 901 4652 in
942 4598 1327 4671 Martyrologio
1376 4600 1536 4656 Rom.
1581 4600 1650 4655 ad
1693 4599 1964 4654 Kalendas

380 4686 740 4759 Septembris,
776 4690 1008 4745 istorum
1031 4693 1422 4746 monachorum
1471 4693 1670 4747 caedem
1708 4692 1964 4763 {Egyptia

379 4779 587 4851 lingua,
622 4792 933 4837 enarratam
966 4784 1069 4838 sibi
1110 4785 1179 4838 ab
1213 4784 1393 4839 Sahba
1431 4794 1483 4840 et
1540 4784 1678 4839 Isaia
1702 4825 1717 4851 ,
1757 4783 1966 4838 descri-

381 4874 523 4943 psit;
561 4873 836 4927 inventam
872 4891 1001 4930 vero
1031 4874 1317 4930 Naucrataz
1346 4879 1430 4946 (ea
1465 4877 1597 4931 urbs
1631 4885 1733 4941 est,
1767 4891 1887 4946 quae
1914 4887 1969 4931 et

384 4963 693 5028 Naucratis,
736 4965 790 5017 in
824 4963 1063 5036 Egypto
1098 4967 1338 5021 Pollucis
1385 4966 1759 5037 grammatici,
1808 4968 1968 5036 cujus

383 5067 469 5112 est
497 5059 872 5113 Onomasticon
900 5058 1137 5115 dicatum
1173 5060 1484 5128 imperatori
1519 5060 1842 5123 Commodo,
1868 5061 1970 5115 sub

384 5165 496 5219 quo
531 5150 619 5205 ille
651 5150 855 5217 floruit,
885 5160 941 5206 et
984 5168 1183 5208 nonius
1216 5154 1647 5208 mediterraneus
1681 5154 1823 5208 intra
1847 5152 1970 5208 Del-

389 5252 497 5297 tam
534 5244 603 5299 ab
654 5261 716 5299 ea
766 5254 1115 5316 nuncupatur
1160 5254 1215 5301 et
1260 5248 1463 5301 ostium
1528 5246 1673 5311 Nili,
1730 5246 1876 5316 quod
1919 5254 1973 5301 et

391 5337 750 5408 Canopicum.
783 5338 980 5405 Plinio,
1021 5340 1300 5406 Straboni,
1335 5352 1390 5396 et
1427 5342 1703 5411 Stephano
1736 5340 1973 5395 auctori-

394 5431 528 5499 lius)
570 5432 991 5502 descriptionem
1024 5434 1165 5489 hanc
1193 5435 1335 5504 apud
1364 5436 1749 5489 anachoretam
1781 5448 1975 5503 quem-

399 5523 525 5577 dam
551 5522 789 5581 Joannes
814 5529 1099 5599 presbyter
1120 5528 1305 5584 Grazce
1325 5531 1510 5584 vertit.
1531 5528 1623 5584 llle
1653 5528 1975 5583 Ammonius

401 5611 656 5668 cellulam
710 5617 947 5672 habebat
994 5618 1048 5673 in
1097 5620 1353 5691 Canopo;
1410 5633 1493 5677 est
1548 5622 1650 5676 hoc
1715 5620 1977 5690 Oppidum

410 5701 635 5774 Egypti
657 5706 801 5763 haud
826 5710 1017 5778 procul
1044 5711 1112 5767 ab
1138 5709 1491 5781 Alexandria,
1513 5722 1567 5771 et
1589 5712 1803 5784 fugiens
1830 5720 1977 5767 atro-

2048 1846 2266 1909 lsaiam,
2301 1863 2331 1901 e
2352 1847 2554 1915 quibus
2584 1845 2719 1901 obiit
2745 1844 2915 1900 Isaias
2944 1843 3264 1905 confestim,
3312 1850 3370 1896 at
3397 1840 3661 1905 Sabbas,

2044 1955 2172 1994 cum
2201 1940 2411 1994 cladem
2442 1938 2831 2003 recensuisset,
2869 1938 2951 1992 sic
2973 1950 3194 2007 quoque
3231 1934 3487 1990 decessit
3515 1949 3663 2004 qna-

2048 2032 2301 2100 draginta
2324 2038 2447 2101 post
2471 2031 2612 2096 dies,
2646 2030 2720 2084 ita
2749 2038 2809 2084 ut
2832 2028 3314 2101 quadragesimum
3344 2042 3657 2081 numerum

2050 2123 2445 2178 monachorum
2486 2138 2753 2179 caesorum
2801 2122 3166 2192 impleverim,
3201 2131 3254 2174 et
3300 2120 3421 2174 haec
3459 2120 3659 2173 omnia

2050 2216 2345 2287 contigisse
2413 2216 2649 2271 allirmat
2728 2216 2817 2270 die
2882 2215 3122 2269 secunda
3185 2214 3397 2267 mensis
3484 2211 3656 2282 Tybi,

2051 2323 2175 2378 qua:
2205 2317 2557 2378 computatur
2579 2308 2648 2362 ab
2681 2306 2951 2378 .‘Egyptiis
2982 2306 3050 2359 14
3077 2303 3343 2359 Januarii.
3375 2302 3662 2371 Adjungit

2054 2400 2144 2453 hie
2174 2398 2502 2453 Ammonius
2529 2407 2772 2467 stragem
2806 2397 2967 2451 aliam
3002 2396 3111 2451 sibi
3147 2394 3217 2448 ab
3240 2394 3415 2447 altero
3454 2380 3659 2445 narra-

2057 2501 2164 2546 tam
2201 2493 2492 2555 monacho,
2530 2492 2625 2560 qui
2654 2490 2886 2556 viderat,
2930 2498 2986 2543 et
3009 2486 3355 2557 confugerat.
3380 2486 3592 2540 editam
3624 2502 3655 2537 a

2055 2586 2351 2651 Barbaris,
2414 2585 2817 2639 monachorum
2873 2584 2929 2636 in
2983 2581 3279 2635 solitudine
3323 2577 3537 2633 Baithu
3597 2578 3655 2631 in

2054 2678 2255 2732 Arabia
2305 2676 2535 2742 Petraea,
2574 2675 2868 2730 Ptolemaeo
2898 2671 3153 2733 Ratheni,
3204 2670 3321 2726 sive
3354 2681 3418 2724 ut
3452 2669 3512 2722 in
3548 2668 3656 2721 Ba-

2058 2773 2166 2829 silii
2198 2771 2503 2837 Menologio
2537 2771 2759 2841 legitur,
2795 2772 2923 2823 etin
2952 2767 3231 2831 Romano,
3278 2766 3335 2819 in
3386 2763 3654 2835 :Egypto,

2060 2868 2186 2933 quia
2219 2866 2324 2920 sita
2350 2873 2435 2919 est
2471 2864 2524 2918 in
2573 2863 2712 2917 mari
2766 2862 2973 2925 Rubro,
3030 2875 3125 2916 seu
3174 2860 3244 2913 ad
3287 2858 3447 2913 littus
3482 2857 3657 2911 maris

2060 2959 2257 3021 Rubri,
2290 2966 2353 3012 ut
2381 2956 2498 3011 vult
2536 2956 2597 3010 P.
2631 2954 2970 3025 Augustinus
3008 2952 3281 3015 Lubinus,
3317 2950 3649 3020 probatque,

1984 3072 2029 3132 α
2061 3050 2328 3107 referente
2346 3048 2579 3102 Domino
2617 3046 2878 3101 Michaele
2908 3045 3145 3100 Antonio
3170 3042 3489 3105 Baudrand,
3525 3056 3653 3112 geo-

2067 3144 2276 3214 grapho
2328 3140 2660 3211 peritissimo
2702 3138 2758 3191 in
2814 3136 3035 3193 chico.
3080 3136 3157 3191 Ea
3209 3135 3453 3190 solitudo
3488 3149 3542 3189 c.
3581 3148 3654 3186 xv

2066 3234 2242 3290 Exodi
2302 3242 2532 3288 vocatur
2582 3230 2749 3295 Elim,
2790 3228 3001 3298 fuitque
3029 3227 3271 3283 secunda
3308 3227 3517 3289 statio,
3554 3240 3653 3279 seu

2068 3327 2284 3381 mansio
2320 3322 2698 3381 Hebraeorum,
2729 3320 2821 3374 ubi
2850 3329 3006 3374 erant
3038 3317 3332 3373 duodecim
3363 3315 3565 3374 fontes.
3596 3324 3653 3370 et

2069 3415 2414 3485 septuaginta
2450 3414 2684 3482 palmae,
2734 3425 2857 3480 quin
2905 3418 3300 3464 succreverunt
3340 3408 3396 3460 in
3422 3408 3639 3471 silvam,

2070 3507 2163 3561 tibi
2211 3506 2426 3577 Moyses
2476 3504 2801 3567 monachus,
2834 3502 3064 3572 ejusque
3106 3500 3415 3569 discipulus
3445 3499 3646 3563 Psoes,

2068 3609 2125 3655 et
2168 3598 2368 3669 Joseph
2421 3597 2687 3667 Ephesius
2732 3596 2873 3650 mira
2923 3603 3209 3664 patrarunt
3257 3608 3449 3662 opera.
3493 3595 3553 3645 In
3588 3608 3649 3646 ea

2069 3700 2377 3748 tercentum
2434 3689 2727 3758 Blemmyas
2778 3686 3083 3741 transvecti
3131 3700 3270 3739 nave
3316 3686 3387 3738 ad
3431 3685 3646 3748 Clisma,

2070 3798 2194 3854 quae
2231 3799 2328 3836 arx
2366 3791 2451 3836 est
2485 3779 2749 3840 Arabum,
2791 3776 3266 3845 exaEthiopibus,
3306 3786 3361 3829 et
3396 3775 3489 3829 Ela
3520 3775 3667 3841 urbe,

2070 3872 2285 3926 Arabirc
2304 3868 2547 3932 Petram,
2568 3869 2661 3923 ubi
2694 3868 2822 3922 olim
2852 3868 2995 3937 legio
3033 3866 3285 3921 Romana
3316 3866 3643 3928 subsidebat,

2073 3961 2351 4031 Stephano
2409 3968 2546 4014 teste
2594 3958 2673 4013 De
2717 3958 2977 4023 urbibus,
3038 3959 3318 4011 irruentes
3395 3955 3644 4010 fuderunt

2073 4055 2423 4119 Pharanitas,
2461 4052 2557 4122 qui
2598 4066 2719 4107 sese
2770 4052 3090 4116 tuebantur,
3138 4066 3265 4105 cum
3321 4049 3644 4119 refugissent

2073 4150 2214 4202 intra
2248 4158 2466 4209 murum
2515 4140 2687 4197 Paulo
2727 4141 2933 4197 Petraeo
2966 4142 3109 4197 duce
3134 4153 3302 4210 atque
3348 4144 3636 4203 hortatore,

2074 4247 2129 4293 et
2191 4237 2303 4291 illic
2369 4235 2628 4289 obsessos
2698 4234 3134 4299 interemerunt,
3222 4243 3279 4288 et
3341 4232 3639 4300 Jeremiam,

2075 4330 2201 4384 dein
2278 4328 2459 4396 ipsum
2529 4324 2780 4379 Paulum.
2835 4326 2929 4379 Ille
2982 4325 3329 4392 monachus,
3417 4326 3507 4395 qui
3556 4341 3641 4379 ex-

1992 4422 2383 4494 Dploraverat
2444 4418 2591 4481 ista,
2644 4432 2768 4472 sese
2818 4416 3106 4472 abscondit
3154 4417 3257 4473 sub
3308 4417 3497 4481 ramis‘,
3541 4417 3639 4485 pal-

2061 4526 2317 4575 marum,
2390 4507 2640 4577 viditque
2714 4508 2934 4563 latitans
3010 4507 3367 4562 Salatbielem
3437 4508 3633 4571 occidi;

2060 4601 2222 4672 681
2294 4614 2532 4669 cumque
2591 4598 2819 4652 Barbari
2877 4598 3124 4668 receptui
3191 4608 3453 4653 canentes
3507 4600 3637 4652 edita

2064 4699 2246 4760 strage
2296 4688 2736 4753 monachorum,
2795 4702 2985 4742 navem
3048 4702 3159 4741 non
3225 4688 3576 4749 invenissent,
3610 4704 3635 4741 a

2066 4781 2340 4838 sexcentis
2391 4780 2705 4834 Pharanitis
2740 4780 2808 4834 ad
2852 4796 3021 4834 unum
3075 4782 3255 4835 necati
3308 4791 3480 4836 sunt:
3521 4791 3637 4835 tunc

2066 4889 2361 4943 erumpens
2408 4872 2512 4928 iste
2554 4873 2881 4928 Ammonius
2938 4875 3241 4927 monachos
3288 4888 3462 4928 caesos
3505 4889 3638 4927 com-

2067 4967 2209 5037 perit
2259 4965 2327 5020 39
2377 4972 2432 5019 et
2485 4965 2968 5035 quadragesimum
3024 4966 3330 5028 Domuum,
3389 4965 3482 5033 qui
3526 4979 3635 5018 mox

2069 5058 2311 5114 animam
2357 5057 2672 5122 exhalavit;
2717 5056 2951 5110 Andreae
2981 5056 3205 5126 quidem
3238 5056 3488 5119 vulnera,
3526 5056 3633 5123 quia

2069 5167 2184 5207 non
2213 5160 2372 5206 erant
2421 5149 2601 5204 letalia
2622 5188 2637 5211 ,
2673 5149 2896 5203 fuerunt
2923 5158 3139 5216 curata,
3167 5158 3222 5203 et
3257 5146 3425 5202 Orion
3458 5148 3634 5201 illaesus

2071 5244 2444 5314 deprehensus
2495 5244 2830 5313 supervixit,
2887 5259 2953 5298 ac
3004 5257 3115 5297 una
3167 5256 3293 5295 cum
3348 5238 3631 5301 Obediene,

2034 5356 2037 5361 ·
2073 5347 2239 5408 atque
2276 5335 2611 5406 primoribus
2645 5337 3107 5398 Pharanitarum.
3157 5349 3388 5403 corpora
3425 5334 3631 5403 quadra-

2077 5432 2225 5502 ginta
2254 5430 2441 5486 itidem
2480 5432 2873 5487 monachorum
2910 5428 3228 5484 Cliristiano
3253 5429 3365 5482 ritu
3400 5426 3632 5494 gestando

2078 5524 2306 5594 palmas,
2348 5524 2690 5594 hymnosque
2720 5523 3083 5586 concinendo,
3122 5522 3456 5575 tumularunt
3480 5538 3493 5575 :
3519 5518 3631 5571 inibi

2081 5629 2263 5671 autem
2319 5616 2676 5685 perstiterunt
2728 5615 3020 5684 religiosus
3068 5612 3335 5672 Obedicn.
3392 5622 3445 5665 et
3468 5609 3630 5672 Orion,

2084 5726 2150 5767 ac
2196 5710 2463 5766 Andreas.
2520 5708 2720 5766 Verum
2776 5723 2901 5764 cum
2952 5709 3055 5766 ista
3104 5706 3414 5763 rescivisset
3454 5704 3633 5758 abillo
