3816 6220
101 271 231 335 1409

1415 270 1511 328 DE
1534 269 1707 329 ΥΙΤᾹ
1751 270 1809 326 S.
1852 269 2016 329 NIH

3218 270 3356 334 1410

94 392 362 449 monacho
390 390 639 460 profugo,
678 398 733 445 et
769 389 1033 460 αὑτόπτῃ.
1068 388 1119 441 i.l
1156 394 1271 453 est,
1300 386 1393 456 qui
1422 386 1661 454 propriis
1696 397 1733 446 Α
1766 384 2052 440 clterrimos
2096 385 2511 440 Commentarios
2566 388 2879 456 composuit,
2931 389 3023 457 qui
3054 387 3123 441 ad
3155 390 3360 443 exerci-

93 488 258 541 oculis
309 484 539 547 viderat,
587 483 914 537 Ammonius
965 482 1019 535 itt
1060 480 1351 550 JEgyptum
1396 478 1465 532 ad
1512 488 1671 547 tugu-

93 583 226 631 rium
271 593 435 632 suutn
484 590 737 631 reversus
784 583 889 639 est,
940 583 996 629 et
1046 572 1301 643 Egyptio
1347 569 1671 638 conscripsit

96 672 380 731 idiomate,
443 668 672 735 ejusque
746 666 901 734 λόγος
962 668 1029 720 de
1094 666 1198 718 ista
1259 664 1405 717 caede
1478 676 1670 716 versus

93 760 285 821 (insece,
321 769 381 813 ut
424 759 657 812 iudicavi
698 774 728 811 a
787 758 844 812 P.
895 758 1167 812 Combelis
1217 755 1403 811 Grzece
1456 755 1673 809 Latine-

91 868 188 919 que
220 850 447 904 Parisiis
490 850 670 903 editus
720 849 822 902 fuit
863 865 1009 904 anno
1055 848 1190 903 1660
1219 850 1273 903 in
1305 859 1518 913 octavo,
1554 859 1607 903 et
1640 864 1671 903 a

92 943 145 997 Ρ.
186 942 257 996 Le
290 945 475 996 Sueur
504 941 710 997 Gallice
742 942 975 1008 ibidem,
1020 942 1323 1011 eodemque
1351 957 1498 994 anno
1526 956 1557 996 e
1581 957 1673 995 co-

92 1036 299 1089 dicibus
330 1035 726 1104 manuscriptis
756 1034 948 1104 Regio,
996 1033 1327 1099 Mazzarino,
1359 1045 1412 1088 et
1452 1036 1675 1105 Seguie—

94 1128 238 1179 riano
273 1138 397 1195 post
425 1128 559 1181 Acta
605 1134 920 1180 sanctorum
973 1124 1270 1190 Eustachii,
1303 1140 1398 1179 seu
1444 1126 1672 1189 Placidi,

93 1228 140 1269 et
165 1218 517 1285 ’l‘heopistes,
571 1219 685 1271 sive
724 1216 965 1271 Tatiante
991 1216 1259 1285 conjugis,
1288 1225 1341 1270 et
1375 1214 1673 1270 Laudatio-

95 1326 207 1363 nem
267 1309 474 1364 Niceta:
522 1308 892 1379 Paphlagonis
943 1308 1227 1362 insertam.
1282 1306 1476 1377 lncipit
1518 1308 1675 1375 λόγος

93 1405 390 1468 Ammonii,
452 1403 700 1471 Ἐγένετό
759 1420 884 1473 μοι,
942 1403 1277 1472 desinitque,
1356 1402 1435 1471 τῷ
1498 1404 1677 1472 ἁμαρ-

92 1491 257 1561 τωλῷ.
358 1491 805 1563 Martyrologium
884 1491 1189 1545 Romanum
1269 1492 1358 1545 die
1442 1493 1506 1546 l4
1586 1492 1676 1547 Ja-

94 1586 260 1638 nuarii
328 1585 446 1639 ltaac
497 1586 696 1639 habet:
763 1605 780 1636 ι
829 1584 887 1637 ln
942 1593 1125 1639 monte
1182 1584 1309 1638 Sina
1361 1595 1674 1639 sanctorum

98 1678 307 1745 triginta
347 1687 472 1731 octo
517 1678 907 1732 monachorum
942 1695 972 1731 a
1022 1678 1313 1732 Saracenis
1361 1679 1432 1731 ob
1470 1678 1671 1733 Christi

96 1768 241 1822 ﬁdem
282 1768 722 1824 interfectorum.
765 1769 825 1823 In
855 1769 1168 1840 AEgyptoin
1219 1770 1401 1823 Raithi
1453 1772 1673 1839 regione

96 1871 399 1916 sanctorum
447 1878 579 1916 xutt
626 1863 1055 1927 monachorum,
1104 1864 1197 1933 qui
1233 1878 1331 1933 pro
1362 1862 1671 1918 Christiana

95 1953 345 2023 religione
393 1970 424 2008 a
480 1954 762 2008 Blemtniis
807 1956 976 2021 occisi
1036 1967 1204 2019 sunt;
1245 1975 1263 2007 ι
1320 1957 1394 2009 ibi
1450 1965 1559 2009 tam
1619 1957 1671 2009 in

95 2056 265 2100 monte
293 2044 426 2100 Sina
446 2086 462 2110 ,
484 2062 645 2117 quam
676 2049 729 2100 in
761 2046 944 2101 Raithi
989 2050 1337 2119 reponendus
1368 2058 1451 2104 est
1480 2064 1672 2103 nume-

95 2151 181 2190 rus
221 2139 582 2208 quadraginta
634 2141 1065 2203 monachorum,
1124 2150 1184 2195 ut
1212 2150 1427 2196 constat
1474 2158 1505 2197 e
1543 2158 1672 2197 nar—

94 2228 292 2284 ratione
331 2231 727 2300 suprascripta,
774 2240 830 2287 et
880 2232 958 2287 sic
1000 2233 1065 2286 ad
1117 2234 1432 2304 octttaginta
1473 2250 1673 2289 nume-

94 2329 288 2374 rantur.
329 2321 575 2376 Meminit
614 2324 803 2378 Petrus
851 2322 927 2377 La
976 2322 1124 2378 Valle
1180 2325 1493 2379 monasterii
1545 2342 1671 2381 cum

93 2412 308 2467 ecclesia
339 2414 443 2468 sub
491 2414 645 2467 titulo
677 2414 1043 2485 Quadraginta
1092 2424 1389 2481 martyrum
1430 2416 1481 2468 in
1517 2414 1667 2482 Sina,

95 2512 217 2557 tom.
249 2504 289 2568 l,
331 2505 493 2575 epist.
527 2506 612 2569 ll,
647 2522 699 2575 p.
740 2506 863 2571 ‘287,
889 2509 1185 2573 primorum
1226 2508 1453 2572 scilicet,
1492 2511 1671 2577 quoad

95 2594 217 2649 mihi
262 2597 577 2666 conjectura
656 2598 781 2651 licet
848 2599 1089 2665 assequi.
1140 2599 1510 2652 Conlirmatur
1559 2600 1673 2655 haec

95 2688 334 2742 excursio
361 2688 462 2742 sub
508 2687 842 2742 Diocletiano
882 2691 1061 2742 verbis
1097 2688 1244 2743 hisce
1291 2689 1417 2752 Nili,
1457 2690 1669 2745 descri-

96 2776 256 2833 bentis
299 2794 441 2845 eam,
490 2794 611 2849 qua:
656 2779 757 2834 sub
802 2777 1135 2846 Theodosio,
1187 2781 1236 2834 id
1287 2791 1369 2835 est
1401 2798 1517 2835 aevo
1570 2797 1670 2836 suo

96 2871 279 2934 evenit,
310 2870 662 2942 ἀνῃρέθησαν
691 2872 749 2925 δὲ
777 2870 925 2925 ἄλλοι
964 2873 1071 2942 πρὸ
1111 2873 1371 2927 πλειόνων
1410 2872 1569 2935 ἐτῶν,
1616 2873 1670 2926 id

94 2972 187 3024 est,
236 2963 497 3033 interfecti
553 2979 672 3017 vero
723 2965 820 3017 alii
867 2964 1151 3030 (monachi
1204 2966 1497 3035 nimirum)
1544 2975 1669 3019 ante

1772 479 2024 533 tationem
2057 491 2357 549 prwparunt
2415 491 2465 535 et
2505 484 2983 545 conversationem;
3031 493 3081 535 et
3138 484 3363 552 captivi-

1772 578 1931 621 tatetn
1978 579 2027 623 et
2089 573 2281 625 credent
2315 582 2621 625 sanctorum
2666 573 2892 626 Patrum
2945 575 3242 644 descripsit.
3287 575 3362 629 lli

1770 665 1956 732 quippe
1993 667 2233 718 monachi
2264 669 2432 720 necati
2465 669 2678 737 fuerunt
2704 686 2735 720 a
2766 668 3040 730 Barbaris,
3083 688 3348 741 nuncupa-

1773 755 1839 806 tis
1869 754 2133 811 Blemmiis
2159 757 2222 810 ab
2255 758 2458 811 Arabia
2490 776 2652 829 usque
2677 761 2744 813 ιιιί
2782 759 3072 830 ίΕθῃριαιη
3126 773 3177 816 et
3212 781 3357 817 mure

1772 844 2029 910 Rubrum,
2081 849 2243 915 juxta
2269 849 2616 904 solitudinem
2660 853 3082 907 excurrentibus.
3136 855 3205 909 Et
3234 871 3358 909 cum

1773 935 1924 992 Nilus
1958 938 2072 1007 ipse
2102 941 2540 995 circumstantias
2575 957 2763 997 omnes
2796 945 3024 998 caedium
3047 984 3062 1006 ,
3112 962 3233 1014 qute
3262 962 3356 1000 ac-

1774 1032 2042 1097 ciderunt,
2075 1035 2201 1102 quia
2245 1044 2374 1089 tunc
2406 1036 2591 1088 aderat
2620 1036 2673 1088 in
2714 1035 2843 1090 Sina
2875 1046 3076 1104 monte,
3111 1053 3175 1092 ac
3203 1054 3361 1093 com-

1777 1125 2063 1190 miserans,
2099 1142 2191 1179 eas
2233 1128 2530 1195 spei-tabat,
2582 1129 3012 1199 nominatimque
3058 1131 3359 1185 monachos

1777 1213 2088 1271 interfectos
2118 1217 2325 1286 aliquot
2347 1233 2699 1279 enumerans,
2734 1228 2950 1290 tempus
2978 1236 3197 1291 quoque
3225 1223 3360 1291 adji-

1775 1308 1883 1360 ciat
1930 1308 2194 1362 decimam
2249 1320 2499 1378 quartam
2543 1311 2687 1365 diem
2736 1313 3014 1377 Januarii,
3069 1326 3125 1368 ttt
3175 1317 3358 1381 retuli,

1775 1398 2163 1468 adjungatqne,
2194 1401 2431 1466 πάντως
2461 1404 2569 1471 γὰρ
2592 1404 2714 1469 τοῖς
2739 1406 3065 1460 εὐλαϐέσιν
3103 1409 3140 1475 νὴ
3169 1408 3359 1476 μάθη-

1775 1507 1875 1556 σις
1903 1492 1997 1545 καὶ
2034 1493 2140 1545 τοῦ
2170 1496 2394 1561 χρόνου
2428 1494 2525 1546 καὶ
2554 1493 2674 1549 τῶν
2711 1497 3013 1565 ὀνομάτων
3032 1499 3360 1560 σπουδάζε-

1776 1599 1869 1635 ται
1888 1624 1904 1647 ,
1934 1585 2243 1637 κοινωνεῖν
2275 1586 2401 1650 ταῖς
2441 1585 2702 1653 μνήμαις
2739 1586 2859 1642 τῶν
2896 1590 3080 1659 ἁγίων
3110 1592 3357 1646 ἐθέλου-

1776 1686 1919 1725 σιν·
1971 1672 2197 1740 id‘est,
2256 1676 2466 1728 omnino
2516 1671 2736 1749 namque
2788 1697 2821 1734 a
2872 1680 3067 1735 devOIis
3118 1683 3355 1739 studiose

1775 1765 2032 1834 quaeritur
2063 1767 2286 1819 scientia
2322 1770 2565 1838 temporis
2628 1775 3017 1842 nominumque,
3062 1776 3353 1830 volentibus

1777 1857 2043 1927 tscilicet)
2099 1860 2473 1914 memoriarum
2530 1873 2834 1916 sanctorum
2882 1866 3000 1934 ﬁeri
3038 1868 3352 1936 participes;

1776 1964 1886 2005 tros
1942 1960 2151 2005 tantum
2193 1953 2438 2007 nominat
2478 1970 2669 2020 cazsos,
2701 1955 3041 2012 Theodotum
3075 1962 3355 2032 presbyte-

1775 2059 1919 2107 rum,
1954 2043 2206 2110 Paulum,
2238 2054 2292 2100 et
2318 2045 2606 2110 Joannem,
2649 2058 2834 2118 postea
2866 2051 3113 2123 nominat
3147 2066 3356 2123 septem

1774 2149 1828 2203 p.
1865 2136 1956 2202 87,
2002 2136 2201 2201 quibus
2232 2153 2261 2192 a
2317 2138 2376 2192 Ρ.
2426 2137 2501 2194 Le
2553 2138 2731 2194 Sueur
2786 2122 3012 2198 octavus
3051 2122 3358 2201 adnectitur

1775 2224 1948 2279 Isaac.
1983 2225 2039 2280 ld
2066 2242 2196 2283 vero
2220 2227 2456 2282 arbitror
2484 2231 2754 2297 evenisse,
2786 2234 2911 2302 quia
2945 2235 3037 2304 qtti
3071 2235 3349 2306 Martyrol.

1775 2316 2008 2374 Roman.
2062 2328 2459 2375 contexuerunt
2501 2321 2643 2375 diem
2697 2325 2989 2392 sepultura:
3037 2328 3352 2383 adnotatum

1774 2412 2059 2480 diligenter
2092 2414 2468 2475 observarunt,
2504 2413 2660 2484 isque
2690 2416 2953 2472 confusus
2987 2418 3082 2472 l‘nit
3116 2436 3239 2474 cum
3262 2437 3352 2486 eo,

1773 2519 1884 2571 quo
1909 2504 2012 2557 sub
2056 2503 2404 2567 Diocletiano,
2432 2514 2491 2558 ut
2518 2520 2647 2559 mox
2683 2509 3131 2575 memorabimus,
3158 2526 3186 2564 a
3219 2511 3355 2566 Bar-

1773 2596 1919 2650 baris
1949 2596 2111 2650 occisi
2134 2596 2353 2651 fuerunt
2379 2597 2467 2651 alii
2499 2599 2774 2663 monachi,
2802 2608 2854 2653 et
2886 2617 3014 2665 una,
3048 2603 3352 2674 eademque

1772 2688 2084 2742 celebritate
2116 2702 2419 2743 concursus
2451 2689 2610 2743 liebat
2640 2690 2706 2743 ad
2742 2690 2855 2745 loca
2890 2704 3186 2764 martyrum
3222 2696 3353 2750 isto-

1774 2795 1889 2831 rum
1937 2780 2201 2849 sanguine
2238 2780 2480 2849 perfusa,
2525 2781 2610 2836 vel
2651 2783 2877 2837 tumulis
2921 2786 3234 2851 nobilitata;
3286 2803 3355 2842 ne

1771 2871 1841 2939 pii
1878 2872 2110 2925 viatores
2146 2880 2368 2940 prapter
2404 2872 2700 2943 longinqua
2747 2875 3002 2929 itinerum
3037 2879 3209 2946 spatia
3253 2894 3354 2933 sa:-

1771 2964 1893 3032 pius
1935 2964 2296 3029 Iassarentur,
2345 2965 2489 3019 sicut
2531 2980 2561 3019 e
2592 2964 2715 3020 Nilo
2758 2968 2946 3033 retuli,
2980 2979 3033 3023 et
3069 2984 3099 3023 e
3136 2969 3355 3027 Menaais

96 3052 253 3117 plures
290 3070 478 3119 annos,
526 3071 761 3124 quorum
798 3057 1059 3110 memoria
1088 3056 1276 3111 eadem
1317 3058 1405 3111 die
1442 3058 1669 3128 (nempe
1697 3074 1738 3133 ο
1776 3057 1962 3125 liquet,
1997 3057 2328 3127 adnotatque
2366 3058 2657 3114 cardinalis
2712 3059 2995 3114 Baronius.
3024 3062 3147 3116 Dies
3169 3072 3352 3118 autem

96 3145 310 3210 septima
348 3154 471 3214 post
500 3146 879 3215 Epiphaniam,
912 3160 1007 3199 seu
1036 3146 1442 3214 decimaquarta
1464 3146 1668 3202 J:mua-

99 3236 184 3301 tit)
225 3238 548 3303 celebratur,
598 3254 665 3292 ne
692 3245 840 3291 tanta
882 3251 949 3290 ex
982 3236 1389 3306 intercapedine
1418 3239 1662 3292 crebrio-

98 3326 233 3381 ribus
259 3329 615 3384 conventibus
647 3329 935 3382 multitudo
963 3329 1177 3397 piorum
1226 3329 1508 3383 coolluens
1541 3330 1667 3383 l'ati-

98 3434 335 3489 garetur;
368 3425 462 3480 sed
504 3425 571 3479 de
603 3424 888 3486 Cassiano,
919 3434 973 3480 et
1006 3425 1244 3487 Thecue,
1292 3441 1356 3480 ac
1393 3427 1665 3498 ltaythuni

99 3518 331 3581 superius
371 3526 550 3571 actum
581 3526 663 3571 est
696 3518 888 3571 iterum
957 3518 1262 3585 iterumque
1320 3520 1569 3587 apposite
1597 3520 1664 3573 ad

99 3606 307 3669 primam
340 3608 498 3663 istam
525 3610 928 3672 excursionem,
963 3609 1067 3663 sub
1106 3625 1250 3663 anno
1281 3622 1462 3664 autem
1497 3611 1560 3665 C.
1591 3611 1660 3664 N.

99 3692 206 3751 303.
229 3698 510 3755 Miraberis
535 3710 736 3764 autem,
761 3701 904 3770 quod
932 3700 984 3752 in
1011 3698 1393 3770 Martyrologio
1412 3700 1662 3755 Romano

98 3788 157 3839 ad
185 3788 251 3843 28
277 3790 401 3845 Maii
442 3791 617 3845 locata
656 3791 728 3845 sit
778 3790 1015 3845 secunda
1062 3790 1306 3844 incursio
1350 3791 1455 3845 ista
1497 3789 1661 3844 Sara-

98 3890 339 3936 cenorum
373 3883 444 3938 ita
488 3893 746 3952 concepta
781 3898 794 3934 :
844 3899 862 3931 ε
889 3878 1109 3936 Thecue
1133 3881 1187 3935 in
1212 3880 1493 3936 Palaestina
1531 3898 1661 3937 san-

98 3976 290 4025 ctorum
315 3972 705 4026 monachorum
737 3981 1058 4039 martyrum,
1095 3973 1188 4039 qui
1220 3982 1460 4040 tempore
1492 3970 1663 4026 Theo-

96 4058 219 4113 dosii
247 4060 489 4117 Junioris
534 4076 567 4115 a
595 4060 878 4116 Saracenis
920 4061 1085 4116 occisi
1111 4068 1259 4124 sunt,
1296 4075 1530 4130 quorum
1568 4077 1658 4116 sa-

97 4168 207 4210 cras
229 4159 484 4228 reliquias
507 4159 703 4213 accola:
720 4157 1056 4227 colligentes,
1081 4172 1293 4211 summa
1311 4157 1659 4211 veneratione

100 4245 206 4302 illas
223 4250 548 4313 habuerunt,
573 4268 592 4301 ι
616 4265 741 4305 cum
772 4251 826 4303 in
858 4248 1160 4318 Menologio
1190 4247 1378 4304 Graeco
1415 4247 1658 4303 referan-

100 4347 175 4390 tur
225 4342 323 4397 iSta
374 4343 463 4397 die
517 4343 727 4396 decima
760 4351 955 4409 quarta
1007 4339 1253 4395 Januarii
1299 4336 1516 4396 εθῦτοι
1548 4342 1657 4394 τὸν

98 4431 416 4502 ἀσκητικὸν
430 4434 576 4498 βίον
604 4432 952 4498 ποθοῦντες,
974 4431 1123 4488 πᾶσι
1146 4431 1271 4499 τοῖς
1295 4433 1399 4486 τοῦ
1426 4434 1658 4500 κόσμου

97 4520 310 4587 χαίρειν
344 4524 634 4587 εἰπόντες,
667 4520 976 4586 κατῴκουν
999 4521 1113 4589 τὴν
1139 4521 1377 4590 ἔρημον.
1412 4522 1549 4575 Μεθ’
1572 4516 1659 4575 ὧν

99 4604 166 4675 ἦν
191 4614 221 4664 ὁ
241 4613 530 4682 μακάριος
546 4612 757 4679 Νεῖλος
778 4613 1041 4681 ἔπαρχος
1065 4612 1320 4682 γεγονὼς
1343 4617 1659 4667 Κωνσταν-

96 4710 504 4772 τινουπόλεως,
527 4710 561 4759 ό
582 4706 680 4759 καὶ
702 4705 949 4774 δυνάμει
977 4706 1184 4775 λόγου,
1211 4705 1311 4759 καὶ
1337 4706 1443 4760 τοῦ
1484 4706 1658 4776 ἁγίου

99 4796 421 4867 llr-stipator;
433 4797 650 4866 χάριτι,
671 4796 974 4851 κάλλιστα
1006 4796 1439 4866 συγγράμματα
1461 4798 1658 4864 ἐκθεὶς

97 4890 233 4956 πρὸς
260 4894 423 4963 682
449 4891 720 4959 ἄσκησιν
748 4891 1157 4959 ἐπαλείφοντα
1179 4891 1277 4945 καὶ
1307 4891 1423 4958 τὴν
1450 4892 1657 4961 διαγω-

96 4979 217 5047 γὴν.
247 4987 341 5039 καὶ
369 4985 802 5054 αἰχμαλωσίαν,
840 4984 939 5037 καὶ
966 4985 1279 5050 ἀναιζοεσιν
1306 4984 1426 5038 τῶν
1471 4988 1659 5040 ὁσίων

97 5072 353 5142 Πατέρων
376 5077 602 5130 τούτων
623 5073 975 5144 διαγράψας.
1005 5070 1181 5129 Οὗτοι
1220 5075 1332 5145 γὰρ
1368 5075 1658 5145 ἀνῃρέθη-

98 5177 205 5213 σαν
238 5168 353 5221 ὑπὸ
384 5166 502 5221 τῶν
523 5165 844 5235 βαρϐάρων
873 5165 1063 5218 ὄντων
1104 5167 1446 5234 λεγομένων
1466 5170 1656 5235 Blep-

94 5255 267 5323 μύων,
294 5260 412 5313 ἀπὸ
453 5259 718 5328 Ἀραϐίας
760 5256 871 5323 ἕως
896 5258 1197 5326 Αἰγύπτου
1218 5258 1315 5310 καὶ
1339 5257 1655 5325 θαλάσσης

109 5342 373 5416 Ἐρυθρᾶς
401 5348 551 5403 κατὰ
579 5348 695 5418 τὴν
729 5348 953 5417 ἔρημον
987 5349 1498 5417 παρατεταμένων·
1551 5348 1655 5403 Isti

99 5434 429 5496 desiderantes
487 5444 648 5496 vitam
702 5441 1092 5495 exercitationis
1146 5443 1468 5507 monastica’,
1527 5459 1655 5495 cun—

99 5529 182 5579 rtis
216 5536 391 5588 mundi
430 5535 581 5588 rebus
623 5533 986 5597 valedicentes,
1026 5532 1333 5585 habitarunt
1374 5535 1428 5586 in
1462 5534 1653 5587 solitu-

100 5616 223 5685 dine,
258 5642 370 5678 cum
401 5628 588 5696 quibus
614 5635 726 5679 erat
756 5625 938 5677 beatus
976 5621 1156 5686 Nilus,
1180 5623 1269 5690 qui
1294 5632 1343 5674 et
1395 5624 1445 5675 vi
1476 5625 1654 5692 copia-

99 5720 183 5771 ιΙιιε
213 5713 431 5784 dicendi,
459 5727 507 5774 et
538 5717 709 5772 sancti
742 5715 970 5785 Spiritus
1015 5715 1187 5785 gratia
1217 5715 1496 5782 prwditus,
1530 5716 1654 5784 pul-

1772 3152 2059 3219 sepulturte
2083 3151 2457 3204 universorum
2482 3167 2588 3205 non
2624 3153 2806 3206 statim
2838 3162 2959 3222 post
2989 3156 3191 3209 eaedem
3225 3155 3350 3223 fuit;

1770 3251 1924 3295 erant
1966 3242 2165 3311 quippe
2219 3243 2393 3308 sparsi
2444 3244 2591 3299 varia
2636 3259 2730 3313 per
2779 3246 2995 3311 tuguria
3048 3247 3270 3317 singuli,
3298 3258 3355 3304 et

1773 3346 1883 3388 tres
1914 3342 2120 3387 tantum
2162 3334 2228 3387 ad
2270 3334 2399 3388 Sina
2445 3334 2595 3389 fuere
2636 3337 2916 3401 trucidati,
2953 3339 3044 3391 alii
3082 3341 3269 3408 procul
3296 3342 3350 3397 in

1766 3427 1880 3481 suis
1921 3429 2167 3495 tuguriis,
2201 3444 2302 3483 nec
2346 3429 2698 3483 inverisimile
2730 3429 2945 3483 videtur
2970 3445 2999 3483 a
3035 3431 3125 3485 die
3166 3433 3229 3485 14
3263 3432 3353 3486 Ja-

1766 3518 1966 3583 nuarii,
1995 3518 2060 3571 ad
2104 3518 2246 3572 diem
2273 3519 2342 3572 28
2375 3517 2521 3580 Maii,
2562 3519 2919 3572 remotiorutn
2953 3519 3146 3574 funera
3178 3522 3352 3577 fuisse

1766 3615 2059 3673 protracta,
2094 3606 2146 3659 in
2178 3607 2557 3675 perquirendis
2586 3608 2731 3661 enim
2759 3609 3102 3678 corporibus,
3127 3618 3182 3664 et
3200 3626 3352 3666 com-

1763 3697 2074 3763 portandis,
2132 3697 2451 3751 diuturnum
2516 3709 2899 3765 consumptum
2964 3709 3049 3753 est
3096 3709 3349 3770 tempus,

1763 3802 1862 3841 nec
1895 3795 2069 3841 tutum
2111 3797 2227 3841 erat
2255 3802 2320 3841 eo
2369 3803 2595 3843 munere
2639 3788 2929 3844 defunctos
2975 3792 3252 3859 prosequi,
3294 3800 3353 3847 et

1762 3872 2163 3931 multitudinem
2237 3879 2381 3932 ciere
2452 3878 2690 3933 ﬁdelium
2767 3881 2834 3933 ad
2907 3882 3351 3940 cohonestandas

1760 3966 2069 4035 exsequias,
2115 3966 2286 4022 donec
2315 3967 2472 4038 quies
2502 3977 2645 4023 esset
2670 3984 2701 4024 a
2733 3968 2987 4026 Barbaris
3030 3971 3338 4039 impetrata,

1759 4074 2113 4128 ipsorumque
2152 4059 2261 4114 dux
2292 4059 2598 4126 adeundus,
2640 4069 2694 4114 et
2723 4061 2960 4115 orandus
3005 4072 3143 4127 erat,
3195 4072 3255 4118 ut
3278 4080 3346 4119 et

1758 4150 2004 4220 Epitome
2025 4191 2039 4213 ,
2072 4167 2234 4220 quam
2266 4166 2393 4205 mox
2442 4152 2755 4221 subjiciam,
2792 4153 3124 4208 narrationis
3153 4171 3182 4208 a
3227 4155 3348 4209 Nilo

1760 4241 1879 4310 ipso
1919 4243 2261 4297 concinnatae
2298 4242 2521 4312 patebit.
2567 4242 2691 4298 Dies
2724 4252 2906 4297 autem
2939 4249 3074 4299 istos
3114 4245 3348 4302 Romani

1757 4334 2121 4406 MarterIOgii
2187 4336 2508 4391 collectores
2560 4351 2686 4390 cum
2736 4338 3118 4403 rescivissent,
3186 4343 3349 4397 anxie

1687 4416 1736 4474 D
1764 4426 2122 4496 religioseque
2163 4434 2578 4492 conservarunt,
2624 4436 2731 4481 tam
2761 4445 2883 4482 cum
2926 4428 2993 4483 de
3035 4430 3138 4485 hac
3166 4433 3348 4485 incur-

1759 4522 1915 4575 sione
1952 4521 2055 4576 sub
2098 4520 2408 4577 Thcodosio
2442 4531 2629 4592 agunt,
2663 4523 2731 4578 de
2756 4539 2865 4593 qua
2907 4535 3131 4580 sanctus
3156 4525 3345 4596 Angu-

1759 4617 1957 4680 stinus,
1975 4616 2133 4683 epist.
2153 4615 2253 4668 122
2271 4617 2339 4668 ad
2363 4615 2730 4670 Victorianum
2751 4635 2770 4683 ;
2791 4617 3081 4685 Nicephor.
3108 4618 3342 4685 Callisti,

1757 4702 1853 4760 lil).
1886 4723 1994 4769 xw,
2027 4722 2147 4776 cap.
2190 4707 2290 4773 54;
2329 4714 2382 4761 et
2412 4708 2708 4764 cardinalis
2750 4708 3041 4775 Baronius,
3071 4710 3122 4763 in
3146 4713 3342 4765 Annal.

1755 4798 1822 4851 ad
1859 4812 1949 4851 an.
1982 4797 2117 4863 410;
2151 4813 2214 4852 ac
2246 4806 2469 4853 sanctus
2506 4797 2822 4868 llieronym.‘
2858 4800 2910 4853 in
2946 4798 3051 4853 Vit.
3084 4799 3341 4856 Patrum.

1755 4906 1918 4957 quam
1962 4907 2085 4944 cum
2119 4892 2183 4943 de
2209 4892 2330 4946 aliis
2361 4892 2759 4948 Saracenorum
2793 4894 3127 4959 incursibus,
3168 4896 3343 4964 deque

1755 4981 2060 5034 subsecutis
2094 4982 2486 5036 monachorum
2529 4984 2767 5037 caedibus
2802 4992 3056 5051 tractant;
3096 5001 3222 5039 nam
3254 4987 3342 5041 die

1753 5072 1963 5125 decima
2033 5087 2176 5127 nona
2258 5073 2539 5129 Februarii
2602 5076 2798 5144 legitur
2848 5077 2903 5130 in
2955 5076 3340 5148 Martyrologio

1751 5164 1914 5234 683
1950 5165 2138 5218 eodem
2164 5206 2178 5225 ,
2215 5169 2662 5222 commemoratio
2694 5177 3008 5224 sanctorum
3045 5173 3340 5226 monacho-

1753 5268 1897 5317 rum,
1932 5264 1983 5306 et
2036 5255 2267 5308 aliorum
2306 5266 2627 5326 martyrum,
2682 5258 2775 5326 qui
2832 5274 2862 5313 a
2912 5260 3200 5314 Saracenis
3235 5263 3339 5317 sub

1752 5346 1891 5398 duce
1939 5346 2309 5400 Alcmundaro
2357 5349 2653 5402 suavissime
2700 5350 2823 5404 ctesi
2878 5361 3007 5406 sunt
3054 5353 3123 5406 ob
3176 5353 3336 5408 ﬁdem

1752 5438 1978 5491 Christi.
2034 5438 2161 5506 lijns
2211 5440 2573 5494 meminerunt
2606 5439 2942 5511 Nicepltorus
2971 5444 3199 5509 Callisti,
3236 5445 3333 5500 lib.

1752 5546 1865 5595 xw,
1894 5548 1943 5583 c.
1975 5530 2077 5595 55;
2108 5542 2300 5585 auctor
2320 5534 2577 5587 Historia:
2603 5534 2857 5590 Miscellw
2885 5536 2978 5590 lib.
3010 5553 3099 5601 xv,
3127 5552 3180 5606 p.
3208 5537 3333 5605 921,

1751 5639 1781 5677 e
1816 5621 2168 5690 TheOphane.
2208 5635 2260 5679 et
2284 5634 2527 5680 statuunt
2574 5644 2777 5683 annum
2808 5629 3081 5684 decimum
3130 5644 3335 5685 nonum

1752 5716 2058 5781 Anastasii,
2095 5717 2155 5771 C.
2198 5716 2268 5773 N.
2312 5718 2449 5787 508;
2497 5719 2776 5779 Cedrcnus
2806 5738 3013 5778 annum
3056 5722 3328 5781 decimum
