3816 6220
400 280 527 346 Ῑέὲι

1126 279 1279 344 JOS.
1317 278 1581 339 MARI/E
1620 278 1979 339 SUARESII
2020 277 2246 338 LIBER
2287 278 2917 339 CHRONOLOGICUS

3566 274 3697 341 1412

394 392 693 456 Anastasii,
723 390 822 445 501
862 390 926 445 C.
959 387 1026 444 N.
1069 405 1133 443 ac
1166 389 1516 442 indietionem
1542 390 1879 451 secundam;
1905 387 1996 440 alii
2026 396 2073 451 Α
2101 387 2287 456 passio
2320 388 2373 440 in
2402 386 2712 452 Palaestina,
2742 389 2808 442 de
2834 404 2943 456 qua
2976 390 3181 444 mentio
3204 389 3339 443 litin
3366 387 3694 445 Graecorum

394 487 666 540 Anastasii
693 484 1064 548 nndecimum,
1086 482 1149 536 C.
1181 479 1245 534 N.
1272 480 1397 534 502.
1429 480 1717 549 Uteunque
1747 480 1836 541 sit,
1861 494 1984 531 car-

394 579 591 632 dinalis
647 577 945 639 Baronius,
998 584 1052 629 et
1106 574 1309 627 Sethns
1370 571 1672 635 Calvisius,
1735 571 1986 640 quamvis

398 672 726 734 hatreticus,
780 682 958 723 tamen
1018 677 1246 721 exactus
1301 674 1611 733 temporum
1644 672 1984 732 supputator,

398 780 602 817 annum
632 762 694 817 C.
728 760 793 815 N.
845 762 948 815 508
985 760 1241 823 firmant,
1273 772 1384 827 quo
1409 756 1839 817 Alemundarus,
1873 756 1987 809 sive

396 858 804 910 Alamnndarus
837 856 938 907 iste
977 852 1209 912 Zetices,
1247 867 1313 903 an
1364 846 1706 902 See'nitaruin
1741 848 1985 917 regulus,

399 967 495 1005 seu
524 948 853 1019 phylarchus
882 961 1004 999 cum
1033 943 1227 997 Zareta
1252 957 1376 1010 rege
1403 941 1689 993 Persarum
1728 940 1780 993 in
1824 941 1986 994 Plite-

402 1044 576 1096 nicem
640 1051 695 1094 et
746 1038 958 1110 Syriam
1009 1036 1279 1097 excurrit,
1323 1033 1559 1101 fecitque
1603 1033 1869 1101 impetum
1930 1033 1983 1085 in

404 1131 712 1185 Palaestinas
746 1130 904 1193 fines,
937 1137 990 1182 et
1018 1137 1228 1195 strages
1260 1125 1363 1179 ista
1396 1124 1551 1178 tertia
1590 1125 1986 1177 monachorum

401 1224 501 1277 fuit
532 1235 661 1277 tunc
690 1222 855 1285 edita,
891 1220 1034 1289 quod
1072 1218 1285 1273 facinus
1312 1231 1503 1270 rursus
1531 1213 1849 1269 Vadicarius
1874 1214 1986 1269 fra-

400 1327 484 1372 ter
518 1315 679 1384 Agari
716 1313 987 1365 tleinortui
1025 1311 1197 1364 fertur
1231 1323 1545 1362 renovasse.
1579 1307 1986 1363 Alemnndarns

400 1418 580 1463 autem
611 1406 810 1460 Christi
842 1407 999 1458 fidem
1026 1404 1309 1472 amplexus
1339 1410 1445 1463 est,
1469 1398 1537 1453 ad
1559 1414 1649 1453 an.
1675 1398 1737 1453 C.
1762 1398 1825 1454 N.
1856 1401 1984 1465 515,

400 1505 461 1550 ut
490 1493 781 1549 cardinalis
815 1490 1081 1545 Baronius
1127 1507 1156 1543 e
1186 1487 1516 1558 Nicephoro,
1550 1487 1625 1540 lib
1656 1503 1786 1549 xvu,
1820 1503 1869 1541 c.
1894 1488 1984 1552 55,

399 1597 455 1642 et
485 1598 707 1641 auctore
740 1584 992 1638 Historia:
1038 1582 1088 1635 Μ
1103 1582 1316 1647 iscellte,
1360 1585 1454 1638 lib.
1481 1581 1854 1650 suprascripto
1894 1596 1983 1646 xv,

402 1681 597 1751 probat
667 1678 735 1733 de
788 1677 1146 1731 conversione
1201 1675 1487 1739 Saraceni,
1530 1676 1622 1745 qui
1662 1689 1831 1741 nepos
1870 1681 1987 1727 erat

2092 478 2418 549 Menologio.
2454 498 2473 530 ι
2518 478 2703 534 TOties
2724 478 2949 535 Barbari
2984 481 3227 551 aggressi
3262 491 3396 537 sunt
3449 481 3582 537 loca
3612 482 3699 537 illa

2092 576 2305 632 sancta,
2347 576 2400 621 et
2427 569 2772 623 cacodarmon
2805 569 3029 625 invidus
3063 573 3237 626 hostis
3267 573 3547 641 angelica:
3588 589 3699 625 mo-

2093 662 2394 715 nachorum
2418 661 2939 723 vitaa,Barbarorum
2963 678 3124 731 opera
3143 665 3386 734 quietem
3404 681 3698 720 servorum

2092 751 2187 807 Dei
2227 754 2547 822 perturbare
2578 765 2809 810 conatus
2839 764 2945 821 est,
2975 766 3027 811 et
3068 773 3251 811 aream
3288 758 3461 813 istam
3517 774 3703 829 perse-

2092 845 2330 900 cutionis
2384 847 2696 901 turbinibus
2744 850 3041 915 ventilare;
3107 852 3249 905 unde
3308 864 3552 907 coactus
3604 851 3701 907 fuit

2090 935 2434 994 Justinianns
2464 941 2740 1008 Augustus
2762 942 2815 994 in
2849 942 2979 995 Sina
3000 944 3287 998 castellum
3325 947 3701 1011 exaediﬁcare,

2094 1038 2155 1085 ut
2206 1030 2329 1085 illos
2373 1031 2606 1086 validius
2651 1041 2971 1101 protegeret.
3020 1034 3212 1089 'lurris
3270 1036 3488 1089 etenim
3541 1046 3700 1090 antea

2090 1133 2302 1178 tantum
2327 1134 2465 1188 erat,
2505 1126 2597 1179 sed
2632 1126 2679 1179 is
2713 1141 2910 1179 novam
2950 1126 3315 1181 munitionem
3352 1130 3700 1191 construxit,

2094 1227 2230 1274 teste
2258 1221 2543 1289 Procopio,
2572 1221 2667 1275 lib.
2694 1237 2727 1273 ν
2779 1219 2852 1273 De
2880 1222 3069 1289 (edi/ie.
3108 1220 3444 1289 Iustiniani,
3481 1239 3540 1293 p.
3568 1223 3700 1283 H7;

2093 1311 2224 1379 quin
2272 1320 2325 1365 et
2363 1313 2502 1381 apud
2545 1311 2892 1381 Tbeopolim,
2932 1313 3047 1369 sive
3075 1314 3434 1369 Antiochiam
3478 1332 3700 1370 murum

2094 1396 2280 1452 Sancti
2315 1398 2551 1454 Maronis
2584 1416 2751 1469 pr0pe
2801 1400 3062 1471 Daphnen
3103 1405 3428 1471 renovavit,
3474 1419 3536 1473 p.
3575 1404 3699 1457 129.

2095 1488 2191 1543 Est
2222 1499 2402 1544 autem
2434 1494 2834 1546 monasterium
2880 1492 3067 1548 Sancti
3100 1492 3352 1549 Maronis
3388 1496 3701 1565 principale

2095 1584 2551 1638 monasteriorum
2592 1585 2847 1641 secunda:
2881 1584 3070 1656 Syriae,
3103 1588 3264 1655 cujus
3317 1589 3700 1643 ambasciator

2092 1673 2355 1728 diaconus
2388 1672 2591 1729 Paulus
2624 1675 2676 1728 in
2725 1674 3336 1747 Constantinopolitano
3384 1694 3416 1731 v
3442 1694 3696 1733 ircuma-

401 1747 751 1824 ainernmuis
805 1769 857 1821 in
908 1776 1090 1821 castro
1125 1768 1333 1835 Ampcli
1371 1766 1565 1836 Syriae,
1601 1780 1724 1820 cum
1761 1764 1993 1819 vidisset
2023 1747 2066 1808 Β
2095 1765 2221 1821 nico
2276 1767 2541 1835 concilio,
2602 1768 2817 1823 actione
2861 1768 3059 1839 prima,
3116 1769 3456 1839 subscripsit
3512 1770 3697 1824 libello

402 1862 636 1932 speciem
691 1859 915 1913 infantis
957 1861 1009 1911 in
1048 1858 1412 1913 Eucharistia.
1462 1858 1683 1912 Relatio
1740 1856 1992 1927 Gregorii

402 1955 729 2022 DeCapolitae
778 1952 981 2018 prodiit
1027 1952 1168 2020 typis
1203 1950 1394 2007 Romae
1431 1968 1461 2006 a
1516 1951 1677 2005 Patre
1717 1948 1929 2005 Isidoro
1960 1960 1993 2003 ι

408 2044 879 2114 Saneto~Josepbo
901 2043 1191 2098 Carmelita
1220 2042 1543 2098 Excalceato
1568 2043 1751 2097 Grzece
1774 2041 1994 2096 Latine-

402 2156 509 2209 que
530 2139 823 2209 publicata.
852 2135 1011 2190 Pater
1040 2152 1259 2206 quoque
1292 2136 1626 2206 Theophilus
1658 2135 1990 2205 Raynaldus,

403 2231 565 2285 aliam
620 2229 1028 2285 conversionem
1076 2228 1339 2298 principis
1392 2226 1573 2283 Persa:
1631 2243 1660 2282 a
1715 2226 1876 2280 Petro
1927 2226 1994 2281 de

404 2322 585 2376 Monte
621 2331 747 2376 tunc
774 2322 1028 2391 episcopo
1063 2320 1334 2375 Brixiensi
1394 2336 1605 2375 versam
1649 2317 1903 2373 Latinum
1937 2317 1992 2371 in

403 2434 715 2476 sermonem
778 2434 844 2472 ex
903 2416 1094 2471 Gra'co
1140 2414 1449 2485 Epiphanii,
1502 2411 1800 2480 Romazque
1848 2424 1994 2464 anno

404 2513 468 2565 C.
501 2513 568 2564 N.
597 2510 735 2564 1525
788 2523 1071 2571 excusant,
1106 2516 1164 2560 ut
1190 2506 1371 2576 arguit
1394 2521 1457 2559 ex
1489 2503 1894 2574 Epigrammate
1926 2501 1995 2556 ad

406 2605 716 2658 Matth-acum
780 2602 1063 2655 Gibertum
1127 2598 1430 2663 Datarium,
1493 2612 1620 2651 mox
1678 2596 1993 2666 episcopum

407 2692 679 2746 Veronen.
736 2691 1140 2759 dignissimum,
1178 2704 1286 2742 non
1334 2698 1538 2750 tamen,
1591 2696 1651 2740 ut
1694 2688 1897 2741 vocitat
1930 2684 1992 2737 P.

408 2787 547 2840 idem
594 2783 963 2853 Theophilus,
1027 2782 1384 2847 cardinalem,
1439 2780 1626 2835 recudi
1675 2780 1892 2834 curavit
1937 2778 1995 2832 in

407 2878 603 2935 Gallia.
634 2878 705 2931 De
733 2876 921 2930 Judaeo
950 2892 1044 2946 per
1066 2876 1385 2932 miraculum
1411 2887 1611 2931 sancta:
1644 2875 1997 2929 Eucharistia:

408 2974 475 3025 ad
513 2970 671 3024 fidem
720 2969 1088 3024 Christianam
1140 2984 1410 3024 converso
1473 2967 1823 3022 Innocentius
1858 2965 1994 3021 Ter-

2096 1862 2513 1915 monachornm.
2580 1859 2703 1915 Fuit
2768 1873 2821 1914 et
2876 1861 3183 1915 Alexander
3248 1862 3695 1916 archimandrita

2093 1951 2259 2006 etiam
2307 1967 2375 2005 ex
2409 1953 2568 2021 epist.
2616 1951 2686 2005 22
2729 1951 3033 2006 Hormisdae
3067 1951 3135 2005 de
3168 1950 3467 2007 Maronitis
3496 1955 3569 2006 ad
3606 1968 3695 2005 an.

2093 2040 2156 2096 C.
2183 2023 2251 2095 Ν.
2275 2042 2446 2107 1099;
2477 2040 2802 2096 Ριοιεηιαξυε
2828 2041 3030 2096 anen.
3064 2029 3117 2096 in
3138 2044 3341 2097 Annal.
3362 2059 3431 2098 ex
3465 2042 3699 2099 Richar-

2093 2135 2194 2200 do;
2225 2136 2317 2189 sed
2350 2148 2399 2189 et
2430 2136 2725 2189 cardinalis
2759 2134 3027 2190 Baronius
3047 2136 3099 2189 in
3126 2133 3283 2191 Notis
3322 2138 3392 2190 ad
3428 2138 3699 2208 Hartyro-

2092 2228 2295 2299 logium
2354 2228 2663 2283 Romanum
2706 2229 2797 2283 die
2830 2228 2893 2281 21
2950 2227 3239 2293 Octobris,
3281 2242 3341 2285 et
3379 2232 3436 2286 in
3491 2234 3695 2286 Annal.

2093 2320 2385 2373 erctesiast.
2434 2319 2498 2374 ad
2529 2335 2729 2374 annum
2761 2319 2918 2374 1182.
2951 2319 3071 2374 Tibi
3097 2320 3348 2389 profecto
3379 2322 3694 2377 satisfaciet

2094 2421 2427 2483 purpuratus
2476 2413 2569 2467 ille
2625 2413 2771 2482 pugil
2831 2411 3117 2476 Ecclesiae,
3172 2428 3275 2468 nec
3341 2413 3696 2469 insimulabis

2093 2504 2425 2577 ἀπροσεξίας
2453 2506 2633 2560 virum
2675 2506 2819 2559 hunc
2863 2519 3162 2569 summum,
3199 2505 3244 2559 si
3296 2504 3533 2575 legeris,
3577 2522 3695 2574 qua:

2093 2598 2289 2654 scribit
2311 2597 2377 2651 ad
2401 2597 2467 2651 14
2491 2594 2759 2661 Januarii,
2783 2603 2839 2649 et
2864 2595 2931 2649 l9
2960 2593 3244 2649 Februarii
3276 2594 3383 2664 (uti
3411 2610 3548 2665 pag.
3575 2595 3692 2656 167,

2096 2689 2149 2743 in
2172 2687 2327 2743 Notis
2351 2688 2419 2743 ad
2443 2686 2543 2741 Nili
2567 2688 2833 2756 διήγημα,
2859 2685 2919 2739 P.
2949 2684 3241 2755 Possinus)
3271 2695 3329 2740 et
3357 2686 3695 2754 expenderis

2095 2782 2211 2837 hazc
2237 2781 2400 2836 verba
2437 2798 2452 2835 :
2498 2798 2517 2830 ι
2563 2778 2804 2848 Contigit
2832 2778 3102 2847 ejusmodi
3135 2777 3470 2848 gravissima
3510 2793 3691 2848 perse-

2094 2878 2263 2938 cutio,
2286 2882 2415 2937 etc...
2451 2891 2472 2925 ι
2509 2882 2563 2927 et
2595 2870 2863 2941 ejusmodi
2893 2886 2990 2940 pro
3017 2870 3179 2925 simili
3206 2870 3459 2925 volueris
3497 2871 3695 2925 intelli-

2096 2974 2314 3039 gere,et
2343 2965 2517 3018 amice
2536 2978 2755 3033 quoque
2774 2962 2897 3016 ista.
2934 2980 2953 3012 ι
2981 2959 3101 3015 Una
3127 2960 3353 3031 (inquit)
3378 2961 3692 3030 eademque

409 3063 516 3117 tius
568 3063 664 3117 lib.
699 3078 773 3129 iv,
815 3063 978 3131 epist.
1007 3061 1096 3116 84.
1139 3061 1299 3114 Anno
1348 3062 1522 3130 primo
1555 3058 1842 3115 Justiniani
1884 3060 1997 3112 Au-
2022 3084 2065 3143 ο
2097 3058 2404 3129 persecutio
2426 3055 2852 3116 Saracenorum,
2876 3053 2989 3108 sive
3011 3068 3041 3106 a
3066 3051 3363 3107 Saracenis
3382 3062 3691 3117 commota,

408 3155 575 3224 gusti,
599 3154 661 3209 C.
696 3153 755 3207 N.
790 3154 915 3220 527,
950 3154 1113 3207 iidem
1172 3152 1512 3222 Nicephorus
1555 3161 1610 3207 et
1667 3161 1858 3206 auctor
1892 3150 1991 3205 Mi-

408 3247 587 3300 scellie
636 3246 859 3299 tradunt
910 3247 1013 3300 sub
1078 3244 1449 3299 Alcmnndaro
1486 3259 1610 3314 rege
1665 3242 1861 3299 Zeticre
1901 3243 1991 3312 (an

409 3338 595 3407 regulo
647 3336 1072 3408 Scenitarum?)
1104 3337 1155 3391 in
1194 3337 1556 3401 Palaestinam,
1622 3352 1718 3391 seu
1776 3335 1990 3406 Syriam

410 3427 665 3496 primam,
698 3427 1007 3480 excurrisse
1041 3425 1364 3489 Saracenos,
1412 3440 1617 3495 easque
1650 3425 1992 3494 deprzedatos

411 3516 603 3582 fuisse,
638 3532 813 3587 usque
860 3516 1088 3572 adtines
1132 3517 1456 3580 Antiochiae,
1511 3516 1647 3570 nihil
1693 3525 1874 3571 tamen
1924 3516 1993 3570 de

411 3609 720 3663 monachis.

485 3700 609 3754 Fuit
639 3709 692 3755 et
727 3701 1123 3754 monachorum
1157 3699 1520 3769 quadraginta
1556 3711 1793 3768 quatuor
1818 3697 1991 3753 ca-des

412 3790 469 3846 in
509 3792 661 3845 Ianra
724 3790 895 3845 sancti
950 3790 1107 3845 Saba:
1158 3790 1214 3843 in
1262 3788 1548 3843 Pal-.estina
1606 3789 1916 3843 occisorum
1960 3804 1991 3844 a

415 3883 727 3946 Saracenis,
760 3898 790 3937 e
820 3882 1055 3935 Baronii)
1084 3881 1362 3936 cardinale
1402 3881 1466 3935 ad
1498 3881 1641 3935 diem
1684 3882 1751 3934 tti
1784 3881 1902 3934 Maii
1937 3881 1989 3934 in

414 3973 568 4027 Notis
605 3974 671 4026 ad
708 3970 940 4025 Roman.
998 3970 1342 4040 Martyrolog.
1371 3986 1426 4024 et
1454 3972 1507 4024 in
1540 3971 1738 4024 Annal.
1782 3972 1847 4024 ad
1891 3986 1991 4025 an-

415 4081 545 4119 num
584 4063 642 4119 C.
694 4062 761 4116 N.
787 4063 912 4128 619,
947 4077 1043 4116 seu
1092 4063 1219 4125 650,
1251 4062 1502 4117 Heraclio
1551 4063 1899 4130 imperatore,
1927 4062 1993 4117 de

415 4173 523 4227 qua
543 4156 798 4211 Moschus
838 4156 892 4209 in
927 4154 1103 4208 Prata
1130 4154 1424 4225 spirituali,
1455 4170 1506 4210 c.
1534 4155 1588 4218 4,
1621 4171 1676 4207 n.
1705 4154 1770 4207 21
1827 4165 1881 4208 et
1900 4154 1991 4219 99,

414 4247 508 4303 ubi
560 4247 901 4319 Rosweydus
957 4248 1185 4301 laudans
1228 4247 1407 4317 ipsum
1455 4246 1785 4301 cardinalem
1827 4244 1995 4299 Baro-

416 4340 599 4407 nium;
636 4340 731 4395 sed
773 4355 898 4395 Cum
931 4339 1250 4410 μνημονικῷ
1288 4341 1649 4411 ἁμαρτηματι
1699 4340 1763 4391 ad
1799 4338 1865 4393 l9
1893 4337 1994 4392 Fe-

2096 3165 2151 3211 et
2180 3151 2383 3207 inflicta
2414 3150 2816 3219 suprascriptos
2850 3157 3071 3203 sanctos
3112 3147 3418 3202 monachos
3453 3148 3693 3203 diversis

2092 3247 2146 3301 in
2178 3244 2315 3297 locis
2349 3242 2556 3312 positos
2591 3241 2830 3304 vexavit,
2855 3239 3197 3309 diversisque
3231 3238 3432 3294 diebus
3466 3239 3691 3301 occidit,

2093 3337 2213 3408 (seu
2255 3333 2488 3389 diversis
2533 3331 2918 3400 temporibus),
2961 3340 3021 3384 ut
3045 3328 3153 3384 non
3189 3331 3410 3386 mireris
3468 3333 3519 3386 si
3554 3346 3695 3399 saepe

2091 3438 2286 3495 agatur
2317 3428 2370 3480 in
2407 3424 2659 3479 Romano
2690 3424 3069 3495 Martyrologio
3114 3422 3350 3477 inferius
3383 3423 3453 3478 de
3492 3440 3691 3479 mona-

2091 3522 2211 3575 chis
2239 3520 2395 3575 caesis
2444 3533 2475 3573 a
2519 3518 2831 3573 Saracenis.
2862 3518 2937 3573 Ita
2986 3519 3298 3589 persecutio
3333 3518 3688 3581 Diocletiani,

2090 3619 2177 3673 vel
2214 3619 2447 3671 aliorum
2481 3625 2840 3687 tyrannorum
2864 3618 2921 3671 in
2951 3615 3301 3686 Christianos
3331 3616 3691 3672 debacchan—

2092 3712 2226 3763 tium
2263 3709 2463 3763 dicitur
2491 3724 2620 3773 una,
2654 3711 2909 3778 quamvis
2939 3709 3172 3764 diversis
3213 3708 3433 3774 diebus,
3474 3718 3687 3779 tempo«

2090 3802 2353 3871 ribusque
2399 3800 2563 3855 fuerit
2593 3802 2831 3856 excitata
2881 3812 2937 3857 et
2976 3811 3379 3856 consummata.
3417 3819 3437 3852 ι
3475 3800 3526 3855 Ε
3574 3803 3692 3872 qui-

2091 3893 2196 3948 bus
2253 3894 2551 3948 cardinalis
2600 3892 2825 3947 Baronii
2880 3894 3098 3958 verbis,
3160 3909 3324 3963 quam
3374 3892 3552 3948 fuerit
3607 3895 3692 3947 ille

2092 3992 2328 4038 attentus
2354 3983 2407 4036 in
2433 3982 2705 4053 Operibus
2731 3983 2848 4039 suis
2878 3984 3077 4039 clarius
3109 3984 3346 4039 elucebit
3369 3986 3691 4056 aquissimo

2092 4090 2275 4129 rerum
2300 4075 2642 4130 aestimatori.

2164 4163 2301 4218 Dum
2328 4164 2481 4218 Nilus
2506 4181 2604 4234 pro
2634 4180 2786 4219 more
2814 4181 2913 4221 suo
2940 4165 3005 4221 ad
3043 4176 3289 4229 sanctos,
3323 4168 3416 4237 qui
3439 4179 3612 4224 erant
3640 4169 3689 4223 in

2094 4252 2271 4319 Rubo,
2298 4263 2352 4308 et
2372 4254 2557 4309 Graece
2571 4255 2747 4326 Βὰτῳ,
2778 4272 2938 4326 quem
2965 4255 3180 4327 Moyses
3203 4257 3342 4312 vidit
3371 4259 3687 4319 ardentem,

2094 4356 2150 4400 at
2210 4346 2639 4411 incombnstum,
2690 4348 2858 4402 Exodi
2909 4364 2988 4413 ιιι,
3046 4349 3116 4414 2,
3182 4349 3274 4403 ubi
3334 4351 3607 4405 sacellum
3660 4366 3688 4402 a

416 4432 646 4493 bruarii.
704 4432 771 4486 de
817 4447 924 4500 qua
983 4441 1038 4486 et
1093 4431 1396 4487 Antiochus
1452 4431 1506 4484 in
1564 4430 1825 4500 Ερὶδιοιίι,
1894 4446 1989 4485 Seu
2022 4435 2281 4493 Dsaneta
2346 4438 2542 4493 Helena
2592 4440 2834 4511 Augusta
2885 4438 2988 4494 fuit
3039 4450 3417 4507 exstructum,
3476 4453 3538 4497 et
3592 4444 3688 4497 sub

417 4523 720 4594 fragmento
741 4525 807 4578 ad
836 4523 1213 4588 Eustachium,
1244 4523 1390 4594 quod
1422 4524 1701 4593 praefixum
1736 4536 1819 4577 est
1851 4523 1991 4576 Pan-

417 4622 587 4671 tlectae
625 4616 844 4669 intextae
864 4626 997 4671 tom.
1022 4614 1087 4669 IX
1118 4615 1457 4670 Bibliotheca!
1492 4613 1991 4668 Patrum.Sedebat

421 4717 552 4760 tunc
574 4706 961 4776 Hierosolymis
980 4708 1301 4776 patriarchas
1324 4708 1377 4761 in
1404 4707 1673 4761 Persidem
1699 4722 1727 4760 a
1750 4706 1993 4761 Chosroe

420 4799 632 4853 abducti
653 4786 1052 4870 τοποτηηρητής.
1081 4799 1133 4852 id
1154 4812 1236 4853 est
1258 4800 1430 4853 locum
1449 4808 1623 4853 tenens
1641 4839 1655 4862 ,
1682 4799 1989 4865 Modestus;

420 4888 724 4958 imperabat
748 4887 1051 4952 Heraclius,
1086 4888 1181 4957 qui
1210 4887 1522 4942 Chrosroen
1549 4888 1699 4942 vicit.
1729 4886 1802 4941 De
1824 4888 1993 4941 mira-

420 4977 595 5043 culis,
652 4992 773 5046 qua:
820 4977 1173 5046 contigerunt
1223 4992 1347 5049 cum
1404 4978 1535 5031 illud
1596 4978 1992 5031 monasterium

420 5069 739 5124 invaserunt
773 5066 1028 5123 Saraceni
1056 5078 1249 5137 praeter
1286 5067 1586 5132 Moschum,
1618 5068 1853 5137 Cyrillus
1874 5083 1993 5121 mo-

422 5161 633 5215 nachus
662 5159 713 5213 in
744 5159 893 5214 Actis
917 5160 1090 5213 sancti
1124 5159 1300 5224 Saliae,
1335 5161 1422 5214 die
1447 5160 1479 5213 5
1513 5163 1862 5227 Decembris;
1888 5160 1997 5213 Eu-

424 5254 663 5324 thymius
692 5254 864 5308 abbas
921 5254 1009 5308 die
1047 5253 1117 5307 20
1160 5252 1403 5307 Januarii
1454 5268 1747 5308 recensens
1782 5267 1998 5319 grassa-

424 5345 628 5399 tionem
646 5343 1201 5416 MSaracenicam
1220 5345 1323 5398 sub
1341 5344 1653 5408 Anastasio,
1671 5345 1735 5397 de
1751 5359 1856 5413 qua
1875 5344 1997 5398 etin

426 5440 589 5493 rebus
626 5440 789 5505 gestis
832 5440 1003 5493 sancti
1025 5438 1250 5491 Joannis
1285 5437 1579 5490 Silentiarii
1634 5437 1777 5505 apud
1830 5435 2001 5491 Meta-

425 5531 703 5599 phrastem
753 5530 840 5583 die
916 5531 983 5583 13
1036 5529 1179 5582 Maii.
1237 5531 1296 5581 ln
1354 5528 1733 5597 Martyrologio
1781 5529 1999 5597 quidem

429 5618 675 5673 Romano
704 5620 818 5675 haec
849 5621 1131 5684 habentur,
1171 5621 1255 5674 die
1282 5620 1344 5671 t6
1371 5621 1491 5673 Maii
1528 5639 1540 5673 :
1569 5640 1586 5672 ι
1612 5617 2000 5674 Monacbnrum

428 5709 486 5764 in
541 5708 693 5763 laura
760 5712 933 5767 sancti
985 5713 1142 5767 Sabae
1193 5727 1221 5765 a
1257 5710 1546 5768 Saracenis
1594 5712 2001 5769 interfectorum

2091 4531 2248 4584 altari
2273 4532 2612 4600 compositus
2640 4531 2833 4605 ingens
2867 4533 3027 4602 lapis,
3055 4542 3109 4587 et
3136 4548 3301 4602 prope
3323 4549 3491 4603 quem
3522 4533 3687 4589 Justi-

2091 4623 2292 4677 nianus
2353 4623 2649 4693 imperator
2720 4640 2973 4693 magnam
3036 4626 3327 4679 aediﬁcavit
3396 4628 3683 4681 ecclesiam

2093 4713 2264 4769 instar
2294 4716 2457 4781 arcis,
2487 4724 2546 4769 ut
2568 4714 2871 4785 Prompius
2899 4717 3134 4772 laudatis
3163 4717 3301 4773 locis
3328 4718 3617 4784 describit,
3638 4727 3683 4769 et

2093 4815 2381 4861 attestatur
2427 4807 2622 4863 Petrus
2668 4825 2697 4861 a
2744 4808 2897 4863 Valle
2959 4818 3094 4864 tom.
3142 4808 3412 4879 lPeregr.
3450 4828 3505 4881 p.
3543 4813 3683 4866 286:

2094 4898 2160 4951 ad
2199 4908 2417 4955 sanctos
2449 4901 2737 4969 (inquam),
2787 4902 2837 4955 id
2874 4910 2957 4956 est
2987 4901 3342 4971 perfectiores
3368 4906 3683 4961 monachos.

2095 4990 2259 5055 paulo
2292 5001 2419 5045 ante
2450 4991 2516 5044 de
2550 5001 2736 5046 monte
2765 4990 2894 5045 Sina
2923 4992 3319 5056 descendisset,
3360 5004 3423 5047 ut
3468 4994 3684 5047 haberet

2097 5096 2218 5133 cum
2263 5081 2397 5149 ipsis
2444 5098 2710 5153 synaxes,
2763 5093 2815 5137 et
2860 5085 3221 5149 collationes,
3282 5084 3503 5155 aliaque
3532 5085 3680 5154 spiri-

2097 5169 2261 5224 tualia
2279 5172 2723 5236 exercitamenta,
2751 5173 3007 5226 monachi
3035 5174 3199 5227 etiam
3217 5174 3681 5244 distinguebantur

2098 5274 2152 5335 in
2204 5260 2537 5332 ἀρχαρίους,
2580 5262 2694 5317 sive
2759 5264 3055 5332 ἀρχαίους,
3096 5264 3147 5318 id
3192 5273 3309 5327 est,
3363 5265 3679 5332 incipientes,

2103 5353 2370 5421 μικροςχή
2380 5369 2531 5421 μους,
2557 5356 2652 5407 καὶ
2681 5356 3152 5426 μεγαλοσχήμους,
3180 5356 3229 5410 id
3250 5365 3355 5418 est,
3379 5375 3540 5424 parva
3560 5365 3683 5409 ante

2102 5445 2321 5497 amictos
2342 5484 2357 5508 ,
2390 5446 2704 5516 indutosque
2730 5446 2891 5518 685
2928 5464 3147 5516 magna,
3181 5448 3272 5517 qui
3302 5449 3499 5501 τέλειοι
3534 5449 3681 5501 καλὸ-

2104 5550 2263 5605 γηροι
2342 5535 2713 5603 dicebantur,
2796 5549 2853 5591 ut
2931 5541 3077 5608 apud
3161 5540 3681 5612 Hierosolymitanos

2104 5624 2316 5689 equites
2361 5624 2584 5689 novitii,
2626 5634 2679 5679 et
2722 5624 3114 5690 (Irnnd-Croix,
3150 5628 3316 5694 Goar,
3368 5630 3551 5700 p472.
3587 5630 3682 5682 483

2105 5724 2161 5770 et
2180 5714 2350 5770 5l7in
2373 5715 2625 5785 Eucliol.;
2653 5720 2743 5775 sed
2766 5734 2958 5776 vereor
2981 5737 3051 5777 ne
3070 5723 3141 5779 sit
3167 5722 3269 5777 hoc
3292 5724 3679 5779 monachorum
