3816 6220
122 251 291 318 1ἓ13

1502 265 1791 328 DE-VITA
1835 270 1893 329 S.
1930 269 2009 328 Nl
2024 270 2095 329 L1

3277 277 3424 344 1414

98 368 434 421 discrimen
478 368 774 424 recentius.
834 368 1046 431 Evenit,
1104 371 1181 424 uti
1248 372 1360 440 jam
1411 376 1807 444 prmttutavi,A
1839 380 1929 433 alii
1982 381 2205 435 nomine
2257 381 2464 440 Paulus
2522 396 2597 452 et,
2650 385 2890 446 Joannes
2936 391 3051 463 jam
3102 394 3423 452 exhalarunt

97 465 396 516 excursio
443 465 534 516 illa
573 465 947 520 memorabilis
997 465 1395 521 Saracenorum
1428 469 1495 521 ad
1526 486 1731 524 annum

95 552 169 607 C.
222 553 298 607 N.
338 556 469 621 410,
536 556 629 626 qui
668 573 866 611 canum
923 558 1096 612 instar
1132 562 1529 630 exagitatarum
1582 562 1732 617 rabie

96 647 473 703 inconditum
507 651 727 705 edentes
758 652 1051 706 clamorem
1088 654 1139 708 in
1177 654 1271 709 Dei
1304 657 1452 710 viros
1500 658 1731 712 insilue-

94 749 307 794 runt:
351 742 598 811 ipsorum
653 743 943 809 belluiuos,
1011 746 1325 816 ferinosque
1375 764 1557 804 mores
1612 749 1727 819 jam

94 834 390 900 graphice
416 833 709 889 delineavit
737 833 891 890 Nilus
920 837 971 889 in
996 853 1093 891 sua
1124 839 1560 908 Complotatione
1579 842 1725 912 (sic),

94 926 592 993 quemadmodum
641 937 697 982 et
743 928 1090 996 Ammonius,
1137 946 1244 984 non
1290 932 1577 987 violentius
1612 935 1727 1003 lupi

96 1017 283 1083 agnis
334 1018 619 1085 insultant,
653 1020 948 1087 ululantes,
971 1023 1024 1075 in
1057 1023 1250 1092 primis
1274 1033 1646 1088 corroserunt,
1676 1036 1729 1079 et

95 1110 499 1178 compilarunt
541 1128 900 1183 quascunque
938 1124 1329 1185 congesserant
1382 1116 1489 1170 illa:
1527 1128 1728 1172 sancta:

96 1200 380 1257 formicae
410 1201 777 1274 przeparantes
816 1208 882 1261 ad
924 1207 1214 1262 hibernum
1257 1210 1459 1263 victum
1498 1212 1728 1265 summi-

96 1305 264 1351 tates
305 1297 589 1363 arborum,
622 1299 930 1369 baccasque
964 1302 1265 1368 silvestres,
1309 1317 1432 1371 quae
1475 1302 1544 1355 ad
1580 1303 1729 1357 hunc

99 1404 291 1443 usum
347 1390 540 1445 sedulo
595 1393 859 1457 collectae,
909 1402 963 1447 et
1011 1395 1300 1450 custodita:
1341 1395 1559 1461 siccari,
1613 1397 1729 1451 sive

99 1482 341 1546 durari,
380 1484 694 1554 servarique
730 1495 1000 1555 poterant,
1036 1504 1161 1541 mox
1192 1488 1506 1557 compulere
1536 1504 1729 1545 mona-

102 1579 264 1633 chos
300 1588 364 1632 ut
395 1595 488 1635 eas
538 1580 603 1634 ad
640 1596 761 1637 sese
831 1584 1216 1652 deportarent;
1253 1585 1393 1639 alios
1447 1599 1576 1638 vero
1609 1601 1729 1641 mo-

102 1672 379 1737 nachos,
435 1675 527 1743 qui
582 1684 741 1729 erant
800 1676 945 1731 intra
1013 1677 1301 1733 ecclesiam
1365 1678 1725 1744 abstrahunt,

1834 474 2096 537 animam,
2144 476 2593 551 prteiverantque,
2643 491 2937 538 metatores
2991 486 3306 557 presbytero
3352 488 3421 542 ad

1835 564 2114 619 cmlestem
2141 568 2369 631 gloriam
2404 571 2547 625 velut
2576 574 3049 632 anteambulones.
3077 578 3424 648 Sepelierunt

1834 656 2012 726 itaque
2052 658 2340 716 defunctos
2369 662 2456 716 die
2489 666 2719 734 septima
2750 678 2873 736 post
2910 668 3290 739 Epiphaniam,
3324 689 3420 729 seu

1833 749 2040 805 decima
2059 764 2250 821 quarta
2271 753 2540 823 Januarii,
2567 759 2641 812 uti
2670 760 2782 829 jam
2816 762 2975 817 toties
2995 767 3251 832 praefatus
3274 782 3419 833 sum,

1833 845 2087 898 monachi
2127 849 2449 916 superstites
2494 866 2619 905 cum
2646 852 2789 906 Nilo.

1906 936 2098 991 Omnis
2146 939 2199 991 in
2235 937 2512 996 Theodulo
2546 944 2727 998 stabat
2781 946 2934 1000 chari
2983 948 3222 1016 parentis
3265 965 3418 1005 cura.

1832 1024 1987 1079 Nilus
2024 1028 2191 1095 igitur
2239 1031 2356 1084 vale
2396 1033 2541 1086 dicto
2604 1035 2776 1089 sacris
2833 1040 3321 1101 commilitonibus,
3369 1051 3425 1095 et

1833 1118 2096 1173 missione
2138 1132 2302 1189 petita
2354 1126 2683 1192 temporaria
2708 1167 2721 1191 ,
2756 1144 2812 1181 se
2845 1129 3024 1183 itineri
3073 1133 3327 1202 accingit,
3363 1141 3423 1187 ut

1832 1224 1956 1262 eum
1985 1213 2324 1278 perquireret
2346 1254 2360 1277 ,
2396 1217 2799 1271 commendans
2834 1234 2895 1273 se
2929 1221 3272 1278 orationibus
3293 1239 3423 1278 sau-

1832 1301 1903 1355 cti
1935 1311 2130 1367 cattus,
2166 1316 2220 1359 et
2265 1307 2319 1360 in
2364 1306 2471 1361 Deo
2510 1309 2751 1380 deligens
2786 1327 3005 1368 omnem
3042 1331 3191 1384 spem
3236 1333 3418 1385 suam,

1832 1397 2001 1458 utque
2043 1402 2228 1455 pastor
2264 1395 2622 1465 deperditam.
2673 1410 2994 1472 raptamque
3032 1407 3300 1460 oviculam
3334 1424 3420 1461 re-

1831 1492 2215 1548 cnperaturus,
2272 1486 2547 1542 animatus
2595 1489 2815 1558 quidem
2868 1493 2971 1549 hac
2996 1495 3209 1562 ﬁducia,
3263 1514 3418 1554 erra-

1830 1571 2047 1626 bundus
2070 1583 2277 1639 tamen,
2309 1590 2373 1629 ac
2405 1576 2595 1647 lugens
2626 1577 2840 1635 Pharan
2876 1585 3024 1638 venit
3048 1586 3152 1656 (Cal
3181 1604 3243 1640 ea
3279 1590 3417 1644 urbs

1831 1660 2044 1718 Arabia:
2076 1663 2317 1731 Petraea},
2363 1676 2417 1720 et
2471 1683 2630 1724 mons
2679 1672 2744 1726 ad
2782 1674 2962 1727 sinum
3008 1677 3300 1732 Arabicum
3359 1680 3416 1733 in

101 1766 451 1836 mutantque
492 1767 608 1821 suis
635 1770 986 1834 centonibus,
1028 1779 1316 1839 provectos
1354 1780 1514 1825 aetate
1538 1771 1727 1840 diSpo-
1759 1745 1801 1800 Β
1829 1752 2047 1824 λΕεγμιί
2099 1758 2358 1811 θοηίίιιῖο·
2395 1759 2722 1816 “0101113305
2792 1766 3042 1823 ῐηυιιδίιιίι
3092 1770 3414 1838 ΡοΡ¹¹¹ο¹³¹¹η¹

100 1868 266 1913 nunt
287 1859 484 1912 ordine
506 1859 572 1913 ad
605 1860 828 1927 caedem,
857 1871 970 1915 tum
994 1862 1415 1919 circumstantes
1439 1865 1726 1921 truculenti

97 1949 421 2003 carniﬁces
472 1951 712 2004 eduxere
742 1952 955 2020 gladios
995 1954 1157 2020 irati,
1201 1964 1255 2009 et
1301 1964 1451 2011 torve
1482 1956 1725 2026 igneum,

98 2040 558 2110 rutilantemque
595 2043 982 2099 subvolventes
1016 2046 1265 2100 obtutum
1321 2062 1450 2117 erga
1480 2049 1725 2103 strictam

96 2132 273 2186 illam
339 2133 549 2196 aciem,
608 2144 967 2206 paratamque
1024 2138 1144 2193 neci
1190 2154 1293 2212 pro
1344 2139 1585 2205 Christo,
1636 2139 1724 2195 cui

99 2226 544 2281 famulabantur
572 2228 871 2284 subeunda:
916 2229 1133 2285 fortiter
1161 2247 1226 2287 ac
1264 2248 1545 2303 generose.
1577 2232 1724 2305 Lego

98 2333 323 2386 nempe
348 2319 629 2387 πυρωπόν,
655 2328 710 2373 et
736 2324 1040 2393 πυρῤωπόν
1064 2324 1220 2391 (utin
1246 2332 1417 2390 textu,
1447 2324 1722 2395 notisque,

96 2425 163 2477 p.
232 2410 361 2475 160,
388 2411 613 2466 doctiss.
658 2411 964 2484 Pessinus).
1000 2415 1259 2471 Mandant
1296 2417 1567 2473 sacerdoti
1617 2418 1723 2473 loci

97 2503 288 2567 sacri,
326 2512 386 2555 ut
411 2505 696 2572 protendat
722 2507 1012 2569 cervicem.
1048 2507 1399 2580 inferuntque
1427 2525 1532 2564 non
1558 2511 1725 2567 simul

96 2597 289 2649 ambo
321 2596 453 2663 (duo
481 2598 682 2652 etenim
717 2599 897 2667 ipsum
943 2601 1423 2674 circumstabant),
1451 2604 1544 2659 sed
1579 2620 1721 2661 unus

101 2694 248 2754 post
289 2685 459 2739 alium
503 2702 664 2743 enses
694 2692 953 2759 utrinque
1006 2692 1317 2762 inlligendo,
1353 2706 1412 2749 ut
1443 2697 1721 2753 crudelius

98 2779 416 2849 degustata
446 2789 620 2834 morte
654 2783 1019 2851 occideretur,
1062 2788 1245 2856 plagas
1288 2788 1357 2842 ad
1401 2790 1723 2863 interscapi-

99 2870 257 2923 lium
309 2880 365 2924 et
394 2873 724 2937 mamillam,
757 2890 787 2927 e
833 2877 1034 2944 quibus
1085 2877 1173 2931 ille
1211 2881 1467 2936 sacerdos
1498 2884 1719 2941 victima

97 2956 235 3013 Deo
290 2973 451 3014 sacra
503 2963 777 3027 concidit,
840 2966 983 3020 sicut
1036 2976 1092 3021 et
1131 2968 1251 3037 ejus
1310 2974 1720 3031 concellulanus

98 3050 488 3118 grandaevus,
538 3063 593 3107 et
634 3053 846 3109 fractus
895 3072 1005 3110 non
1048 3059 1208 3113 annis
1254 3069 1486 3125 tanturn,
1533 3065 1626 3119 sed
1666 3074 1720 3119 et

1830 1845 2271 1905 Pbaranitarunt.
2303 1851 2376 1906 lbi
2410 1855 2675 1909 habitavit
2702 1856 2894 1912 lsmael
2932 1860 3414 1927 liliusAbrabami,

1829 1944 1885 1988 et
1908 1935 2070 2005 Agar,
2092 1938 2227 1992 Gen.
2253 1955 2301 1994 c.
2335 1957 2445 2003 XXI,
2468 1958 2517 1996 v.
2542 1942 2631 2006 2'2,
2669 1944 2878 2014 fuitque
2898 1948 2965 2001 i3
2992 1952 3209 2005 mansio
3232 1953 3415 2021 p0puli

1828 2021 1996 2079 Israel
2016 2041 2079 2079 ex
2104 2037 2329 2084 auctore
2350 2029 2492 2085 Mar.
2524 2034 2712 2087 histor.
2737 2047 2928 2107 estque
2951 2040 3209 2112 solitudo)
3232 2044 3419 2113 ibique

1828 2114 2048 2177 habitos
2116 2136 2147 2174 a
2199 2137 2257 2177 se
2324 2136 2570 2180 recenset
2650 2129 2794 2184 ultro
2840 2133 3089 2203 citroque
3134 2150 3417 2193 sermones

1827 2226 1952 2265 cum
2016 2214 2339 2282 quibusdam
2400 2219 2821 2290 accedentibus,
2873 2225 3041 2279 vitam
3088 2227 3414 2297 solitariam,

1826 2306 1941 2357 sive
1964 2307 2296 2362 eremiticam
2348 2310 2777 2378 dilaudantibus,
2813 2325 2975 2387 atque
3008 2320 3417 2379 circumseden-

1828 2396 1974 2452 tibus
2011 2407 2065 2453 et
2096 2415 2317 2455 causam
2359 2406 2596 2473 gemitus
2648 2424 2713 2462 ac
2762 2408 2926 2467 ﬂetus
2961 2417 3412 2486 exquirentibus;

1826 2489 1880 2543 in
1906 2490 2172 2563 lacrymas
2200 2497 2345 2548 enim
2372 2513 2598 2566 gemens
2640 2502 3083 2572 colliquescebat,
3121 2524 3184 2561 ac
3214 2510 3414 2565 sedens

1823 2580 2065 2648 ejulabat
2121 2586 2546 2653 miserabiliter,
2601 2596 2897 2661 respondet
2957 2613 3086 2653 suas
3140 2616 3413 2658 aerumnas

1823 2680 2043 2739 paratus
2087 2690 2389 2745 exponere,
2425 2681 2782 2753 deploratque
2821 2689 3186 2746 calamitatem
3226 2711 3409 2760 suam,

1822 2762 2029 2834 filiique
2061 2768 2449 2841 captivitatem,
2485 2775 2569 2828 vel
2602 2778 2802 2832 caedem
2835 2796 2998 2850 quam
3028 2791 3410 2855 praesumebat,

1822 2856 2093 2913 interdum
2120 2862 2455 2931 meticulose,
2480 2868 2758 2938 totiusque
2775 2873 2898 2926 vita!
2940 2891 3053 2930 suae
3077 2881 3411 2936 curriculum

1822 2963 1958 3017 pene
2015 2966 2175 3007 orsus
2215 2955 2451 3011 breviter
2480 2962 2758 3025 contexit,
2798 2965 3276 3041 iuterrogatusque
3338 2977 3407 3030 de

1823 3051 2002 3111 strage
2040 3055 2381 3111 sanctorum,
2433 3050 2633 3106 divinae
2678 3057 3037 3123 providentiae
3083 3066 3407 3134 specimina,

830 3108 837 3109 ,
1052 3108 1206 3113 _______
1533 3108 1626 3119 η..
1668 3108 1720 3119 ν,
1944 3108 1964 3111 -
2370 3108 2378 3111 .
2678 3108 2695 3123 .
2822 3108 3035 3114 θηημ..
3083 3108 3404 3134 -,.--.........,

100 3144 450 3199 monasticis
480 3145 787 3211 laboribus,
822 3148 1058 3218 denique
1090 3166 1226 3221 ptter
1255 3154 1362 3209 illis
1397 3156 1717 3213 ministrans
1746 3108 1790 3168 C
1821 3142 1875 3185 et
1907 3134 2231 3192 documenta
2257 3141 2583 3210 quamplura
2604 3145 2930 3215 ἀθΡΓοῐηθηε
2950 3153 3123 3209 sacris
3151 3171 3181 3208 θ
3202 3155 3404 3223 Libt'iS.

96 3235 311 3303 jussus
355 3237 593 3305 relegere
637 3239 897 3300 bacchas.
934 3242 1011 3295 uti
1060 3243 1173 3312 jam
1228 3248 1470 3303 narravi.
1523 3246 1716 3303 Satiati

102 3329 385 3383 mactatis
442 3330 590 3386 hisce
646 3333 824 3387 tribus
873 3332 1101 3389 Barbari
1157 3337 1382 3406 reliquis
1432 3342 1716 3397 monachis

100 3422 443 3477 indicarunt
487 3433 545 3477 ut
594 3422 772 3493 fugam
823 3438 1192 3495 capesserent,
1235 3441 1290 3484 et
1335 3432 1571 3499 abirent,
1618 3434 1717 3487 οὐκ

100 3510 241 3566 οἶδα
271 3512 327 3564 τι
374 3514 668 3580 παθόντες,
700 3533 894 3573 manus
960 3519 1163 3575 indicio
1212 3508 1534 3587 suadentes,
1586 3543 1712 3582 cum

102 3606 310 3659 adhuc
337 3615 582 3661 tenerent
608 3611 873 3677 sanguine
908 3611 1137 3667 infectos
1176 3630 1357 3682 enses,
1390 3619 1559 3672 nescio
1581 3637 1713 3689 quo-

102 3696 281 3748 modo
316 3695 515 3765 placati
546 3698 721 3767 (Nilus
757 3700 958 3771 inquit,
990 3718 1045 3772 p.
1074 3704 1166 3774 50)
1216 3722 1316 3775 per
1346 3718 1535 3779 tesqua
1575 3726 1713 3779 prte-

100 3785 313 3855 cipitia
374 3789 684 3857 gradientes
752 3791 907 3845 ocius
976 3796 1231 3849 monachi
1291 3798 1398 3852 nisi
1456 3810 1585 3854 sunt
1642 3802 1709 3855 ad

102 3888 369 3933 montem
398 3882 650 3949 evadere,
686 3898 788 3938 nec
813 3884 958 3938 enim
1002 3886 1088 3938 via
1119 3887 1242 3941 trita
1283 3900 1421 3954 erat,
1455 3891 1711 3946 ltmsitau-

101 3972 281 4035 tiam,
316 3971 739 4044 tarditatemque
768 3991 924 4030 suam
954 3975 1114 4033 Nilns
1146 3978 1232 4033 hic
1258 3982 1450 4050 pingit,
1498 3992 1608 4037 tum
1640 3986 1709 4040 ob

100 4069 367 4123 attatem,
400 4062 473 4116 uti
497 4064 610 4132 jam
649 4065 943 4130 iusinuavi,
971 4076 1082 4121 tum
1107 4070 1253 4139 quod
1283 4071 1476 4127 abduci
1505 4075 1710 4131 videret

102 4151 469 4206 Theodulnm
519 4154 742 4209 unicum
792 4174 953 4212 suum
1011 4160 1206 4225 lilium,
1259 4172 1315 4217 et
1349 4164 1707 4232 professionis

102 4244 339 4299 socium
375 4261 404 4299 a
443 4245 719 4313 Barbaris,
753 4249 953 4319 illeque
1006 4262 1213 4321 patrem
1246 4255 1488 4311 vicissim
1525 4275 1707 4329 respe-

98 4344 327 4400 ctaret,
378 4338 823 4405 pertrahentibns
871 4342 1205 4401 immanibus
1237 4362 1363 4401 eum
1410 4352 1706 4407 tortoribus

1821 3234 1932 3279 tum
1970 3228 2331 3285 Barbarorum
2369 3234 2593 3302 victum,
2643 3237 2961 3304 latrocinia,
3017 3248 3302 3314 saevitiam,
3355 3261 3410 3306 et

1818 3322 2150 3375 camelorum
2202 3326 2482 3389 carnibus,
2542 3344 2681 3396 quos
2736 3334 3038 3400 prmsertim
3092 3353 3405 3410 nuncupant

1817 3411 2142 3477 dromadas,
2185 3430 2279 3469 seu
2316 3417 2692 3474 dromedarios
2742 3437 2772 3475 a
2820 3439 3009 3489 cursu,
3049 3429 3404 3498 alimentum;

1817 3505 2006 3569 stellae,
2033 3507 2146 3560 sive
2166 3509 2297 3561 astri
2329 3509 2563 3565 Luciferi
2596 3513 2823 3579 cultum,
2851 3519 3175 3574 sacrificimn
3203 3540 3404 3592 puero-

1815 3611 1935 3648 rum
1984 3600 2161 3653 zetatis
2216 3600 2347 3654 ﬂore
2390 3617 2455 3657 ac
2500 3605 2715 3672 egregia
2762 3605 2932 3663 forma
2984 3612 3394 3681 excellentium,

1815 3690 1898 3742 vel
1943 3691 2078 3745 albae
2124 3703 2178 3746 et
2229 3695 2442 3749 macula
2502 3700 2743 3754 carentis
2795 3706 3017 3759 camela:
3063 3705 3339 3775 diluculo;
3371 3726 3404 3765 e

1813 3797 2078 3838 converso
2108 3790 2503 3842 monachorum
2554 3793 2716 3844 vitam
2759 3796 3086 3864 angelicam,
3122 3800 3398 3868 pietatem,

1812 3883 1978 3941 atque
2005 3879 2477 3933 conversationem
2509 3890 2785 3938 austeram
2819 3887 2890 3940 ob
2918 3890 3110 3945 oculos
3136 3893 3310 3960 ponit,
3339 3904 3402 3949 ut

1812 3967 2138 4020 conveniant
2175 3969 2242 4022 ad
2276 3984 2429 4024 sacra
2474 3975 2729 4042 mysteria
2771 3982 3241 4039 communicantes
3276 4003 3291 4048 ;
3330 3986 3399 4041 de

1813 4058 1983 4126 inani,
2033 4077 2198 4131 quam
2248 4061 2482 4134 fugiunt,
2522 4067 2715 4135 gloria,
2757 4081 2923 4139 utque
2974 4089 3098 4130 vere
3152 4078 3397 4147 philoso-

1808 4152 2052 4220 phantur
2088 4144 2569 4224 (Persae-profecto
2601 4160 2779 4216 adhuc
2814 4162 3101 4220 inunolant
3136 4144 3393 4227 feniinam

1808 4244 2100 4310 camelum,
2148 4255 2287 4301 teste
2318 4245 2393 4301 La
2429 4246 2597 4313 Valle,
2629 4263 2782 4320 parte
2818 4270 2855 4319 ι,
2903 4271 2957 4324 p.
2990 4257 3096 4312 155
3126 4270 3183 4315 et
3226 4261 3316 4329 48,
3342 4272 3397 4318 et

1807 4330 1992 4387 Nieela
2021 4334 2074 4387 in
2112 4334 2230 4388 Vita
2259 4333 2315 4390 S.
2347 4336 2483 4391 Elia:
2525 4341 2644 4394 novi
2671 4347 2942 4413 martyris,
2986 4363 3039 4416 p.
3070 4349 3206 4417 202,
3230 4368 3392 4421 quem

100 4426 373 4491 subinde,
401 4428 576 4483 donec
615 4430 795 4484 innuit.
824 4432 989 4499 ﬁlius,
1026 4444 1083 4488 ut
1112 4436 1213 4506 ipsi
1253 4439 1357 4493 sibi
1392 4442 1701 4498 consuleret
1740 4445 1782 4502 D
1810 4425 2042 4493 ν”θίυιίί
2087 4425 2381 4482 θθ¹¹¹δ⁰η⁸⁶
2433 4429 2684 4486 Florel’al
2710 4433 2860 4490 Eli“
2912 4438 3011 4492 is“:
3037 4455 3183 4495 ³¹¹¹¹⁰
3228 4442 3289 4497 δ’
3325 4442 3391 4497 Ν·

102 4530 309 4587 pater,
352 4517 590 4590 fugaque
630 4522 863 4578 salutem
914 4539 1218 4596 quaereret;
1261 4530 1500 4586 haerebat
1525 4542 1706 4590 tamen

98 4607 296 4673 Nilus,
322 4608 494 4666 donec
517 4612 746 4666 nimium
767 4615 1112 4673 intervallum
1132 4621 1251 4691 ejus
1272 4623 1462 4680 oculos
1482 4624 1709 4681 frustra-

101 4713 237 4754 tum
266 4713 370 4765 est,
404 4703 687 4761 deficiente
716 4708 1077 4767 nihilominus
1109 4730 1272 4769 sensu
1307 4718 1478 4784 visus,
1521 4730 1708 4776 secuta

98 4802 199 4848 est
265 4794 521 4851 voluntas
570 4808 623 4852 et
677 4814 832 4853 amor
875 4802 1046 4857 ﬁlium
1104 4807 1504 4875 comitabatur,
1553 4812 1708 4869 Nilus

105 4887 344 4940 tamlem
405 4888 595 4945 dolore
646 4893 929 4951 confectus
978 4897 1254 4955 discessit.
1309 4903 1485 4959 Simul
1542 4916 1709 4975 atque

102 4983 378 5035 Saraceni
406 4985 596 5050 procul
627 4999 990 5053 recesserunt,
1024 4994 1210 5048 multis
1234 4997 1358 5051 aliis
1389 5014 1485 5069 per
1514 5001 1708 5054 solitu-

101 5074 304 5125 dinem
354 5074 672 5142 trucidatis,
743 5085 798 5131 et
850 5080 1103 5137 discusso
1160 5083 1381 5149 nimbo,
1440 5089 1707 5144 serenitas

100 5161 331 5218 effulsit
359 5165 565 5233 aliqua,
601 5184 795 5225 rursus
819 5186 943 5225 eum
967 5174 1089 5229 aliis
1114 5178 1396 5231 monachis
1426 5182 1706 5235 descendit

101 5274 136 5311 c
168 5267 360 5310 monte
389 5257 565 5323 Nilus,
595 5269 654 5313 ut
688 5262 863 5317 tribus
908 5264 1015 5319 illis
1047 5266 1220 5321 ofﬁcia
1261 5269 1444 5325 debita
1476 5272 1703 5327 exhibe-

102 5359 334 5415 rentur,
366 5352 829 5426 bumarentnrque
852 5358 1009 5413 beata
1031 5375 1279 5430 corpora.
1307 5362 1500 5418 Senem
1529 5368 1705 5422 adhuc

104 5444 223 5513 ipsi
262 5444 560 5512 spirantem
616 5462 1016 5519 compererunt,
1059 5454 1151 5523 qui
1205 5456 1491 5511 collectum
1544 5459 1704 5527 spiri-

109 5551 260 5596 tum,
291 5548 347 5589 ut
378 5552 475 5593 eos
499 5540 880 5598 adhortaretur
912 5546 978 5599 ad
1012 5547 1361 5601 serviendum
1391 5550 1559 5621 686
1592 5551 1705 5607 Deo

107 5638 460 5691 constanter,
482 5631 701 5686 demum
735 5636 951 5691 emisit:
980 5638 1277 5692 vocabatur
1308 5640 1393 5694 hic
1423 5641 1706 5712 presbyter

105 5720 462 5789 'l'heodulus,
490 5732 542 5778 et
562 5739 823 5782 coronam
848 5729 1090 5800 migrans
1110 5730 1177 5787 ad
1205 5732 1407 5789 cmlum
1433 5732 1700 5804 obtinuit;

1813 4516 1935 4580 768,
1986 4519 2175 4573 mundi
2228 4520 2419 4588 6268);
2455 4522 2522 4576 de
2576 4524 2847 4580 Arabibus
2896 4532 3255 4602 nomadibus,
3298 4536 3393 4605 qui

1811 4611 1980 4665 stellae
2029 4609 2256 4667 Veneris
2303 4617 2576 4669 matutino
2605 4632 2669 4672 ac
2698 4617 2955 4676 Lucifero
2984 4634 3136 4678 astro
3165 4626 3391 4697 (gemini

1810 4704 2070 4772 praevium
2097 4705 2355 4774 temporis
2379 4709 2595 4761 vocavit
2615 4707 2818 4765 Seneca
2844 4712 3113 4782 tragicus;
3139 4726 3223 4770 est
3244 4719 3391 4773 enim

1809 4809 2004 4863 vesper
2057 4795 2259 4859 etiam,
2322 4812 2443 4866 qua:
2504 4799 2733 4855 lucescit
2780 4803 2887 4871 bis,
2944 4806 3101 4874 quasi
3152 4808 3394 4865 educens

1809 4902 2117 4956 cogensque
2192 4889 2473 4944 stellarum
2516 4892 2748 4947 aliarum
2789 4900 3030 4966 gregem)
3062 4915 3114 4967 p.
3150 4900 3275 4955 217.
3315 4901 3390 4956 lbi

1808 4976 2082 5032 Conibelis
2110 4976 2289 5033 Nilum
2320 4981 2570 5037 dilaudat
2595 4985 2662 5039 de
2700 4986 2805 5039 isto
2835 4986 3165 5045 Saracenico
3204 5008 3391 5048 errore

1810 5069 1863 5119 in
1897 5069 2034 5122 libro
2074 5069 2147 5123 De
2176 5073 2321 5126 caede
2351 5082 2666 5130 sanctorum
2690 5075 2912 5134 Patrum
2945 5081 2996 5134 in
3028 5091 3214 5138 monte
3236 5085 3389 5151 Sina,

1808 5170 1862 5211 et
1894 5156 2067 5213 fusius
2097 5160 2231 5229 agit.

1876 5270 2064 5326 Astitit
2125 5271 2247 5326 Nilo
2312 5290 2437 5328 cum
2516 5277 2796 5334 retulisset
2869 5282 3151 5338 incursum
3225 5284 3391 5339 Sara-

1806 5380 2103 5431 cenorum,
2163 5378 2217 5421 et
2264 5372 2462 5424 caedem
2521 5371 2954 5442 monachorum,
2998 5377 3158 5445 cujus
3216 5378 3389 5449 hypo-

1807 5460 2038 5528 typosim
2083 5458 2196 5527 jam
2256 5461 2509 5529 reposui,
2568 5461 2831 5531 profugus
2884 5469 3191 5537 ecaptivis,
3250 5488 3391 5539 quos

1790 5538 2026 5604 'Barbari
2090 5553 2616 5621 comprehenderant
2668 5556 2889 5626 elapsus
2933 5574 2999 5614 ex
3053 5576 3241 5617 eorum
3293 5581 3388 5618 ca-

1805 5644 1955 5703 stris,
2009 5660 2200 5700 servus
2240 5661 2434 5716 nempe
2478 5646 2794 5718 Magadonis
2818 5656 3115 5719 senatoris,
3161 5668 3213 5712 et
3246 5674 3387 5713 nun-

1808 5738 1902 5791 tiat
1929 5737 2093 5808 687
2129 5739 2307 5795 adhuc
2340 5741 2605 5797 anhelans
2639 5758 2698 5799 se
2724 5744 2824 5800 abs
2854 5745 2961 5802 illis
2989 5748 3266 5821 aufugisse
3290 5751 3388 5806 de-
