3816 6220
393 266 529 331 ms

1142 265 1293 327 IOS.
1334 262 1601 325 MARI/E
1640 261 2001 322 SUARESII
2044 259 2277 319 LIBER
2315 258 2957 320 CIIRONOLOGICUS

3550 260 3673 321 1416

386 386 683 451 signatum,
721 391 780 435 ut
813 378 1192 434 immolaretur
1238 393 1367 433 cum
1408 375 1693 431 Theodqu
1737 373 1841 427 Nili
1873 374 1987 459 lilip
2015 382 2060 437 Α
2088 374 2369 432 emittunt,
2418 370 2562 423 unde
2612 370 2863 423 scintilla:
2911 368 3183 432 decussae,
3230 368 3401 439 688
3428 370 3565 423 etin
3604 370 3680 423 fu-

387 473 727 527 illucescenti
776 470 1030 526 Lucifero
1059 486 1072 523 :
1101 477 1390 540 percenset
1437 478 1761 538 apparatum
1810 467 1984 520 sacri-

388 566 518 628 ficii,
561 575 615 619 et
649 563 939 628 Theoduli,
985 562 1080 632 qui
1120 570 1365 632 perstare
1412 560 1680 621 voluerat,
1726 566 1983 612 constan-

386 657 542 718 tiam,
600 656 795 711 confisi
848 655 1047 708 divinae
1099 652 1524 713 misericordiae,
1582 651 1981 705 immanitatem

388 752 686 806 nomadum
749 750 989 804 Arabum
1048 755 1254 802 tantam
1318 745 1571 807 allirmat,
1610 753 1668 797 ut
1720 750 1985 797 exuerent

386 860 606 899 omnem
668 842 1097 903 humanitatem,
1152 848 1208 894 et
1258 838 1513 894 srevirent
1558 835 1743 905 impie,
1789 834 1986 887 imma-

390 936 644 1005 nitcrque
694 934 747 987 iu
805 932 1128 995 monachos,
1182 945 1418 999 cumque
1473 927 1694 981 illorum
1748 939 1983 994 corpora

388 1028 682 1082 illudeutes
730 1024 1234 1083 exearnilicassent,
1292 1020 1558 1090 insepulta
1609 1019 1701 1072 illa
1745 1016 1983 1071 derelin-

387 1129 641 1191 querent,
674 1134 771 1173 nec
799 1119 966 1171 humo
997 1126 1196 1185 tegere,
1226 1113 1309 1167 vel
1334 1112 1567 1167 obruere
1596 1111 1980 1181 dignarentur,

387 1213 481 1269 sed
518 1211 626 1266 Deo
658 1211 982 1265 devotorum
1031 1209 1230 1261 animae.
1258 1205 1314 1259 in
1350 1204 1549 1258 ccelum
1596 1210 1829 1271 receptat
1858 1200 1981 1253 vin-

386 1307 593 1360 dictam
636 1321 665 1356 a
711 1302 824 1357 Deo
864 1300 1210 1371 ﬂagitabant,
1254 1307 1309 1353 et
1352 1296 1579 1367 sanguis
1613 1295 1681 1348 ad
1712 1309 1836 1348 eum
1871 1292 1983 1347 ela-

386 1399 591 1453 tnabat.
640 1396 770 1450 Erat
815 1395 1040 1449 nuntius
1082 1394 1188 1447 iste
1221 1406 1413 1446 servus
1459 1387 1776 1458 Magadonis
1819 1400 1982 1441 sena-

386 1492 542 1553 toris,
579 1489 674 1560 qui
716 1487 944 1552 addidit,
983 1495 1044 1541 ut
1074 1486 1284 1538 Arabes
1336 1483 1412 1535 illi
1460 1481 1740 1535 tribunum
1776 1478 1982 1531 milita-

389 1585 520 1638 riter
574 1590 967 1652 repugnantem
1028 1576 1449 1646 interceperint,
1517 1584 1571 1629 et
1628 1571 1979 1626 membratim

383 1676 682 1731 ceciderint
722 1672 1051 1745 (στρατηγὸν
1076 1672 1176 1741 τῆς
1220 1668 1496 1730 πολιτείας
1548 1666 1733 1719 ducent
1794 1665 1977 1733 reipu-

2090 462 2218 517 mite
2271 463 2545 516 siccorum
2591 461 2989 530 aridorumqne
3036 459 3407 530 virgultorum
3451 474 3686 532 excepLe

2086 553 2361 608 ﬂammam
2411 554 2717 608 excitarent
2761 552 2833 606 ad
2886 567 3084 607 carnes
3136 554 3576 621 concoquendas
3635 555 3687 608 in

2088 645 2301 699 itinere.

2150 736 2367 790 Interea
2414 735 2607 800 Nilus,
2662 735 2868 804 aliique
2912 734 3054 789 versi
3094 734 3162 788 ad
3214 733 3392 789 ofﬁcia
3444 734 3690 790 funebria

2086 829 2232 883 circa
2266 843 2535 882 etesorutn
2588 842 2847 896 corpora,
2896 829 3150 898 quintum
3176 828 3291 897 jam
3334 829 3515 889 diem.
3555 846 3692 881 mor-

2089 931 2211 975 tuos
2251 935 2347 975 eos
2389 921 2750 984 invenerunt,
2792 929 2847 973 et
2882 920 2987 975 huc
3027 921 3269 989 illucque
3306 921 3561 989 jacentia
3615 938 3696 975 ca-

2084 1013 2282 1068 davera
2308 1013 2460 1066 nullo
2515 1021 2654 1066 tetro
2715 1011 2916 1066 infecta
2976 1013 3186 1076 odore,
3246 1026 3355 1066 non
3414 1015 3695 1081 putredine

2084 1106 2301 1173 vitiata,
2351 1120 2453 1159 nec
2498 1105 2696 1158 violata
2746 1118 2933 1159 morsu
2971 1105 3271 1159 bestiarum
3304 1105 3610 1168 feracium,
3648 1116 3696 1159 ct

2084 1201 2523 1262 earnivorarttm,
2560 1198 2656 1253 sed
2692 1198 3026 1267 incorrupta,
3067 1207 3121 1252 et
3151 1197 3391 1267 integra,
3432 1215 3539 1252 nec
3577 1200 3689 1253 dis~

2084 1292 2263 1348 soluta
2298 1292 2381 1346 vel
2413 1290 2579 1357 ﬂuxa,
2614 1298 2674 1344 ut
2707 1290 2933 1355 assolet,
2962 1304 3196 1359 quorum
3222 1291 3461 1343 nomina
3494 1291 3697 1345 didice-

2083 1393 2213 1439 ruut
2254 1384 2324 1438 ab
2356 1384 2448 1438 illo
2486 1381 2803 1452 Magadouis
2842 1397 3046 1437 servo:
3091 1383 3147 1437 in
3179 1381 3524 1439 Bethambre
3563 1384 3697 1439 Pro-

2083 1477 2288 1539 culum,
2338 1475 2630 1547 Hypatium
2682 1476 2735 1528 in
2794 1474 2956 1539 Geth,
3011 1473 3163 1530 lsaac
3212 1477 3272 1530 in
3324 1480 3691 1543 monasterio,

2085 1568 2139 1623 in
2191 1567 2476 1623 mansione
2520 1567 2801 1622 eremitica
2861 1567 3080 1632 Salael,
3134 1566 3449 1623 Macariutn
3513 1580 3690 1624 autem

2084 1670 2140 1713 et
2183 1658 2426 1713 Marcum
2485 1674 2583 1730 per
2638 1660 2990 1715 solitudinem
3034 1670 3190 1716 extra
3238 1665 3591 1727 mansiones,
3643 1674 3694 1717 et

389 1721 681 1731 πωπω..-
751 1721 804 1727 --
968 1721 1042 1741 ,--
1089 1721 1173 1741 -.ρ
1228 1721 1254 1722 η
1332 1721 1335 1722 ν
1477 1721 1493 1730 .
1875 1721 1885 1733 .
2486 1721 2504 1730 -
3580 1721 3589 1727 .

384 1774 536 1827 blica:
566 1721 899 1837 venissem),
932 1721 1215 1821 dominum
1252 1777 1379 1816 vero
1422 1776 1581 1815 suum
1617 1757 1973 1829 Magadonem
2013 1721 2056 1776 Β
2086 1750 2369 1821 Beniamin
2403 1750 2460 1805 in
2509 1752 2785 1806 exteriore
2817 1767 3001 1807 eremo
3044 1751 3234 1819 Elim,
3289 1755 3597 1809 Eusebium
3639 1757 3692 1809 in

387 1865 604 1934 publico
636 1860 978 1933 perfunctum
1030 1870 1257 1911 munere
1287 1868 1413 1908 cum
1463 1853 1576 1905 lilio
1646 1851 1976 1918 duobusque

387 1955 605 2009 famulis
670 1962 862 2007 contra
914 1946 1075 2001 tidem
1134 1945 1315 1998 datam
1380 1940 1795 2000 interfecerint,
1853 1945 1974 1990 tum

388 2047 718 2102 monachum
774 2038 1141 2096 venerabilem
1211 2034 1545 2105 praecipitem
1610 2030 1865 2085 dederint
1920 2027 1976 2081 itt

388 2149 618 2207 petram,
646 2132 1000 2202 scopulumve
1024 2127 1331 2195 subjectum
1354 2143 1368 2190 ;
1397 2139 1522 2177 mox
1570 2122 1976 2177 adolescentem

389 2229 717 2284 monachum
765 2222 1167 2282 ohtruncarint,
1219 2227 1335 2272 tum
1382 2215 1548 2269 alium
1596 2213 1979 2267 adolescentu-

386 2321 499 2375 luut
552 2320 861 2374 animosum
915 2312 1235 2367 vulneribus
1282 2307 1641 2370 confecerint,
1680 2319 1976 2360 occurren-

386 2425 575 2482 tesque
608 2419 721 2465 tres
760 2408 961 2472 adhuc,
992 2414 1045 2459 et
1087 2405 1139 2457 in
1175 2401 1408 2472 tuguriis
1437 2399 1672 2461 duobus,
1710 2405 1975 2465 repertos,

387 2505 455 2558 ad
503 2510 749 2557 austrum
795 2497 1016 2568 quidem
1055 2509 1248 2557 unum,
1294 2500 1348 2546 et
1381 2491 1612 2544 alterum
1648 2490 1716 2542 ad
1760 2497 1977 2556 septen-

387 2596 652 2659 trionem;
674 2621 744 2632 —
757 2589 1057 2644 universim
1080 2595 1204 2642 octo
1221 2584 1543 2646 monachos,
1565 2581 1765 2650 quibus
1781 2581 1825 2635 si
1850 2580 1979 2649 jun-

388 2695 588 2757 gantur
642 2693 753 2738 tres
798 2681 1085 2743 nominati,
1131 2677 1441 2748 sepultique
1469 2674 1761 2745 superius,
1806 2674 1977 2728 unde-

387 2780 496 2834 cim
537 2774 1029 2846 comptttabuntur;
1060 2799 1132 2811 ——
1157 2785 1218 2826 se
1248 2770 1339 2825 ille
1367 2784 1560 2824 servus
1606 2777 1685 2823 tot
1736 2766 1977 2822 czedibus

390 2868 746 2940 perterritum
805 2863 1109 2934 arripuisse
1162 2860 1344 2931 fugam
1401 2861 1636 2925 asserit;
1692 2859 1787 2914 sed
1844 2857 1978 2929 quid

386 2942 571 3015 sctum
614 2955 917 3020 Theodulo,
966 2969 1127 3023 quem
1176 2952 1562 3006 immolandum
1608 2951 1710 3021 ipsi
1751 2949 1977 3005 Barbari

2084 1841 2216 1898 Tola
2251 1843 2444 1913 (locus
2477 1851 2562 1897 est
2613 1843 2715 1898 hoc
2744 1843 2966 1897 nomine
3015 1843 3083 1897 ad
3114 1855 3432 1899 extremum
3485 1849 3687 1900 montis

2085 1935 2275 2003 pedem
2324 1935 2518 2006 quinto
2562 1935 2738 2005 lapide
2786 1935 2856 1988 ab
2911 1936 3025 1989 aede
3072 1951 3250 1998 sacra,
3304 1938 3400 1993 tibi
3453 1937 3691 1993 Joannes

2083 2027 2358 2084 Climacus
2412 2042 2587 2082 annos
2650 2028 3011 2098 quadraginta
3057 2030 3269 2099 peregit
3319 2045 3450 2083 eum
3506 2030 3689 2093 Musei

2082 2129 2138 2175 et
2168 2120 2341 2175 Eliam
2373 2120 2426 2173 in
2458 2120 2606 2185 Aze;
2637 2120 2692 2173 in
2721 2118 2902 2175 Patris
2941 2119 3016 2175 Le
3049 2120 3229 2175 Sueur
3270 2124 3537 2178 versione
3565 2124 3686 2177 Gal-

2083 2212 2188 2268 lica
2229 2213 2319 2267 hic
2364 2212 2516 2267 Isaac
2542 2212 2879 2283 adjuugitur,
2921 2228 2987 2268 ex
3028 2212 3265 2268 Eusebio
3292 2226 3347 2269 et
3371 2214 3516 2272 Elia.
3553 2217 3682 2269 Cum

2082 2306 2221 2361 alter
2250 2304 2538 2361 confossus
2568 2307 2741 2376 plagis
2766 2306 2948 2360 adhuc
2977 2306 3216 2360 animam
3250 2309 3527 2372 traheret,
3559 2324 3678 2362 emn

2082 2398 2440 2465 deportarunt
2486 2398 2540 2452 in
2577 2398 2830 2452 cellulam
2856 2437 2871 2463 ,
2898 2409 2967 2457 .et
3007 2400 3284 2467 persoluto
3334 2400 3571 2470 reliquis
3604 2401 3685 2454 of-

2083 2491 2228 2556 licio,
2279 2489 2511 2545 reduces
2542 2492 2915 2544 exanimatum
2959 2506 3125 2560 prope
3175 2491 3463 2561 hydriam,
3511 2493 3566 2547 in
3602 2509 3686 2562 ge-

2084 2598 2189 2636 nua
2225 2597 2482 2653 pronum,
2516 2591 2573 2636 et
2600 2601 2630 2637 :t
2656 2594 2785 2653 potu
2822 2595 3041 2653 propter
3065 2582 3353 2637 vulnerum
3379 2584 3686 2638 inﬂamma—

2084 2678 2313 2743 tionem,
2346 2679 2477 2735 dum
2502 2680 2638 2744 sitit,
2666 2677 2935 2733 defecisse
2964 2691 3327 2750 agnoverunt,
3361 2691 3420 2735 et
3447 2682 3498 2735 ei
3523 2683 3682 2735 etiam

2080 2774 2229 2843 justa
2262 2774 2623 2841 fecerunt;et
2666 2774 2935 2844 siquidem
2987 2775 3075 2828 isti
3127 2785 3255 2829 octo
3306 2786 3440 2829 sunt
3487 2777 3579 2830 alii
3615 2780 3678 2829 ab

2084 2868 2191 2923 illis
2234 2878 2377 2935 octo,
2422 2883 2657 2938 quorum
2703 2867 2906 2922 caedem
2940 2876 3299 2923 enarraverat
3339 2882 3541 2924 servus
3576 2869 3683 2922 Ma-

2085 2961 2331 3032 gadonis,
2374 2962 2579 3031 quique
2616 2976 2741 3016 cum
2784 2960 2983 3025 tribus,
3029 2977 3167 3031 quos
3216 2961 3502 3031 primitias
3544 2979 3684 3015 mar-

389 3051 771 3113 susurrabant,
803 3048 1058 3117 ignorare
1090 3061 1149 3100 se
1182 3044 1400 3099 fatetur.
1436 3041 1638 3112 Ingerit
1669 3040 1826 3096 Nilus
1855 3057 1974 3112 gra-

2149 3068 2261 3106 rum
2311 3053 2530 3107 illorum
2584 3052 2707 3121 jure
2764 3052 3249 3122 nuncupabimus,
3302 3053 3681 3108 novemdecim

388 3146 543 3201 viore
568 3140 939 3198 sollicitudine
971 3152 1269 3208 Oppressus
1320 3139 1595 3191 somnium
1626 3151 1810 3198 suum,
1850 3150 1976 3189 cum

390 3253 504 3309 prae
557 3235 745 3290 dolore
785 3231 1188 3296 obdormisset,
1223 3237 1282 3283 ιιι
1321 3228 1514 3298 Opinor
1539 3267 1553 3292 ,
1591 3229 1740 3282 visus
1771 3227 1875 3281 sibi
1912 3228 1979 3282 ab

390 3330 575 3399 ignoto
633 3325 905 3381 redditam
969 3322 1256 3391 epistolam
1309 3319 1426 3384 ﬂlii,
1468 3319 1523 3373 in
1569 3319 1730 3389 cuius
1781 3318 1980 3373 inscri-

389 3420 578 3490 ptione
602 3432 660 3472 se
696 3414 967 3486 μακάριον
1008 3411 1328 3467 Tlteodulus
1366 3410 1747 3475 attestabatur,
1779 3410 1829 3463 id
1873 3418 1977 3471 est,

391 3512 638 3582 felicem;
673 3508 823 3564 addit
864 3504 1237 3561 fortitudinem
1272 3501 1556 3569 cujusdam
1604 3500 1794 3555 matris
1835 3498 1981 3552 Pha-

392 3620 492 3657 ran
526 3600 810 3657 incolentis
832 3641 847 3665 ,
884 3613 1006 3668 qua:
1038 3596 1236 3650 mulier
1266 3608 1396 3647 vere
1428 3592 1588 3647 fortis
1617 3592 1841 3645 inventa
1872 3597 1975 3645 est.

392 3696 529 3751 Nam
562 3695 732 3749 ﬂlium
777 3692 1178 3747 adolescentem
1214 3704 1244 3742 a
1280 3686 1537 3741 Barbaris
1570 3683 1979 3754 grassatoribus

392 3789 779 3857 interemptum
805 3826 821 3850 ,
863 3793 923 3837 ut
968 3779 1285 3852 praefertur,
1338 3792 1462 3834 cum
1516 3777 1840 3846 accepisset,
1870 3790 1979 3830 non

394 3881 732 3936 muliebriter
759 3877 974 3948 ejulans
1022 3889 1149 3928 eum
1199 3870 1440 3934 deﬂevit,
1473 3870 1568 3925 sed
1617 3868 1728 3924 Deo
1776 3868 1981 3939 gratias

395 3989 586 4045 agens,
625 3973 802 4042 deque
831 3968 1005 4040 ipsius
1052 3968 1230 4022 salute
1260 3980 1475 4029 secura,
1504 3977 1693 4017 necem
1718 3962 1863 4016 illius
1892 3976 1983 4030 ge-

393 4080 589 4121 nerose
619 4062 891 4127 toleravit,
937 4068 993 4115 et
1041 4058 1145 4114 sibi
1177 4058 1355 4127 potius
1385 4054 1654 4127 gratulata
1687 4064 1791 4115 est,
1822 4061 1983 4107 tunc-

392 4175 501 4230 que
546 4158 696 4212 illius
724 4154 975 4225 exemplo
1000 4168 1058 4208 se
1108 4161 1467 4213 commotum,
1501 4149 1817 4218 pudoreque
1849 4160 1981 4200 cou-

391 4251 578 4305 fusum
643 4249 883 4302 erexisse
966 4245 1211 4298 animum
1297 4243 1591 4296 conlitetur
1664 4236 1862 4304 Nilus,
1927 4245 1982 4291 et

392 4343 691 4396 maximum
731 4340 977 4392 levamen
1032 4347 1196 4405 atque
1225 4333 1478 4388 solatium
1504 4330 1628 4385 inde
1650 4328 1977 4400 percepisse.

390 4430 550 4486 Certe
575 4430 621 4485 si
649 4429 841 4484 eodem
891 4436 1138 4496 tempore
1190 4422 1551 4495 superfuisset
1595 4422 1838 4492 ejusdem
1870 4418 1974 4474 Nili
2010 4425 2053 4480 D

391 4523 615 4589 conjux,
651 4529 706 4575 et
734 4519 864 4581 lilia,
897 4516 1166 4588 potuisset
1191 4515 1258 4569 ad
1305 4514 1426 4569 illas
1470 4511 1860 4581 apostrophen,
1892 4510 1979 4566 vel

391 4611 613 4681 aliquod
681 4610 1041 4680 epiphonema
1111 4606 1347 4674 dirigere
1390 4620 1405 4656 :
1449 4617 1518 4655 an
1572 4602 1701 4671 quia
1749 4610 1979 4656 mortuae

393 4704 596 4757 numdo
626 4710 804 4765 erant,
842 4701 1032 4763 tacuit,
1064 4714 1131 4752 an
1166 4705 1388 4767 propter
1416 4695 1595 4750 illatas
1620 4694 1731 4765 jam
1760 4709 1976 4759 causas,

390 4796 681 4865 aequanimi
729 4794 945 4849 lectoris
977 4792 1081 4847 erit
1117 4792 1429 4845 arbitrium.

461 4907 727 4962 Memorat
756 4923 920 4978 porro
953 4905 1129 4972 Nilus,
1172 4906 1323 4961 hisce
1362 4907 1567 4962 nuntiis
1615 4906 1852 4962 cladium
1882 4918 1980 4957 au-

389 5003 517 5056 ditis
573 5001 897 5055 convenissc
972 4998 1340 5061 Pltaranitas,
1392 4999 1684 5069 visumque
1740 4996 1977 5052 consilio

393 5112 501 5149 non
554 5094 1017 5149 dissimulandum
1085 5093 1231 5148 istud
1286 5093 1590 5164 ﬂagitium,
1648 5090 1979 5159 silentioque

392 5186 704 5256 tegendum,
744 5185 855 5240 imo
881 5186 992 5256 regi
1015 5185 1382 5242 Barbarorunt
1442 5196 1634 5242 contra
1675 5184 1855 5240 foedus
1896 5193 1980 5238 at-

390 5286 659 5331 tentatum
703 5277 885 5331 scelus
915 5278 1360 5348 signiﬁcandum,
1391 5278 1976 5348 conquerendumqtte,

391 5380 452 5424 ut
492 5371 680 5425 saltem
721 5370 1099 5426 inhiberentur
1147 5371 1288 5428 fteda
1330 5374 1435 5427 ista
1480 5372 1769 5441 latrocinia
1815 5372 1974 5426 deiu-

390 5478 550 5531 ceps;
586 5464 849 5518 miserunt
872 5465 1033 5531 igitur
1058 5465 1205 5521 cives
1224 5465 1299 5518 illi
1328 5466 1467 5520 duos
1498 5466 1970 5529 hemerodromos,

392 5550 448 5604 id
486 5560 586 5629 est,
620 5568 872 5607 cursores
903 5552 1131 5608 diurnos
1178 5555 1474 5623 puberibus
1520 5554 1838 5615 adultiores,
1883 5554 1979 5622 qui

391 5640 577 5695 ferunt
627 5644 730 5696 tela
776 5655 831 5698 et
854 5646 1094 5705 hastilia,
1140 5655 1201 5699 ut
1237 5646 1399 5714 figant
1444 5645 1608 5710 feras,
1654 5653 1707 5699 et
1744 5646 1975 5708 silicem,

393 5729 477 5787 vel
502 5730 841 5800 igniariume
878 5734 1050 5801 silice,
1101 5734 1375 5805 ferroque,
1409 5751 1531 5806 quae
1570 5736 1759 5792 collisa
1796 5738 1975 5807 ignem

2079 3149 2561 3215 contputabuntur,
2587 3156 2642 3203 et
2667 3147 3005 3216 reliquorum
3032 3147 3417 3202 novemdecim
3458 3150 3681 3203 nontiua

2080 3239 2259 3295 Fastis
2307 3240 2567 3310 inscripta
2615 3241 2936 3295 coelestibus
2999 3242 3149 3295 velut
3201 3242 3566 3296 adauctorum
3630 3257 3683 3299 et

2079 3341 2465 3387 coronatorum
2497 3333 2903 3387 venerabimur.

2148 3426 2506 3479 Commodum
2542 3438 2669 3481 ecce
2706 3422 2829 3478 Nilo
2884 3425 3097 3478 Pltaran
3154 3426 3525 3495 regrediente,
3558 3427 3682 3481 red-

2079 3525 2213 3570 eunt
2270 3530 2394 3570 cum
2439 3514 2645 3569 litteriﬂ
2684 3515 2852 3583 reguli
2887 3514 3276 3578 Barbarorum,
3314 3515 3681 3570 Plemerodro-

2080 3610 2152 3662 mi
2199 3623 2230 3662 a
2258 3607 2574 3662 Pharanitis
2603 3607 2670 3661 ad
2712 3607 2865 3661 illum
2897 3609 3073 3671 missi,
3115 3618 3169 3663 et
3208 3610 3274 3663 ad
3308 3626 3503 3680 pacem
3547 3628 3677 3665 con-

2083 3700 2443 3766 firmandam,
2512 3716 2745 3770 qumque
2796 3712 2952 3772 capta
3010 3701 3231 3756 fuerant
3298 3706 3676 3770 restituenda,

2081 3792 2419 3860 aediumque
2462 3792 2761 3860 ultionem,
2819 3808 2889 3845 ne
2934 3794 3267 3847 commercia
3326 3796 3679 3850 solverentur

2082 3899 2143 3939 se
2194 3886 2416 3953 regulus
2470 3883 2730 3938 offerebat
2790 3884 2900 3939 illis
2963 3897 3304 3954 promptum.
3370 3886 3679 3942 Remittunt

2081 3987 2329 4031 oratores
2355 3992 2481 4030 cum
2516 3976 2673 4030 donis
2709 3976 3017 4031 Pbaramtte
3044 3977 3111 4031 ad
3138 3977 3392 4031 eumdem
3426 3979 3678 4048 regulum

2082 4068 2471 4133 Barbarorum,
2512 4069 2606 4137 qui
2638 4069 2871 4123 libenter
2922 4078 3234 4140 argentatas
3268 4070 3502 4124 audiunt
3543 4088 3677 4140 que—

2082 4160 2365 4226 rimonias,
2393 4169 2448 4214 et
2487 4169 2613 4214 ante
2640 4174 2872 4228 quorum
2909 4161 3172 4230 principis
3203 4160 3399 4215 faciem
3444 4177 3675 4214 munera

2082 4252 2316 4323 Spatium
2375 4251 2603 4315 faciunt,
2665 4251 3085 4306 Proverbiorum
3136 4267 3291 4319 mn,
3354 4252 3441 4315 l6,
3486 4262 3546 4306 ut
3591 4263 3677 4307 est

2081 4360 2243 4399 omne
2289 4344 2654 4398 Barbarorum
2696 4360 2869 4413 genus
2908 4343 3232 4415 φιλόδωρον,
3268 4346 3363 4398 καὶ
3414 4345 3678 4417 φιλοχρή-

2081 4454 2271 4507 ματον,
2302 4452 2369 4491 ex
2402 4434 2677 4491 Herodian
2712 4436 2767 4489 in
2811 4435 3023 4501 Sever.,
3053 4436 3105 4490 id
3132 4447 3239 4500 est,
3271 4451 3465 4492 amans
3499 4438 3677 4492 dono-

2079 4546 2201 4583 rum
2257 4538 2313 4584 et
2340 4530 2723 4600 pecuniarum.
2755 4529 3141 4598 Peregrinatur
3185 4545 3310 4585 cum
3360 4535 3678 4588 oratoribus

2081 4622 2188 4677 illis
2228 4622 2294 4676 ad
2344 4632 2598 4676 octavum
2645 4635 2818 4691 usque
2865 4622 3006 4675 diem
3052 4619 3251 4687 Nilus;
3293 4638 3419 4676 nam
3464 4626 3534 4678 ad
3576 4625 3678 4680 hoc

2080 4717 2184 4771 iter
2214 4717 2617 4771 conficiendum
2651 4716 2942 4771 duodecim
2984 4724 3104 4769 erat
3134 4717 3328 4771 diebus
3376 4732 3550 4786 Opus;
3597 4719 3676 4771 la-

2078 4810 2375 4865 borabatur
2420 4810 2474 4862 in
2505 4809 2695 4864 eodem
2737 4824 2892 4876 aquae
2931 4811 3182 4877 penuria,
3212 4810 3307 4863 sed
3343 4809 3470 4865 fons
3498 4814 3677 4881 proti-

2080 4918 2203 4956 mus
2233 4904 2557 4971 sperabatur
2601 4917 2633 4955 a
2664 4902 2995 4966 sitientibus,
3032 4910 3087 4956 et
3124 4902 3517 4970 indicabatur;
3551 4915 3677 4959 tunc

2079 4993 2259 5059 Nilus,
2320 5003 2435 5048 tam
2499 4994 2776 5048 debilitate
2856 4995 3269 5064 sencctutisque
3332 4994 3673 5060 infirmitate,

2080 5103 2243 5156 quam
2290 5087 2441 5156 gravi
2486 5088 2753 5141 modestia
2788 5087 3123 5153 retardante,
3158 5088 3237 5141 uti
3264 5086 3381 5156 jam
3425 5089 3674 5142 anitnad~

2079 5182 2237 5245 verti,
2294 5180 2556 5250 nequibat
2615 5181 2836 5250 assequi
2889 5182 3121 5236 comites
3174 5196 3243 5236 eo
3293 5183 3669 5240 convolantes.

2080 5289 2393 5344 quanquam
2424 5274 2626 5327 virium
2658 5274 2792 5328 salis
2816 5275 3119 5329 etiamnum
3146 5274 3315 5344 jactat
3344 5275 3447 5329 sibi
3486 5292 3673 5345 supcr-

2083 5368 2251 5422 I'uisse
2282 5368 2528 5435 lingenti,
2562 5383 2627 5422 ac
2651 5369 3007 5437 praesumenti
3038 5377 3387 5437 reperturum
3416 5383 3477 5421 se
3500 5366 3675 5420 Theo-

2080 5460 2267 5513 dulum
2302 5461 2473 5514 lilium
2528 5476 2711 5523 suum,
2736 5472 2789 5515 et
2819 5460 2873 5514 id
2904 5462 3032 5530 quia
3068 5463 3277 5515 circum
3322 5460 3530 5513 fontem
3567 5460 3671 5513 dif-

2083 5553 2185 5606 l'usi
2212 5552 2434 5607 Barbari
2459 5564 2638 5621 erant,
2662 5565 2716 5609 et
2746 5568 2876 5609 vero
2899 5554 3082 5608 Nilum
3116 5553 3262 5609 illico
3286 5553 3339 5607 bi
3366 5563 3670 5623 raptarum,

2080 5661 2206 5698 mox
2257 5646 2585 5702 dimiserunt
2644 5648 2907 5703 militibus
2962 5648 3121 5709 visis,
3184 5656 3239 5701 et
3293 5662 3353 5701 se
3385 5648 3439 5700 in
3488 5646 3670 5716 fugam

2080 5737 2364 5795 dederunt.
2428 5739 2675 5796 Perrexit
2730 5742 2896 5812 igitur
2974 5756 3103 5796 cum
3179 5739 3492 5805 militibus,
3539 5753 3673 5810 qua-
