3816 6220
166 283 335 349 1417

1503 280 1602 339 DE
1641 279 1816 341 VITA
1853 277 1914 336 S.
1956 275 2139 334 NILL

3299 266 3438 332 1418

158 393 487 464 triduoque
552 397 798 463 pervenit
851 389 1008 448 Nilus
1067 390 1123 446 in
1187 397 1369 445 castra
1428 388 1600 460 reguli
1652 390 1778 442 bar—
1806 391 1854 449 Α
1882 382 2220 451 tempestive,
2245 381 2316 435 ita
2345 389 2405 435 ut
2429 395 2552 436 eum
2583 378 2831 450 persequi
2858 377 3074 434 barbari
3098 376 3440 448 nequiverint

156 483 451 539 barorum
537 484 858 549 Ammanis,
942 484 1035 553 qui
1123 484 1352 538 comiter
1440 495 1506 535 ac
1581 480 1781 550 perhuo

158 578 427 632 maniter
480 592 574 633 eos
635 578 866 646 excepit.
941 576 1235 644 Diligenter
1301 575 1373 629 ibi
1439 572 1595 628 Nilus
1652 588 1780 644 per-

159 675 472 720 scrutatur
527 666 594 720 de
646 665 779 729 ﬁlio,
823 665 1172 720 rumusculos
1224 677 1415 718 omnes
1461 673 1774 731 aucupans,

159 757 363 827 689
401 757 726 827 tandemque
771 774 800 812 a
854 757 1142 827 pluribus,
1198 756 1364 810 etiam
1417 751 1776 822 jurejurando

163 847 445 914 praestita
483 846 900 912 afﬁrmantibus,
929 845 1179 916 agnoscit
1199 859 1322 898 eum
1353 843 1557 907 vivere,
1585 840 1776 895 diven-

160 936 478 1006 ditumque
507 937 721 992 cuidam
757 937 899 1006 apud
932 935 1148 989 Elusam
1177 934 1399 1000 urbem;
1434 945 1669 1001 cumque
1693 929 1771 984 illi

165 1029 570 1094 hortarentur,
601 1037 661 1082 ut
689 1043 755 1083 eo
781 1043 839 1082 se
864 1026 1160 1090 conferret,
1186 1024 1329 1078 haud
1369 1024 1530 1078 dubie
1571 1023 1773 1092 quippe

165 1121 254 1174 ibi
287 1136 426 1175 eum
463 1120 740 1174 inventum
772 1118 876 1183 iri;
899 1132 1024 1172 cum
1052 1116 1266 1170 duobus
1294 1114 1394 1169 via!
1424 1113 1616 1182 peritis
1639 1111 1769 1165 Elu-

167 1225 309 1264 sam
351 1209 756 1279 proﬁciscitur;
795 1207 850 1261 in
873 1209 959 1260 via
986 1203 1212 1260 offendit
1238 1201 1390 1256 Nilus
1422 1216 1583 1271 quem
1612 1199 1768 1254 vide-

166 1308 263 1353 rat
292 1301 476 1353 virum
505 1299 640 1352 alias
667 1297 832 1350 Elusa
863 1311 1162 1356 reversum,
1192 1306 1477 1362 agasonem
1509 1291 1767 1342 nimirum

167 1399 511 1459 sequentem
534 1391 783 1459 jumenta
806 1397 1024 1449 onusta,
1052 1385 1143 1449 qui
1168 1385 1406 1454 agnitum
1426 1380 1768 1436 familiariter

166 1481 372 1536 Nilum
426 1482 718 1551 appellans,
753 1480 975 1533 eductas
1010 1494 1039 1532 e
1064 1478 1315 1547 pharetra
1348 1476 1552 1528 litteras
1581 1471 1766 1526 reddi-

166 1575 279 1638 dit,
326 1574 583 1643 bonoqne
617 1574 800 1626 animo
833 1587 954 1627 esse
1007 1572 1186 1639 ipsum
1229 1569 1413 1638 jussit,
1460 1567 1543 1620 ὅτι
1582 1564 1689 1635 γὰρ
1733 1564 1764 1615 ὁ

169 1667 492 1736 πριάμενος
561 1665 674 1717 υἱόν
740 1680 833 1716 σου
886 1662 1104 1728 (aiens)
1159 1661 1274 1714 ἐστὶ
1330 1658 1472 1712 κατὰ
1531 1655 1762 1728 Χριστὸν

1878 486 2100 546 propter
2129 476 2359 545 spatium
2388 475 2668 545 temporis,
2691 490 2757 529 ex
2788 488 2897 543 quo
2923 474 3147 539 abierat,
3175 483 3227 526 et
3258 472 3438 526 incer-

1877 575 1993 621 tum
2024 568 2143 633 vias,
2168 583 2329 637 quam
2371 567 2660 636 delegerat.
2685 565 2805 637 Ego
2841 581 2969 620 vero
3002 565 3281 636 (ait),cum
3318 563 3438 634 plu-

1878 660 2016 714 rima
2051 660 2242 714 mortis
2275 659 2452 728 imago
2479 658 2642 712 menti
2668 673 2800 712 mea:
2830 657 3226 721 obversaretur,
3269 655 3438 727 gemi-

1875 753 2069 805 nabam
2109 749 2176 805 ad
2219 750 2551 804 Altissimum
2585 764 2772 818 preces
2796 748 2962 820 690
2989 762 3158 811 meas,
3190 755 3244 802 et
3279 760 3436 815 opem

1873 841 1995 912 ejus
2024 842 2380 912 implorabam
2410 839 2522 910 spei
2546 847 2759 909 plenus,
2785 855 2853 894 ne
2898 854 3059 894 cruor
3094 853 3249 893 meus
3277 838 3436 892 inuo—

1873 948 2012 988 cuus
2066 943 2121 987 et
2147 933 2400 987 innoxius
2422 931 2756 986 dmmonibus
2799 930 3027 1000 impuris
3064 928 3344 992 libaretur,
3382 935 3438 982 et

1873 1035 2043 1090 astro,
2074 1040 2170 1080 seu
2217 1023 2456 1094 maligno
2498 1023 2708 1092 spiritui
2757 1021 3110 1076 obscenitatis
3154 1035 3218 1076 ac
3253 1019 3437 1074 libidi-

1870 1116 1960 1171 nis
1998 1115 2324 1172 administro
2349 1153 2364 1179 ,
2411 1114 2666 1185 virgineae
2707 1129 2840 1168 mete
2874 1114 3057 1168 carnis
3089 1113 3246 1167 nidor
3291 1118 3439 1168 esset

1869 1207 2216 1264 oblectationi
2246 1207 2595 1261 vehementer
2615 1205 2934 1278 efﬂagitans.
2955 1203 3094 1260 Ecce
3125 1201 3433 1269 proditLu-

1868 1301 2005 1356 cifer
2030 1315 2194 1369 super
2229 1299 2508 1354 horizonta
2540 1298 2712 1353 fausta
2753 1300 2892 1361 luce,
2924 1313 3009 1352 me
3041 1296 3305 1365 supplicio
3324 1305 3433 1350 tam

1868 1391 2212 1446 exsecrando
2241 1393 2508 1453 eximens,
2558 1391 2715 1460 quasi
2762 1388 2872 1442 Deo
2907 1389 3269 1458 praecipiente,
3305 1402 3434 1457 pro-

1865 1497 2065 1551 perans
2091 1481 2181 1536 illa
2219 1481 2391 1545 stella,
2436 1489 2496 1534 ut
2541 1497 2640 1550 ego
2687 1480 2950 1534 nescirem
2985 1493 3263 1543 occasum,
3308 1493 3431 1533 sur-

1865 1582 1996 1642 gunt
2020 1580 2073 1628 et
2118 1583 2241 1628 orto
2276 1574 2387 1642 jam
2444 1572 2555 1627 sole
2609 1572 2850 1636 barbari,
2892 1572 3006 1641 ejus
3052 1571 3336 1640 splendore
3371 1585 3435 1625 ac

1861 1665 2057 1733 jubare
2097 1665 2422 1734 perturbati,
2453 1665 2580 1735 quia
2610 1664 2907 1734 legitimum
2950 1663 3436 1733 praescriptumque

168 1757 350 1810 θείων
415 1756 728 1827 μυστηρίων
761 1757 970 1826 ἱερεύς,
1002 1753 1250 1824 quoniam
1276 1752 1364 1818 qui
1401 1749 1573 1818 ﬁlium
1621 1756 1759 1800 tuum

1871 1755 2123 1810 sacriﬁcii
2154 1764 2369 1826 tempus
2393 1755 2692 1820 eﬁluxerat,
2725 1770 2921 1823 meque
2956 1755 3284 1809 assidentem
3335 1768 3434 1824 pe-

169 1849 310 1901 emit
338 1889 354 1908 ,
391 1857 470 1902 est
520 1849 806 1900 secundum
856 1845 1125 1902 Christum
1161 1844 1457 1896 divinorum
1523 1838 1766 1893 sacerdos

176 1942 602 2011 mysteriorum;
637 1947 691 1993 et
734 1938 879 1992 ﬁlius
906 1937 1103 1991 dicitur
1130 1935 1282 1989 obire
1319 1932 1506 1986 munia
1534 1930 1588 1984 in
1620 1929 1769 1983 ordio

130 2089 137 2094 .
171 2050 244 2088 ne
282 2041 506 2088 sacrato
542 2047 716 2101 usque
749 2030 815 2084 ad
845 2029 1019 2099 prima
1061 2026 1410 2082 ostiariorum
1463 2021 1766 2077 ministeria

170 2125 418 2180 ﬁdenter
469 2133 756 2194 provectus
782 2160 797 2185 ,
846 2135 1096 2190 magnam
1142 2133 1272 2172 vero
1311 2116 1552 2172 studiose
1590 2130 1765 2185 spem,

173 2232 353 2270 nemo
402 2225 463 2271 ut
510 2215 766 2285 majorem
817 2212 1101 2269 ostentarit
1135 2250 1152 2276 ,
1199 2209 1452 2265 exhibere
1513 2223 1767 2278 progres-

172 2325 301 2375 sus,
351 2325 415 2364 ac
463 2309 612 2363 brevi
661 2318 904 2378 tempore
949 2305 1168 2358 multam
1221 2303 1441 2357 virtutis
1482 2301 1765 2369 experien-

173 2402 319 2457 tiam
367 2407 636 2471 praebere,
678 2408 731 2453 et
776 2399 845 2452 ab
876 2397 1128 2450 omnibus
1173 2395 1441 2448 faventem
1489 2392 1632 2446 ferre
1657 2391 1767 2446 cal-

172 2495 395 2558 culum,
432 2492 576 2562 quod
626 2491 734 2544 illis
779 2491 850 2543 sit
897 2503 1222 2558 persuasum
1267 2486 1338 2539 ob
1376 2499 1591 2539 morum
1637 2497 1764 2552 pro-

175 2584 418 2639 hitatem
448 2584 725 2644 idoneum,
751 2587 813 2633 ut
843 2581 908 2633 ad
943 2579 1087 2633 hunc
1120 2577 1346 2648 gradum
1388 2574 1760 2628 extolleretur.

179 2672 368 2743 (Urbs
396 2685 481 2727 est
505 2673 666 2726 Elusa
693 2672 823 2726 olim
849 2671 1065 2725 Arabiae
1091 2686 1106 2736 ;
1135 2669 1227 2723 sed
1258 2675 1444 2737 postea
1469 2665 1766 2733 imperante

172 2764 504 2822 Justiniano
551 2764 857 2821 Palaestinae
904 2763 1076 2818 tertiae
1116 2760 1219 2815 fuit
1257 2759 1510 2827 ascripta,
1540 2757 1766 2825 ejusque

177 2866 419 2914 sanctus
444 2857 810 2928 Hieronymus
850 2857 903 2910 in
941 2856 1060 2909 Vita
1098 2854 1274 2908 sancti
1315 2851 1610 2905 Hilarionis
1646 2863 1761 2902 me-

175 2949 400 3018 minit.)
432 2949 557 3004 lniit
587 2964 715 3018 ergo
735 2947 947 3002 tandem
971 2946 1188 2999 Elusam
1221 2943 1373 2997 Nilus
1403 2942 1759 3006 exhilaratus,

177 3052 357 3112 atque
384 3043 567 3096 luatitia
614 3041 882 3105 diffluens,
920 3040 1052 3094 adiit
1084 3037 1407 3102 Ecclesiam,
1442 3035 1511 3089 τὰ
1560 3036 1762 3105 τέμενα

178 3135 281 3188 τοῦ
311 3135 468 3194 Θεοῦ.
499 3135 699 3205 gratias
728 3133 965 3188 referens
987 3129 1136 3187 O.M.
1167 3130 1278 3184 Deo
1305 3145 1413 3183 non
1444 3130 1559 3182 sine
1593 3130 1767 3197 lacry-

183 3227 324 3289 mis,
363 3240 498 3295 quas
539 3225 794 3294 gaudium
824 3223 1022 3286 ciebat,
1056 3222 1343 3276 deducitur
1373 3224 1590 3273 domum
1612 3258 1627 3281 ,
1672 3218 1764 3273 ubi

182 3315 341 3369 ﬁlius
365 3324 501 3379 erat,
529 3331 560 3368 a
594 3315 783 3368 multis
822 3313 1253 3376 collzetantibus;
1295 3320 1351 3364 at
1383 3310 1526 3363 tilms
1573 3309 1764 3361 obvius

182 3408 336 3477 patri
363 3408 627 3478 procedit,
663 3415 872 3478 patrem
907 3406 996 3458 vix
1013 3405 1257 3476 agnoscit
1277 3413 1496 3473 propter
1527 3415 1761 3465 comam,

186 3516 360 3569 quam
395 3499 531 3556 forte
562 3500 904 3570 promiserat,
933 3508 986 3554 et
1009 3507 1185 3554 vestes
1216 3496 1480 3561 sordidas,
1505 3494 1766 3562 collacry-

186 3601 415 3646 nia-tur
434 3592 615 3653 ambo,
640 3601 930 3661 postquam
952 3600 1105 3660 pater
1144 3588 1334 3643 deﬁxis
1366 3588 1416 3640 in
1439 3587 1606 3639 lilium
1635 3599 1766 3637 ocu-

188 3685 279 3750 lis,
318 3699 494 3754 eoque
525 3685 810 3738 confestim
854 3685 1060 3752 agnito,
1108 3691 1314 3734 tantum
1350 3681 1605 3748 gaudium
1632 3692 1764 3731 con-

187 3776 372 3844 cipere
395 3773 579 3827 animo
601 3788 708 3828 non
740 3773 945 3837 valens,
977 3771 1212 3825 concidit
1237 3770 1485 3823 resolutis
1514 3768 1760 3830 artubus,

188 3874 246 3918 et
296 3864 569 3920 exanimis
608 3865 866 3930 creditus,
898 3877 928 3916 a
957 3861 1068 3915 ﬁlio
1096 3861 1436 3929 amplexante
1467 3865 1760 3922 recreatus,

189 3969 246 4012 et
284 3969 518 4021 erectus,
549 3957 638 4011 diu
663 3971 846 4011 vocem
877 3971 981 4008 non
1011 3955 1233 4018 invenit,
1267 3962 1320 4006 et
1347 3967 1443 4021 pro
1471 3950 1647 4004 verbis
1677 3950 1761 4004 la-

189 4066 410 4120 crymas
425 4051 774 4121 loquebatur,
804 4049 1021 4104 tandem
1041 4047 1212 4100 ﬁlium
1237 4046 1475 4099 vicissim
1508 4043 1762 4112 amplexu

189 4142 501 4197 arctissimo
527 4142 928 4220 constripgens,
956 4139 1193 4207 exquirit
1231 4136 1596 4191 narrationem
1628 4135 1762 4189 libe-

189 4233 422 4286 rationis
447 4247 580 4298 suae,
627 4239 892 4303 rogatque
937 4231 1138 4300 ipsum,
1173 4237 1231 4283 ut
1261 4244 1382 4282 eam
1421 4234 1756 4296 percenseat.

262 4325 452 4381 Paruit
475 4325 597 4381 Nilo
625 4327 962 4392 Theodulus,
1002 4341 1338 4393 casuumque
1379 4323 1574 4376 seriem
1615 4320 1760 4374 ordi-

189 4429 281 4474 tur
310 4420 381 4474 ab
403 4421 509 4485 his,
540 4420 595 4474 in
628 4420 828 4488 quibus
861 4419 1176 4489 Magadonis
1211 4432 1400 4472 servus
1423 4416 1543 4484 fuga
1576 4414 1759 4481 lapsus
1791 4439 1836 4494 υ

191 4514 447 4574 desierat,
462 4527 688 4582 quaeque
705 4512 955 4566 retulisse
974 4511 1269 4580 praesumit,
1291 4512 1480 4563 nolens
1520 4517 1759 4576 repetere

191 4613 272 4658 tot
299 4605 636 4668 discrimina,
672 4620 792 4674 qua:
835 4604 1140 4658 molestiam
1195 4601 1546 4663 facesserent,
1586 4613 1760 4668 neque

189 4694 433 4750 dolorem
457 4711 740 4761 renovare,
766 4697 1095 4764 aediumque
1121 4693 1312 4747 afferre
1335 4695 1532 4747 denuo.
1566 4691 1758 4746 Parata

190 4785 410 4856 (inquit)
440 4794 596 4840 erant
632 4788 834 4852 omnia,
861 4785 1178 4839 utdiluculo
1203 4794 1553 4852 perageretur
1589 4783 1757 4836 sacri-

191 4877 375 4931 ﬁcium
412 4886 561 4931 astro
607 4877 898 4941 matutino,
938 4886 991 4929 et
1038 4886 1164 4930 tuus
1193 4874 1507 4929 Theodulus
1555 4874 1754 4927 immo-

190 4965 385 5024 laudus
415 4969 468 5023 in
493 4978 746 5039 promptu
782 4967 951 5023 Deum
990 4968 1276 5033 invocans,
1304 4978 1365 5020 ut
1410 4981 1535 5022 eum
1566 4965 1759 5020 redde-

189 5068 276 5113 ret
303 5061 513 5129 parenti
547 5061 686 5125 seni,
718 5059 890 5131 πατρὶ
916 5057 1196 5132 πρεσϐύτῃ
1225 5058 1374 5129 (hinc
1404 5065 1621 5113 senecta
1650 5054 1756 5109 Nili

189 5151 365 5221 magis
391 5167 455 5207 ac
486 5153 660 5220 magis
689 5153 1098 5220 comprobatur,
1123 5168 1175 5219 p.
1212 5153 1355 5217 115),
1386 5161 1439 5205 et
1476 5151 1756 5205 conﬁdens

189 5241 401 5310 jacebat
439 5261 642 5314 pronus
686 5245 858 5309 humi,
901 5245 1217 5313 abjectaque
1250 5243 1409 5308 facie,
1451 5244 1543 5298 sed
1575 5244 1758 5297 animo

193 5346 406 5386 sorsum
437 5336 596 5388 elato.
628 5331 951 5387 Constructa
974 5332 1152 5387 fuerat
1179 5333 1247 5386 ab
1289 5333 1396 5387 illis
1434 5332 1588 5401 popis
1616 5332 1758 5385 fera-

196 5419 334 5476 libus
355 5437 472 5487 ara,
513 5423 725 5493 gladius
766 5424 1016 5483 nudatus,
1069 5423 1324 5487 libamen,
1357 5422 1563 5492 phiala,
1609 5421 1754 5484 thus,

190 5513 495 5570 adhibenda
533 5517 890 5571 instrumenta
943 5531 1051 5570 non
1097 5515 1323 5570 deerant
1377 5515 1444 5568 ad
1494 5529 1756 5569 caeremo-

194 5604 334 5660 niam
361 5616 467 5661 tam
503 5608 793 5674 funestam,
827 5623 950 5663 cum
987 5624 1176 5663 servus
1197 5608 1284 5663 ille
1331 5609 1758 5664 communicavit

195 5697 320 5751 mihi
342 5715 500 5755 suum
529 5701 596 5754 de
625 5699 748 5770 fuga
779 5699 1090 5765 consilium,
1124 5710 1177 5753 ct
1199 5701 1348 5755 solus
1375 5715 1492 5754 eam
1523 5702 1758 5774 arripuit

503 5793 775 5853 Ρλτκοι.
819 5795 933 5852 Gn.
979 5794 1239 5854 LXXIX.

1870 1847 2118 1900 ctinatim
2148 1856 2414 1902 consertis
2455 1846 2659 1917 digitis,
2694 1856 2825 1910 etc.,
2860 1860 3088 1915 meaque
3124 1845 3433 1916 amplexum

1870 1948 2141 2006 genua,et
2171 1939 2516 1992 manantibus
2558 1936 2785 1992 ubertim
2832 1937 3087 2008 lacrymis
3130 1937 3286 1992 sinus
3329 1935 3434 1989 im-

1870 2030 2126 2099 plentem,
2176 2031 2581 2101 interrogarunt
2610 2030 2676 2084 de
2717 2045 2876 2086 servo
2905 2029 3018 2092 illo,
3048 2044 3206 2100 quem
3234 2028 3434 2083 frustra

1869 2122 2267 2188 requisierant;
2305 2123 2397 2176 sed
2430 2137 2554 2176 cum
2591 2137 2678 2176 me
2713 2121 2846 2192 ipsis
2877 2121 3173 2178 adhaesisse
3205 2136 3436 2192 respon-

1868 2214 2090 2277 dissem,
2125 2231 2225 2269 nec
2249 2231 2357 2285 quo
2387 2215 2715 2284 perrexisset
2748 2217 2889 2271 scire
2925 2215 3035 2269 ullo
3064 2215 3225 2270 modo
3267 2230 3436 2270 nove-

1868 2315 2013 2368 runt,
2049 2315 2326 2374 parcentes
2353 2307 2589 2375 corpori,
2625 2307 2898 2376 vitamque
2922 2306 3262 2376 indulgentes
3295 2307 3437 2362 hanc

1865 2396 2069 2450 fluxam
2122 2405 2177 2451 et
2209 2397 2491 2461 caducam,
2527 2399 2764 2453 animam
2792 2398 2971 2453 conati
3002 2405 3131 2452 sunt
3165 2397 3433 2466 occidere,

1872 2504 1936 2542 ac
1968 2499 2227 2543 mternam
2252 2505 2445 2560 rapere
2475 2491 2956 2545 immortalitatem.
3001 2489 3292 2545 Jusserunt
3325 2490 3434 2545 ita-

1870 2594 1977 2648 que
2000 2596 2086 2635 me
2119 2585 2498 2652 μιαροφαγεῖν,
2540 2583 2592 2636 id
2625 2594 2729 2650 est,
2759 2583 3144 2638 contaminatis
3174 2583 3312 2638 cibis
3339 2597 3438 2638 ve-

1867 2674 1966 2737 sci,
2001 2683 2055 2728 et
2086 2675 2407 2730 mulieribus
2436 2676 2742 2741 colludere;
2775 2677 2870 2732 sed
2904 2675 3000 2731 Dei
3027 2678 3197 2732 fultus
3228 2676 3435 2731 auxilio

1865 2766 2187 2830 contradixi,
2223 2780 2322 2821 nec
2350 2767 2587 2822 obedivi.
2616 2767 2942 2822 Perventum
2972 2769 3206 2839 denique
3231 2768 3299 2823 ad
3317 2768 3436 2823 cul-

1866 2869 1976 2911 tam
2007 2858 2305 2927 regionem,
2341 2874 2409 2912 ex
2455 2858 2545 2912 illa
2581 2859 2873 2913 solitudine
2901 2869 3009 2914 tam
3047 2860 3237 2925 sterili,
3281 2867 3336 2914 et
3365 2859 3436 2914 ad

1865 2949 2063 3003 Sucam
2096 2951 2275 3004 vicum
2308 2960 2615 3006 statuerunt
2643 2967 2729 3006 me
2756 2950 2962 3006 nudum
2997 2967 3163 3022 prope
3195 2960 3430 3023 portam,

1869 3040 2115 3094 venalem
2163 3041 2356 3096 incolis
2392 3053 2827 3112 proposuerunt,
2860 3060 2889 3098 a
2925 3045 3124 3114 quibus
3167 3059 3293 3098 cum
3324 3044 3435 3100 duo

1869 3141 2078 3186 tantum
2108 3133 2258 3189 aurei
2278 3123 2478 3191 oﬁ‘erre
2498 3147 2625 3190 ntur
2669 3152 2768 3206 pro
2797 3137 2991 3206 pretio,
3017 3137 3430 3208 indignabundi,

1868 3223 2116 3278 strictum
2146 3227 2382 3294 gladium
2431 3228 2723 3284 identidem
2755 3229 2944 3301 jugulo
2976 3244 3098 3285 meo
3138 3230 3432 3285 admoven-

1865 3323 1969 3379 tes,
1998 3328 2268 3385 caputque
2295 3320 2645 3388 amputaturi,
2678 3321 2783 3374 nisi
2814 3321 2938 3390 quis
2970 3337 3058 3376 me
3085 3322 3255 3391 pluris
3287 3338 3434 3377 mer-

1865 3412 2116 3469 caretur;
2155 3405 2267 3473 ipse
2311 3405 2443 3461 ﬂens
2493 3409 2714 3461 orabam
2765 3418 3126 3474 mercatores,
3162 3427 3194 3468 e
3230 3412 3432 3482 quibus

1864 3492 2063 3561 aliquis
2102 3495 2377 3559 misertus,
2432 3497 2518 3550 vix
2550 3513 2636 3550 me
2662 3497 2926 3553 addicens
2962 3500 3208 3567 redemit,
3239 3502 3308 3557 ab
3336 3518 3432 3559 eo-

1864 3601 1970 3653 que
1999 3601 2125 3639 mox
2155 3586 2336 3653 isthic,
2363 3587 2543 3643 Elusa:
2576 3605 2790 3660 nempe,
2809 3592 2863 3645 in
2897 3592 2999 3646 alia
3036 3594 3222 3648 mundi
3251 3595 3430 3650 natio-

1864 3688 1934 3726 ne
1962 3674 2259 3729 distractus
2287 3675 2388 3730 fui.
2431 3676 2556 3732 Haec
2585 3680 2813 3734 audiens
2843 3691 2998 3751 pater
3027 3682 3215 3738 dolore
3247 3685 3427 3740 disse-

1863 3765 2117 3833 cabatur;
2153 3767 2358 3823 idcirco
2383 3785 2452 3824 ne
2478 3772 2735 3842 gaudium
2762 3773 2882 3842 ejus
2912 3785 3304 3845 corrumperet,
3325 3778 3427 3832 ob-

1862 3859 2216 3928 turbaretque
2242 3876 2431 3917 rursus
2477 3872 2762 3932 paternum
2795 3867 3060 3932 animum,
3115 3867 3430 3926 Theodulus

1863 3950 2025 4004 ﬁnem
2059 3952 2272 4006 dicendi
2301 3952 2447 4019 fecit,
2490 3964 2807 4026 patremque
2843 3963 3179 4015 commonuit
3224 3971 3284 4016 ut
3313 3963 3428 4032 glo-

1861 4041 1996 4095 riam
2034 4041 2144 4096 Deo
2198 4045 2511 4116 gratiasque
2539 4046 2757 4104 offerret
2786 4065 2885 4120 pro
2907 4061 3014 4105 tam
3039 4053 3236 4122 insigni
3263 4055 3428 4110 bene-

1862 4132 2006 4186 ﬁcio.

1931 4223 2178 4295 Regessit
2222 4226 2377 4284 Nilus
2407 4232 2621 4286 vovisse
2664 4232 3031 4304 Omnipotenti
3064 4253 3122 4293 se
3170 4238 3261 4294 illo
3289 4239 3424 4310 ipso,

1861 4332 1970 4384 quo
2013 4316 2328 4375 Theodulus
2384 4324 2790 4390 periclitabatur
2831 4337 3106 4397 tempore,
3157 4332 3428 4402 tantisque

1863 4407 2272 4465 conﬂictabatur
2304 4417 2583 4480 aerumnis,
2621 4417 2665 4470 si
2711 4418 2979 4473 viventem
3004 4420 3180 4490 ipsutn
3205 4438 3428 4494 compe-

1866 4503 2027 4557 risset
2055 4520 2316 4573 unquam,
2346 4507 2588 4561 δουλείαν
2618 4511 2966 4580 ἐγκρατείας,
3001 4517 3096 4568 καὶ
3130 4517 3231 4587 τῆς
3262 4517 3430 4589 ἄλλης

1863 4594 2229 4656 κακοπαθείας
2260 4596 2521 4668 σκληρὰν,
2573 4602 2623 4654 id
2647 4614 2746 4667 est,
2777 4606 3088 4661 servitutem
3121 4616 3430 4679 temperan-

1862 4687 1989 4747 tiae,
2039 4702 2133 4741 seu
2177 4688 2533 4758 jejuniorum,
2587 4709 2648 4748 ac
2690 4697 3061 4765 abstinentia,
3103 4711 3158 4756 et
3200 4703 3429 4761 alterius

1861 4777 2170 4834 alﬂxctionis
2212 4784 2601 4849 austeriorem;
2640 4785 2779 4842 inter
2825 4791 3202 4847 dormiendum
3245 4802 3430 4850 autem

1860 4869 2150 4925 exaudisse
2174 4887 2383 4938 vocem,
2413 4889 2518 4943 qua
2553 4879 2922 4945 spondebatur
2946 4893 3226 4953 acceptum
3256 4883 3430 4940 fuisse

1859 4971 2044 5014 votum
2100 4963 2254 5027 illud,
2293 4965 2656 5040 desideriique
2689 4983 2993 5042 compotem
3036 4991 3154 5032 sese
3192 4975 3346 5042 fore;
3374 4977 3430 5033 id

1860 5054 2079 5122 exsequi
2105 5069 2163 5109 se
2196 5057 2353 5123 velle,
2383 5073 2446 5113 ac
2470 5062 2778 5130 expeditum
2799 5079 2941 5120 esse.

1932 5142 2246 5202 Theodulus
2275 5151 2340 5203 ad
2368 5152 2477 5205 voti
2517 5165 2726 5222 partem
2755 5158 3072 5227 explendam
3097 5159 3314 5216 exhibet
3347 5175 3428 5228 se,

1863 5246 1923 5288 ut
1947 5248 2153 5306 patrem
2179 5242 2458 5309 sublevet;
2494 5248 2775 5302 concludit
2809 5262 2983 5319 pater,
3011 5261 3070 5306 ut
3097 5253 3259 5308 ambo
3296 5267 3426 5324 pro-

1862 5329 2050 5384 missis
2079 5341 2308 5397 starent,
2338 5344 2391 5389 et
2435 5351 2557 5405 qua:
2606 5339 2828 5407 polliciti
2859 5351 3140 5409 voverant,
3180 5342 3428 5400 exsolve-

1862 5430 2006 5475 rent.

1936 5513 2101 5569 Deum
2132 5528 2380 5586 precatus
2403 5519 2577 5584 Nilus.
2623 5533 2673 5578 et
2710 5525 2931 5582 adorata
2961 5526 3212 5586 Numinis
3253 5503 3427 5599 provi-

1858 5606 2039 5661 dentia
2073 5611 2374 5679 subjunxit,
2400 5618 2709 5687 episcOpum
2740 5619 2937 5685 Elusa,
2963 5637 3088 5677 cum
3121 5623 3211 5678 diu
3248 5622 3416 5678 fovis-

1861 5709 1943 5754 set
1967 5709 2022 5755 et
2060 5702 2379 5762 detinuisset
2404 5707 2549 5778 ipsos
2574 5711 2718 5779 apud
2739 5727 2798 5767 se
2828 5715 2973 5784 (nam
3003 5712 3257 5788 θεοφιλὴς
3281 5724 3420 5780 erat.

2986 5805 3060 5867 45
