  <div class='ocr_page' id='page_1' title='image "/cluster/home/n/w/nwhite01/storage/ocr_20150623/79/nnc1.0038021404/809.png"; bbox 0 0 3816 6220; ppageno 0'>
   <div class='ocr_carea' id='block_1_1' title="bbox 393 297 526 364">
    <p class='ocr_par' dir='ltr' id='par_1_1' title="bbox 393 297 526 364">
     <span class='ocr_line' id='line_1_1' title="bbox 393 297 526 364; baseline 0.008 -1"><span class='ocrx_word' id='word_1_1' title='bbox 393 297 526 364; x_wconf 74' lang='grc'>1419</span> 
     </span>
    </p>
   </div>
   <div class='ocr_carea' id='block_1_2' title="bbox 1172 294 2960 359">
    <p class='ocr_par' dir='ltr' id='par_1_2' title="bbox 1172 294 2960 359">
     <span class='ocr_line' id='line_1_2' title="bbox 1172 294 2960 359; baseline -0.001 0"><span class='ocrx_word' id='word_1_2' title='bbox 1172 295 1315 359; x_wconf 74' lang='lat' dir='ltr'><strong>JOS.</strong></span> <span class='ocrx_word' id='word_1_3' title='bbox 1360 295 1622 356; x_wconf 77' lang='lat' dir='ltr'><strong>MARL’E</strong></span> <span class='ocrx_word' id='word_1_4' title='bbox 1666 295 2023 357; x_wconf 84' lang='lat' dir='ltr'><strong>SUARESII</strong></span> <span class='ocrx_word' id='word_1_5' title='bbox 2057 294 2289 357; x_wconf 82' lang='lat' dir='ltr'><strong>LIBER</strong></span> <span class='ocrx_word' id='word_1_6' title='bbox 2328 294 2960 359; x_wconf 77' lang='lat' dir='ltr'><strong>CHRONOLOGICUS</strong></span> 
     </span>
    </p>
   </div>
   <div class='ocr_carea' id='block_1_3' title="bbox 3509 297 3645 363">
    <p class='ocr_par' dir='ltr' id='par_1_3' title="bbox 3509 297 3645 363">
     <span class='ocr_line' id='line_1_3' title="bbox 3509 297 3645 363; baseline 0.007 -1"><span class='ocrx_word' id='word_1_7' title='bbox 3509 297 3645 363; x_wconf 64' lang='grc'><strong>1420</strong></span> 
     </span>
    </p>
   </div>
   <div class='ocr_carea' id='block_1_4' title="bbox 387 408 3647 482">
    <p class='ocr_par' dir='ltr' id='par_1_4' title="bbox 387 408 3647 482">
     <span class='ocr_line' id='line_1_4' title="bbox 387 408 3647 482; baseline -0 -15"><span class='ocrx_word' id='word_1_8' title='bbox 387 415 440 468; x_wconf 99' lang='lat' dir='ltr'><strong>id</strong></span> <span class='ocrx_word' id='word_1_9' title='bbox 465 422 568 474; x_wconf 89' lang='lat' dir='ltr'><strong>est,</strong></span> <span class='ocrx_word' id='word_1_10' title='bbox 598 424 789 467; x_wconf 87' lang='lat' dir='ltr'><strong>amans</strong></span> <span class='ocrx_word' id='word_1_11' title='bbox 816 409 914 467; x_wconf 84' lang='lat' dir='ltr'><strong>Dei</strong></span> <span class='ocrx_word' id='word_1_12' title='bbox 952 424 1007 465; x_wconf 90' lang='lat' dir='ltr'><strong>et</strong></span> <span class='ocrx_word' id='word_1_13' title='bbox 1041 410 1296 480; x_wconf 76' lang='lat' dir='ltr'><strong>proximi,</strong></span> <span class='ocrx_word' id='word_1_14' title='bbox 1337 419 1499 478; x_wconf 87' lang='lat' dir='ltr'><strong>atque</strong></span> <span class='ocrx_word' id='word_1_15' title='bbox 1546 410 1959 479; x_wconf 90' lang='lat' dir='ltr'><strong>bospitalis)iu-</strong></span> <span class='ocrx_word' id='word_1_16' title='bbox 1989 425 2033 477; x_wconf 77' lang='grc' dir='ltr'><strong>Α</strong></span> <span class='ocrx_word' id='word_1_17' title='bbox 2064 408 2179 463; x_wconf 84' lang='lat' dir='ltr'><strong>Jam</strong></span> <span class='ocrx_word' id='word_1_18' title='bbox 2217 410 2300 479; x_wconf 85' lang='lat' dir='ltr'><strong>egi</strong></span> <span class='ocrx_word' id='word_1_19' title='bbox 2341 409 2472 464; x_wconf 84' lang='lat' dir='ltr'><strong>satis</strong></span> <span class='ocrx_word' id='word_1_20' title='bbox 2511 411 2576 463; x_wconf 89' lang='lat' dir='ltr'><strong>de</strong></span> <span class='ocrx_word' id='word_1_21' title='bbox 2615 408 2861 478; x_wconf 79' lang='lat' dir='ltr'><strong>jejunio;</strong></span> <span class='ocrx_word' id='word_1_22' title='bbox 2905 408 3001 463; x_wconf 90' lang='lat' dir='ltr'><strong>sed</strong></span> <span class='ocrx_word' id='word_1_23' title='bbox 3050 408 3139 463; x_wconf 87' lang='lat' dir='ltr'><strong>hic</strong></span> <span class='ocrx_word' id='word_1_24' title='bbox 3193 409 3509 482; x_wconf 84' lang='lat' dir='ltr'><strong>perstringo</strong></span> <span class='ocrx_word' id='word_1_25' title='bbox 3550 426 3647 468; x_wconf 86' lang='lat' dir='ltr'><strong>ista</strong></span> 
     </span>
    </p>
   </div>
   <div class='ocr_carea' id='block_1_5' title="bbox 386 503 1963 573">
    <p class='ocr_par' dir='ltr' id='par_1_5' title="bbox 386 503 1963 573">
     <span class='ocr_line' id='line_1_5' title="bbox 386 503 1963 573; baseline -0.001 -16"><span class='ocrx_word' id='word_1_26' title='bbox 386 507 589 560; x_wconf 80' lang='lat' dir='ltr'><strong>vitasse</strong></span> <span class='ocrx_word' id='word_1_27' title='bbox 616 515 676 558; x_wconf 93' lang='lat' dir='ltr'><strong>ut</strong></span> <span class='ocrx_word' id='word_1_28' title='bbox 707 520 891 559; x_wconf 88' lang='lat' dir='ltr'><strong>secum</strong></span> <span class='ocrx_word' id='word_1_29' title='bbox 933 505 1588 573; x_wconf 86' lang='lat' dir='ltr'><strong>permanerentolliciose,</strong></span> <span class='ocrx_word' id='word_1_30' title='bbox 1640 503 1963 571; x_wconf 83' lang='lat' dir='ltr'><strong>promitten-</strong></span> 
     </span>
    </p>
   </div>
   <div class='ocr_carea' id='block_1_6' title="bbox 387 596 1963 667">
    <p class='ocr_par' dir='ltr' id='par_1_6' title="bbox 387 596 1963 667">
     <span class='ocr_line' id='line_1_6' title="bbox 387 596 1963 667; baseline -0.001 -16"><span class='ocrx_word' id='word_1_31' title='bbox 387 600 457 652; x_wconf 91' lang='lat' dir='ltr'><strong>do</strong></span> <span class='ocrx_word' id='word_1_32' title='bbox 504 598 951 667; x_wconf 88' lang='lat' dir='ltr'><strong>tranquillitatem</strong></span> <span class='ocrx_word' id='word_1_33' title='bbox 1008 610 1225 650; x_wconf 88' lang='lat' dir='ltr'><strong>omnem</strong></span> <span class='ocrx_word' id='word_1_34' title='bbox 1255 636 1269 657; x_wconf 97' lang='lat'><strong>,</strong></span> <span class='ocrx_word' id='word_1_35' title='bbox 1326 596 1629 666; x_wconf 88' lang='lat' dir='ltr'><strong>blandaque</strong></span> <span class='ocrx_word' id='word_1_36' title='bbox 1678 597 1963 666; x_wconf 85' lang='lat' dir='ltr'><strong>tyrannide</strong></span> 
     </span>
    </p>
   </div>
   <div class='ocr_carea' id='block_1_7' title="bbox 388 688 1964 760">
    <p class='ocr_par' dir='ltr' id='par_1_7' title="bbox 388 688 1964 760">
     <span class='ocr_line' id='line_1_7' title="bbox 388 688 1964 760; baseline -0.001 -17"><span class='ocrx_word' id='word_1_37' title='bbox 388 690 521 759; x_wconf 82' lang='lat' dir='ltr'><strong>ipsis</strong></span> <span class='ocrx_word' id='word_1_38' title='bbox 550 692 891 760; x_wconf 77' lang='lat' dir='ltr'><strong>impetrasse,</strong></span> <span class='ocrx_word' id='word_1_39' title='bbox 920 689 1013 743; x_wconf 79' lang='grc' dir='ltr'><strong>τὸν</strong></span> <span class='ocrx_word' id='word_1_40' title='bbox 1045 688 1209 757; x_wconf 75' lang='grc' dir='ltr'>ζυγὸν</span> <span class='ocrx_word' id='word_1_41' title='bbox 1243 688 1508 742; x_wconf 77' lang='grc' dir='ltr'>ἐπιθεῖναι</span> <span class='ocrx_word' id='word_1_42' title='bbox 1549 689 1639 741; x_wconf 83' lang='grc' dir='ltr'>τὸν</span> <span class='ocrx_word' id='word_1_43' title='bbox 1691 690 1964 759; x_wconf 78' lang='grc' dir='ltr'><strong>ἱερατικὸν</strong></span> 
     </span>
    </p>
   </div>
   <div class='ocr_carea' id='block_1_8' title="bbox 390 782 1954 853">
    <p class='ocr_par' dir='ltr' id='par_1_8' title="bbox 390 782 1954 853">
     <span class='ocr_line' id='line_1_8' title="bbox 390 782 1954 853; baseline 0.001 -18"><span class='ocrx_word' id='word_1_44' title='bbox 390 784 466 853; x_wconf 80' lang='grc' dir='ltr'>μὴ</span> <span class='ocrx_word' id='word_1_45' title='bbox 504 782 871 853; x_wconf 77' lang='grc' dir='ltr'><strong>βουλομένοις,</strong></span> <span class='ocrx_word' id='word_1_46' title='bbox 923 792 982 837; x_wconf 85' lang='grc' dir='ltr'><strong>ιιι</strong></span> <span class='ocrx_word' id='word_1_47' title='bbox 1016 798 1232 838; x_wconf 88' lang='lat' dir='ltr'><strong>sacrum</strong></span> <span class='ocrx_word' id='word_1_48' title='bbox 1263 782 1479 851; x_wconf 88' lang='lat' dir='ltr'><strong>jugum,</strong></span> <span class='ocrx_word' id='word_1_49' title='bbox 1512 798 1828 853; x_wconf 83' lang='lat' dir='ltr'><strong>quanquam</strong></span> <span class='ocrx_word' id='word_1_50' title='bbox 1860 785 1954 837; x_wconf 85' lang='lat' dir='ltr'><strong>de-</strong></span> 
     </span>
    </p>
   </div>
   <div class='ocr_carea' id='block_1_9' title="bbox 387 872 1963 942">
    <p class='ocr_par' dir='ltr' id='par_1_9' title="bbox 387 872 1963 942">
     <span class='ocr_line' id='line_1_9' title="bbox 387 872 1963 942; baseline 0.001 -17"><span class='ocrx_word' id='word_1_51' title='bbox 387 874 746 927; x_wconf 89' lang='lat' dir='ltr'><strong>trectantibus</strong></span> <span class='ocrx_word' id='word_1_52' title='bbox 798 872 1135 942; x_wconf 79' lang='lat' dir='ltr'><strong>imponeret;</strong></span> <span class='ocrx_word' id='word_1_53' title='bbox 1177 873 1406 941; x_wconf 86' lang='lat' dir='ltr'><strong>denique</strong></span> <span class='ocrx_word' id='word_1_54' title='bbox 1457 874 1675 937; x_wconf 91' lang='lat' dir='ltr'><strong>ambos,</strong></span> <span class='ocrx_word' id='word_1_55' title='bbox 1731 876 1963 927; x_wconf 78' lang='lat' dir='ltr'><strong>remisso</strong></span> 
     </span>
    </p>
   </div>
   <div class='ocr_carea' id='block_1_10' title="bbox 388 966 1965 1037">
    <p class='ocr_par' dir='ltr' id='par_1_10' title="bbox 388 966 1965 1037">
     <span class='ocr_line' id='line_1_10' title="bbox 388 966 1965 1037; baseline 0.002 -16"><span class='ocrx_word' id='word_1_56' title='bbox 388 968 537 1037; x_wconf 88' lang='lat' dir='ltr'><strong>prius</strong></span> <span class='ocrx_word' id='word_1_57' title='bbox 560 966 825 1023; x_wconf 91' lang='lat' dir='ltr'><strong>Theoduli</strong></span> <span class='ocrx_word' id='word_1_58' title='bbox 851 968 1041 1037; x_wconf 91' lang='lat' dir='ltr'><strong>pretio,</strong></span> <span class='ocrx_word' id='word_1_59' title='bbox 1068 978 1121 1021; x_wconf 90' lang='lat' dir='ltr'><strong>et</strong></span> <span class='ocrx_word' id='word_1_60' title='bbox 1138 969 1339 1021; x_wconf 90' lang='lat' dir='ltr'><strong>donato</strong></span> <span class='ocrx_word' id='word_1_61' title='bbox 1370 969 1686 1028; x_wconf 87' lang='lat' dir='ltr'><strong>liberaliter,</strong></span> <span class='ocrx_word' id='word_1_62' title='bbox 1707 970 1965 1035; x_wconf 85' lang='lat' dir='ltr'><strong>omnique</strong></span> 
     </span>
    </p>
   </div>
   <div class='ocr_carea' id='block_1_11' title="bbox 386 1061 1959 1133">
    <p class='ocr_par' dir='ltr' id='par_1_11' title="bbox 386 1061 1959 1133">
     <span class='ocr_line' id='line_1_11' title="bbox 386 1061 1959 1133; baseline 0.001 -20"><span class='ocrx_word' id='word_1_63' title='bbox 386 1063 545 1133; x_wconf 75' lang='lat'><strong>691</strong></span> <span class='ocrx_word' id='word_1_64' title='bbox 562 1062 758 1115; x_wconf 87' lang='lat' dir='ltr'><strong>viatico</strong></span> <span class='ocrx_word' id='word_1_65' title='bbox 793 1063 987 1115; x_wconf 92' lang='lat' dir='ltr'><strong>idoneo</strong></span> <span class='ocrx_word' id='word_1_66' title='bbox 1012 1063 1310 1116; x_wconf 87' lang='lat' dir='ltr'><strong>instructos</strong></span> <span class='ocrx_word' id='word_1_67' title='bbox 1334 1061 1625 1117; x_wconf 71' lang='lat' dir='ltr'><strong>dimisisse.</strong></span> <span class='ocrx_word' id='word_1_68' title='bbox 1661 1062 1767 1117; x_wconf 86' lang='lat' dir='ltr'><strong>Ista</strong></span> <span class='ocrx_word' id='word_1_69' title='bbox 1802 1061 1863 1115; x_wconf 75' lang='lat' dir='ltr'><strong>ll.</strong></span> <span class='ocrx_word' id='word_1_70' title='bbox 1904 1062 1959 1114; x_wconf 82' lang='grc' dir='ltr'><strong>Ρ.</strong></span> 
     </span>
    </p>
   </div>
   <div class='ocr_carea' id='block_1_12' title="bbox 388 1153 1961 1225">
    <p class='ocr_par' dir='ltr' id='par_1_12' title="bbox 388 1153 1961 1225">
     <span class='ocr_line' id='line_1_12' title="bbox 388 1153 1961 1225; baseline 0 -19"><span class='ocrx_word' id='word_1_71' title='bbox 388 1154 669 1218; x_wconf 67' lang='lat' dir='ltr'><strong>Pessinus,</strong></span> <span class='ocrx_word' id='word_1_72' title='bbox 690 1172 718 1210; x_wconf 91' lang='lat' dir='ltr'><strong>e</strong></span> <span class='ocrx_word' id='word_1_73' title='bbox 738 1170 835 1209; x_wconf 88' lang='lat' dir='ltr'><strong>ms.</strong></span> <span class='ocrx_word' id='word_1_74' title='bbox 855 1154 1211 1209; x_wconf 77' lang='lat' dir='ltr'><strong>illustrissimi</strong></span> <span class='ocrx_word' id='word_1_75' title='bbox 1237 1153 1546 1208; x_wconf 83' lang='lat' dir='ltr'><strong>Moncballii</strong></span> <span class='ocrx_word' id='word_1_76' title='bbox 1571 1156 1747 1209; x_wconf 75' lang='lat' dir='ltr'><strong>archie</strong></span> <span class='ocrx_word' id='word_1_77' title='bbox 1759 1156 1961 1225; x_wconf 74' lang='lat' dir='ltr'><strong>piSt‘Opi</strong></span> 
     </span>
    </p>
   </div>
   <div class='ocr_carea' id='block_1_13' title="bbox 388 1245 1965 1316">
    <p class='ocr_par' dir='ltr' id='par_1_13' title="bbox 388 1245 1965 1316">
     <span class='ocr_line' id='line_1_13' title="bbox 388 1245 1965 1316; baseline -0.001 -15"><span class='ocrx_word' id='word_1_78' title='bbox 388 1246 667 1313; x_wconf 81' lang='lat' dir='ltr'><strong>Tolosani,</strong></span> <span class='ocrx_word' id='word_1_79' title='bbox 701 1246 885 1303; x_wconf 81' lang='lat' dir='ltr'><strong>Graece</strong></span> <span class='ocrx_word' id='word_1_80' title='bbox 933 1247 1237 1316; x_wconf 84' lang='lat' dir='ltr'><strong>Latineque</strong></span> <span class='ocrx_word' id='word_1_81' title='bbox 1271 1245 1503 1301; x_wconf 85' lang='lat' dir='ltr'><strong>Parisiis</strong></span> <span class='ocrx_word' id='word_1_82' title='bbox 1533 1246 1737 1313; x_wconf 85' lang='lat' dir='ltr'><strong>edidit;</strong></span> <span class='ocrx_word' id='word_1_83' title='bbox 1775 1263 1965 1302; x_wconf 80' lang='lat' dir='ltr'><strong>verum</strong></span> 
     </span>
    </p>
   </div>
   <div class='ocr_carea' id='block_1_14' title="bbox 387 1336 1967 1411">
    <p class='ocr_par' dir='ltr' id='par_1_14' title="bbox 387 1336 1967 1411">
     <span class='ocr_line' id='line_1_14' title="bbox 387 1336 1967 1411; baseline 0 -19"><span class='ocrx_word' id='word_1_84' title='bbox 387 1356 415 1392; x_wconf 90' lang='lat' dir='ltr'><strong>c</strong></span> <span class='ocrx_word' id='word_1_85' title='bbox 461 1342 647 1411; x_wconf 72' lang='lat' dir='ltr'><strong>ltegio.</strong></span> <span class='ocrx_word' id='word_1_86' title='bbox 696 1348 749 1395; x_wconf 90' lang='lat' dir='ltr'><strong>et</strong></span> <span class='ocrx_word' id='word_1_87' title='bbox 785 1339 1100 1393; x_wconf 84' lang='lat' dir='ltr'><strong>Mazzarinu</strong></span> <span class='ocrx_word' id='word_1_88' title='bbox 1138 1355 1272 1393; x_wconf 87' lang='lat' dir='ltr'><strong>mss.</strong></span> <span class='ocrx_word' id='word_1_89' title='bbox 1310 1337 1501 1393; x_wconf 86' lang='lat' dir='ltr'><strong>Latine</strong></span> <span class='ocrx_word' id='word_1_90' title='bbox 1532 1336 1751 1410; x_wconf 83' lang='lat' dir='ltr'><strong>quoque</strong></span> <span class='ocrx_word' id='word_1_91' title='bbox 1786 1339 1967 1394; x_wconf 88' lang='lat' dir='ltr'><strong>reddi-</strong></span> 
     </span>
    </p>
   </div>
   <div class='ocr_carea' id='block_1_15' title="bbox 386 1429 1966 1492">
    <p class='ocr_par' dir='ltr' id='par_1_15' title="bbox 386 1429 1966 1492">
     <span class='ocr_line' id='line_1_15' title="bbox 386 1429 1966 1492; baseline 0.001 -8"><span class='ocrx_word' id='word_1_92' title='bbox 386 1433 540 1487; x_wconf 82' lang='lat' dir='ltr'><strong>derat</strong></span> <span class='ocrx_word' id='word_1_93' title='bbox 584 1434 914 1487; x_wconf 88' lang='lat' dir='ltr'><strong>reverendus</strong></span> <span class='ocrx_word' id='word_1_94' title='bbox 946 1432 1106 1487; x_wconf 90' lang='lat' dir='ltr'><strong>Pater</strong></span> <span class='ocrx_word' id='word_1_95' title='bbox 1140 1429 1472 1486; x_wconf 84' lang='lat' dir='ltr'><strong>Franciscus</strong></span> <span class='ocrx_word' id='word_1_96' title='bbox 1506 1431 1829 1492; x_wconf 84' lang='lat' dir='ltr'><strong>Combeﬁs..</strong></span> <span class='ocrx_word' id='word_1_97' title='bbox 1872 1432 1966 1485; x_wconf 86' lang='lat' dir='ltr'><strong>sed</strong></span> 
     </span>
    </p>
   </div>
   <div class='ocr_carea' id='block_1_16' title="bbox 387 1524 1964 1590">
    <p class='ocr_par' dir='ltr' id='par_1_16' title="bbox 387 1524 1964 1590">
     <span class='ocr_line' id='line_1_16' title="bbox 387 1524 1964 1590; baseline 0.001 -13"><span class='ocrx_word' id='word_1_98' title='bbox 387 1535 440 1578; x_wconf 84' lang='lat' dir='ltr'><strong>ct</strong></span> <span class='ocrx_word' id='word_1_99' title='bbox 462 1526 730 1579; x_wconf 85' lang='lat' dir='ltr'><strong>Gallicum</strong></span> <span class='ocrx_word' id='word_1_100' title='bbox 759 1526 811 1579; x_wconf 93' lang='lat' dir='ltr'><strong>in</strong></span> <span class='ocrx_word' id='word_1_101' title='bbox 846 1541 1155 1580; x_wconf 84' lang='lat' dir='ltr'><strong>sermonem</strong></span> <span class='ocrx_word' id='word_1_102' title='bbox 1190 1527 1469 1583; x_wconf 89' lang='lat' dir='ltr'><strong>transtulit</strong></span> <span class='ocrx_word' id='word_1_103' title='bbox 1490 1527 1556 1583; x_wconf 85' lang='lat' dir='ltr'><strong>R.</strong></span> <span class='ocrx_word' id='word_1_104' title='bbox 1579 1527 1635 1580; x_wconf 88' lang='lat' dir='ltr'><strong>P.</strong></span> <span class='ocrx_word' id='word_1_105' title='bbox 1666 1524 1739 1579; x_wconf 89' lang='lat' dir='ltr'><strong>Le</strong></span> <span class='ocrx_word' id='word_1_106' title='bbox 1762 1524 1964 1590; x_wconf 81' lang='lat' dir='ltr'><strong>Sueur,</strong></span> 
     </span>
    </p>
   </div>
   <div class='ocr_carea' id='block_1_17' title="bbox 386 1617 1967 1688">
    <p class='ocr_par' dir='ltr' id='par_1_17' title="bbox 386 1617 1967 1688">
     <span class='ocr_line' id='line_1_17' title="bbox 386 1617 1967 1688; baseline 0.001 -19"><span class='ocrx_word' id='word_1_107' title='bbox 386 1620 638 1685; x_wconf 88' lang='lat' dir='ltr'><strong>quamvis</strong></span> <span class='ocrx_word' id='word_1_108' title='bbox 682 1617 741 1670; x_wconf 88' lang='grc' dir='ltr'><strong>ι).</strong></span> <span class='ocrx_word' id='word_1_109' title='bbox 810 1617 1045 1672; x_wconf 91' lang='lat' dir='ltr'><strong>Erouval</strong></span> <span class='ocrx_word' id='word_1_110' title='bbox 1094 1620 1169 1672; x_wconf 88' lang='lat' dir='ltr'><strong>illi</strong></span> <span class='ocrx_word' id='word_1_111' title='bbox 1202 1620 1509 1675; x_wconf 84' lang='lat' dir='ltr'><strong>versionem</strong></span> <span class='ocrx_word' id='word_1_112' title='bbox 1557 1619 1781 1672; x_wconf 86' lang='lat' dir='ltr'><strong>alteram</strong></span> <span class='ocrx_word' id='word_1_113' title='bbox 1824 1618 1967 1688; x_wconf 92' lang='lat' dir='ltr'><strong>typis</strong></span> 
     </span>
    </p>
   </div>
   <div class='ocr_carea' id='block_1_18' title="bbox 389 1708 1963 1780">
    <p class='ocr_par' dir='ltr' id='par_1_18' title="bbox 389 1708 1963 1780">
     <span class='ocr_line' id='line_1_18' title="bbox 389 1708 1963 1780; baseline 0 -17"><span class='ocrx_word' id='word_1_114' title='bbox 389 1714 700 1765; x_wconf 85' lang='lat' dir='ltr'><strong>mandatam</strong></span> <span class='ocrx_word' id='word_1_115' title='bbox 726 1727 870 1763; x_wconf 91' lang='lat' dir='ltr'><strong>anno</strong></span> <span class='ocrx_word' id='word_1_116' title='bbox 900 1710 1057 1777; x_wconf 75' lang='grc'>1649,</span> <span class='ocrx_word' id='word_1_117' title='bbox 1082 1712 1240 1780; x_wconf 85' lang='lat' dir='ltr'><strong>cujus</strong></span> <span class='ocrx_word' id='word_1_118' title='bbox 1272 1721 1462 1766; x_wconf 86' lang='lat' dir='ltr'><strong>auctor</strong></span> <span class='ocrx_word' id='word_1_119' title='bbox 1485 1711 1548 1763; x_wconf 69' lang='lat' dir='ltr'><strong>lt.</strong></span> <span class='ocrx_word' id='word_1_120' title='bbox 1586 1712 1646 1765; x_wconf 90' lang='grc' dir='ltr'><strong>Ρ.</strong></span> <span class='ocrx_word' id='word_1_121' title='bbox 1677 1708 1963 1764; x_wconf 85' lang='lat' dir='ltr'><strong>Possinum</strong></span> 
     </span>
    </p>
   </div>
   <div class='ocr_carea' id='block_1_19' title="bbox 386 1800 1959 1871">
    <p class='ocr_par' dir='ltr' id='par_1_19' title="bbox 386 1800 1959 1871">
     <span class='ocr_line' id='line_1_19' title="bbox 386 1800 1959 1871; baseline 0.001 -19"><span class='ocrx_word' id='word_1_122' title='bbox 386 1800 737 1868; x_wconf 86' lang='lat' dir='ltr'><strong>sequebatur,</strong></span> <span class='ocrx_word' id='word_1_123' title='bbox 757 1810 1105 1855; x_wconf 85' lang='lat' dir='ltr'><strong>ostentasset.</strong></span> <span class='ocrx_word' id='word_1_124' title='bbox 1132 1801 1461 1871; x_wconf 81' lang='lat' dir='ltr'><strong>Lipomanus</strong></span> <span class='ocrx_word' id='word_1_125' title='bbox 1480 1800 1727 1855; x_wconf 88' lang='lat' dir='ltr'><strong>Latinam</strong></span> <span class='ocrx_word' id='word_1_126' title='bbox 1748 1802 1959 1855; x_wconf 85' lang='lat' dir='ltr'><strong>versio-</strong></span> 
     </span>
    </p>
   </div>
   <div class='ocr_carea' id='block_1_20' title="bbox 388 1892 1959 1961">
    <p class='ocr_par' dir='ltr' id='par_1_20' title="bbox 388 1892 1959 1961">
     <span class='ocr_line' id='line_1_20' title="bbox 388 1892 1959 1961; baseline 0.004 -20"><span class='ocrx_word' id='word_1_127' title='bbox 388 1906 510 1943; x_wconf 87' lang='lat' dir='ltr'><strong>nem</strong></span> <span class='ocrx_word' id='word_1_128' title='bbox 562 1892 953 1960; x_wconf 76' lang='lat' dir='ltr'><strong>publicaverat,</strong></span> <span class='ocrx_word' id='word_1_129' title='bbox 991 1909 1154 1961; x_wconf 88' lang='lat' dir='ltr'><strong>quam</strong></span> <span class='ocrx_word' id='word_1_130' title='bbox 1211 1909 1242 1948; x_wconf 92' lang='lat' dir='ltr'><strong>a</strong></span> <span class='ocrx_word' id='word_1_131' title='bbox 1303 1893 1467 1947; x_wconf 86' lang='lat' dir='ltr'><strong>Surio</strong></span> <span class='ocrx_word' id='word_1_132' title='bbox 1525 1895 1784 1947; x_wconf 85' lang='lat' dir='ltr'><strong>insertam</strong></span> <span class='ocrx_word' id='word_1_133' title='bbox 1844 1897 1959 1947; x_wconf 86' lang='lat' dir='ltr'><strong>suis</strong></span> 
     </span>
    </p>
   </div>
   <div class='ocr_carea' id='block_1_21' title="bbox 388 1983 1961 2052">
    <p class='ocr_par' dir='ltr' id='par_1_21' title="bbox 388 1983 1961 2052">
     <span class='ocr_line' id='line_1_21' title="bbox 388 1983 1961 2052; baseline 0.004 -19"><span class='ocrx_word' id='word_1_134' title='bbox 388 1992 687 2052; x_wconf 79' lang='lat' dir='ltr'><strong>martyrum</strong></span> <span class='ocrx_word' id='word_1_135' title='bbox 735 1983 991 2038; x_wconf 86' lang='lat' dir='ltr'><strong>Historiis</strong></span> <span class='ocrx_word' id='word_1_136' title='bbox 1032 1985 1304 2051; x_wconf 84' lang='lat' dir='ltr'><strong>arbitror;</strong></span> <span class='ocrx_word' id='word_1_137' title='bbox 1352 1985 1709 2040; x_wconf 86' lang='lat' dir='ltr'><strong>nihilominus</strong></span> <span class='ocrx_word' id='word_1_138' title='bbox 1759 1984 1961 2039; x_wconf 85' lang='lat' dir='ltr'><strong>Narra-</strong></span> 
     </span>
    </p>
   </div>
   <div class='ocr_carea' id='block_1_22' title="bbox 387 2074 1959 2146">
    <p class='ocr_par' dir='ltr' id='par_1_22' title="bbox 387 2074 1959 2146">
     <span class='ocr_line' id='line_1_22' title="bbox 387 2074 1959 2146; baseline 0.003 -19"><span class='ocrx_word' id='word_1_139' title='bbox 387 2074 586 2127; x_wconf 88' lang='lat' dir='ltr'><strong>tionem</strong></span> <span class='ocrx_word' id='word_1_140' title='bbox 645 2074 804 2127; x_wconf 89' lang='lat' dir='ltr'><strong>istam</strong></span> <span class='ocrx_word' id='word_1_141' title='bbox 860 2074 965 2128; x_wconf 83' lang='lat' dir='ltr'><strong>Nili</strong></span> <span class='ocrx_word' id='word_1_142' title='bbox 1023 2077 1268 2146; x_wconf 83' lang='lat' dir='ltr'><strong>redigere</strong></span> <span class='ocrx_word' id='word_1_143' title='bbox 1318 2077 1478 2130; x_wconf 90' lang='lat' dir='ltr'><strong>libuit</strong></span> <span class='ocrx_word' id='word_1_144' title='bbox 1524 2079 1612 2131; x_wconf 91' lang='lat' dir='ltr'><strong>hic</strong></span> <span class='ocrx_word' id='word_1_145' title='bbox 1664 2078 1715 2130; x_wconf 92' lang='lat' dir='ltr'><strong>in</strong></span> <span class='ocrx_word' id='word_1_146' title='bbox 1770 2078 1959 2146; x_wconf 91' lang='lat' dir='ltr'><strong>Epito-</strong></span> 
     </span>
    </p>
   </div>
   <div class='ocr_carea' id='block_1_23' title="bbox 387 2164 1961 2238">
    <p class='ocr_par' dir='ltr' id='par_1_23' title="bbox 387 2164 1961 2238">
     <span class='ocr_line' id='line_1_23' title="bbox 387 2164 1961 2238; baseline 0.004 -21"><span class='ocrx_word' id='word_1_147' title='bbox 387 2180 531 2224; x_wconf 91' lang='lat' dir='ltr'><strong>men,</strong></span> <span class='ocrx_word' id='word_1_148' title='bbox 574 2174 627 2215; x_wconf 90' lang='lat' dir='ltr'><strong>et</strong></span> <span class='ocrx_word' id='word_1_149' title='bbox 662 2164 762 2217; x_wconf 85' lang='lat' dir='ltr'><strong>tria</strong></span> <span class='ocrx_word' id='word_1_150' title='bbox 798 2164 1149 2219; x_wconf 88' lang='lat' dir='ltr'><strong>considerare</strong></span> <span class='ocrx_word' id='word_1_151' title='bbox 1176 2166 1440 2220; x_wconf 87' lang='lat' dir='ltr'><strong>attentius</strong></span> <span class='ocrx_word' id='word_1_152' title='bbox 1467 2168 1729 2221; x_wconf 87' lang='lat' dir='ltr'><strong>vocabula</strong></span> <span class='ocrx_word' id='word_1_153' title='bbox 1766 2184 1961 2238; x_wconf 86' lang='lat' dir='ltr'><strong>nempe</strong></span> 
     </span>
    </p>
   </div>
   <div class='ocr_carea' id='block_1_24' title="bbox 386 2257 1955 2330">
    <p class='ocr_par' dir='ltr' id='par_1_24' title="bbox 386 2257 1955 2330">
     <span class='ocr_line' id='line_1_24' title="bbox 386 2257 1955 2330; baseline 0.005 -22"><span class='ocrx_word' id='word_1_154' title='bbox 386 2259 504 2320; x_wconf 79' lang='grc' dir='ltr'>ταῖς</span> <span class='ocrx_word' id='word_1_155' title='bbox 521 2257 717 2324; x_wconf 77' lang='grc' dir='ltr'><strong>κόμαις</strong></span> <span class='ocrx_word' id='word_1_156' title='bbox 743 2258 840 2327; x_wconf 81' lang='grc' dir='ltr'><strong>τῆς</strong></span> <span class='ocrx_word' id='word_1_157' title='bbox 877 2257 1139 2327; x_wconf 83' lang='grc' dir='ltr'><strong>κεφαλῆς,</strong></span> <span class='ocrx_word' id='word_1_158' title='bbox 1167 2267 1240 2322; x_wconf 84' lang='lat' dir='ltr'><strong>et,</strong></span> <span class='ocrx_word' id='word_1_159' title='bbox 1274 2263 1654 2330; x_wconf 82' lang='grc' dir='ltr'>μιαροφαγείν,</span> <span class='ocrx_word' id='word_1_160' title='bbox 1675 2262 1907 2330; x_wconf 87' lang='lat' dir='ltr'><strong>denique</strong></span> <span class='ocrx_word' id='word_1_161' title='bbox 1942 2280 1955 2315; x_wconf 88' lang='lat'><strong>:</strong></span> 
     </span>
    </p>
   </div>
   <div class='ocr_carea' id='block_1_25' title="bbox 387 2348 1961 2424">
    <p class='ocr_par' dir='ltr' id='par_1_25' title="bbox 387 2348 1961 2424">
     <span class='ocr_line' id='line_1_25' title="bbox 387 2348 1961 2424; baseline 0.004 -24"><span class='ocrx_word' id='word_1_162' title='bbox 387 2348 485 2401; x_wconf 75' lang='grc' dir='ltr'>καὶ</span> <span class='ocrx_word' id='word_1_163' title='bbox 515 2349 725 2417; x_wconf 73' lang='grc' dir='ltr'>γυναιξὶ</span> <span class='ocrx_word' id='word_1_164' title='bbox 768 2348 1150 2420; x_wconf 77' lang='grc' dir='ltr'><strong>προσπαίζειν,</strong></span> <span class='ocrx_word' id='word_1_165' title='bbox 1192 2350 1247 2404; x_wconf 90' lang='lat' dir='ltr'><strong>id</strong></span> <span class='ocrx_word' id='word_1_166' title='bbox 1278 2359 1382 2414; x_wconf 89' lang='lat' dir='ltr'><strong>est,</strong></span> <span class='ocrx_word' id='word_1_167' title='bbox 1419 2354 1658 2417; x_wconf 75' lang='lat' dir='ltr'><strong>cazsarie,</strong></span> <span class='ocrx_word' id='word_1_168' title='bbox 1697 2354 1961 2424; x_wconf 81' lang='lat' dir='ltr'><strong>comisque</strong></span> 
     </span>
    </p>
   </div>
   <div class='ocr_carea' id='block_1_26' title="bbox 386 2443 1957 2511">
    <p class='ocr_par' dir='ltr' id='par_1_26' title="bbox 386 2443 1957 2511">
     <span class='ocr_line' id='line_1_26' title="bbox 386 2443 1957 2511; baseline 0.003 -18"><span class='ocrx_word' id='word_1_169' title='bbox 386 2443 615 2509; x_wconf 82' lang='lat' dir='ltr'><strong>capitis;</strong></span> <span class='ocrx_word' id='word_1_170' title='bbox 647 2444 934 2507; x_wconf 83' lang='lat' dir='ltr'><strong>comedere,</strong></span> <span class='ocrx_word' id='word_1_171' title='bbox 966 2460 1080 2510; x_wconf 71' lang='lat' dir='ltr'><strong>qua:</strong></span> <span class='ocrx_word' id='word_1_172' title='bbox 1105 2453 1228 2496; x_wconf 84' lang='lat' dir='ltr'><strong>sunt</strong></span> <span class='ocrx_word' id='word_1_173' title='bbox 1262 2443 1479 2504; x_wconf 88' lang='lat' dir='ltr'><strong>illicita,</strong></span> <span class='ocrx_word' id='word_1_174' title='bbox 1514 2455 1563 2498; x_wconf 85' lang='lat' dir='ltr'><strong>et</strong></span> <span class='ocrx_word' id='word_1_175' title='bbox 1593 2452 1916 2499; x_wconf 72' lang='lat' dir='ltr'><strong>exsecranda</strong></span> <span class='ocrx_word' id='word_1_176' title='bbox 1943 2467 1957 2511; x_wconf 88' lang='lat'><strong>;</strong></span> 
     </span>
    </p>
   </div>
   <div class='ocr_carea' id='block_1_27' title="bbox 388 2533 1961 2605">
    <p class='ocr_par' dir='ltr' id='par_1_27' title="bbox 388 2533 1961 2605">
     <span class='ocr_line' id='line_1_27' title="bbox 388 2533 1961 2605; baseline 0.002 -18"><span class='ocrx_word' id='word_1_177' title='bbox 388 2551 505 2587; x_wconf 86' lang='lat' dir='ltr'><strong>cum</strong></span> <span class='ocrx_word' id='word_1_178' title='bbox 536 2534 844 2587; x_wconf 80' lang='lat' dir='ltr'><strong>mulieribus</strong></span> <span class='ocrx_word' id='word_1_179' title='bbox 875 2534 1073 2588; x_wconf 86' lang='lat' dir='ltr'><strong>ludere.</strong></span> <span class='ocrx_word' id='word_1_180' title='bbox 1118 2533 1159 2586; x_wconf 93' lang='lat' dir='ltr'><strong>E</strong></span> <span class='ocrx_word' id='word_1_181' title='bbox 1204 2537 1384 2604; x_wconf 90' lang='lat' dir='ltr'><strong>primo</strong></span> <span class='ocrx_word' id='word_1_182' title='bbox 1414 2552 1585 2605; x_wconf 80' lang='lat' dir='ltr'><strong>arguo</strong></span> <span class='ocrx_word' id='word_1_183' title='bbox 1620 2538 1811 2591; x_wconf 89' lang='lat' dir='ltr'><strong>solitos</strong></span> <span class='ocrx_word' id='word_1_184' title='bbox 1842 2553 1961 2590; x_wconf 88' lang='lat' dir='ltr'><strong>mo-</strong></span> 
     </span>
    </p>
   </div>
   <div class='ocr_carea' id='block_1_28' title="bbox 389 2624 1959 2694">
    <p class='ocr_par' dir='ltr' id='par_1_28' title="bbox 389 2624 1959 2694">
     <span class='ocr_line' id='line_1_28' title="bbox 389 2624 1959 2694; baseline 0.001 -14"><span class='ocrx_word' id='word_1_185' title='bbox 389 2627 593 2680; x_wconf 86' lang='lat' dir='ltr'><strong>nachos</strong></span> <span class='ocrx_word' id='word_1_186' title='bbox 628 2624 919 2687; x_wconf 88' lang='lat' dir='ltr'><strong>attonderi,</strong></span> <span class='ocrx_word' id='word_1_187' title='bbox 956 2625 1032 2677; x_wconf 88' lang='lat' dir='ltr'><strong>uti</strong></span> <span class='ocrx_word' id='word_1_188' title='bbox 1059 2625 1171 2694; x_wconf 88' lang='lat' dir='ltr'><strong>jam</strong></span> <span class='ocrx_word' id='word_1_189' title='bbox 1209 2626 1383 2678; x_wconf 89' lang='lat' dir='ltr'><strong>innui.</strong></span> <span class='ocrx_word' id='word_1_190' title='bbox 1424 2626 1715 2681; x_wconf 85' lang='lat' dir='ltr'><strong>Salvianus</strong></span> <span class='ocrx_word' id='word_1_191' title='bbox 1742 2627 1836 2681; x_wconf 85' lang='lat' dir='ltr'><strong>lib.</strong></span> <span class='ocrx_word' id='word_1_192' title='bbox 1864 2643 1959 2681; x_wconf 84' lang='lat' dir='ltr'><strong>vui</strong></span> 
     </span>
    </p>
   </div>
   <div class='ocr_carea' id='block_1_29' title="bbox 388 2718 1957 2789">
    <p class='ocr_par' dir='ltr' id='par_1_29' title="bbox 388 2718 1957 2789">
     <span class='ocr_line' id='line_1_29' title="bbox 388 2718 1957 2789; baseline 0 -16"><span class='ocrx_word' id='word_1_193' title='bbox 388 2719 462 2773; x_wconf 88' lang='lat' dir='ltr'><strong>De</strong></span> <span class='ocrx_word' id='word_1_194' title='bbox 488 2720 862 2789; x_wconf 85' lang='lat' dir='ltr'><strong>gubernatione</strong></span> <span class='ocrx_word' id='word_1_195' title='bbox 885 2718 981 2771; x_wconf 89' lang='lat' dir='ltr'><strong>Dei</strong></span> <span class='ocrx_word' id='word_1_196' title='bbox 1014 2719 1275 2773; x_wconf 87' lang='lat' dir='ltr'><strong>describit</strong></span> <span class='ocrx_word' id='word_1_197' title='bbox 1304 2722 1630 2773; x_wconf 84' lang='lat' dir='ltr'><strong>monachum</strong></span> <span class='ocrx_word' id='word_1_198' title='bbox 1653 2720 1957 2789; x_wconf 82' lang='lat' dir='ltr'><strong>palliatum,</strong></span> 
     </span>
    </p>
   </div>
   <div class='ocr_carea' id='block_1_30' title="bbox 386 2812 1960 2883">
    <p class='ocr_par' dir='ltr' id='par_1_30' title="bbox 386 2812 1960 2883">
     <span class='ocr_line' id='line_1_30' title="bbox 386 2812 1960 2883; baseline 0.001 -16"><span class='ocrx_word' id='word_1_199' title='bbox 386 2822 439 2867; x_wconf 89' lang='lat' dir='ltr'><strong>et</strong></span> <span class='ocrx_word' id='word_1_200' title='bbox 477 2812 759 2882; x_wconf 86' lang='lat' dir='ltr'><strong>pallidum,</strong></span> <span class='ocrx_word' id='word_1_201' title='bbox 806 2823 860 2865; x_wconf 88' lang='lat' dir='ltr'><strong>et</strong></span> <span class='ocrx_word' id='word_1_202' title='bbox 907 2812 1099 2865; x_wconf 85' lang='lat' dir='ltr'><strong>recisis</strong></span> <span class='ocrx_word' id='word_1_203' title='bbox 1142 2827 1426 2865; x_wconf 83' lang='lat' dir='ltr'><strong>comarum</strong></span> <span class='ocrx_word' id='word_1_204' title='bbox 1478 2812 1758 2867; x_wconf 81' lang='lat' dir='ltr'><strong>ﬂuentium</strong></span> <span class='ocrx_word' id='word_1_205' title='bbox 1810 2814 1960 2883; x_wconf 86' lang='lat' dir='ltr'><strong>jubis</strong></span> 
     </span>
    </p>
   </div>
   <div class='ocr_carea' id='block_1_31' title="bbox 387 2904 1961 2973">
    <p class='ocr_par' dir='ltr' id='par_1_31' title="bbox 387 2904 1961 2973">
     <span class='ocr_line' id='line_1_31' title="bbox 387 2904 1961 2973; baseline 0.001 -16"><span class='ocrx_word' id='word_1_206' title='bbox 387 2919 563 2973; x_wconf 86' lang='lat' dir='ltr'><strong>usque</strong></span> <span class='ocrx_word' id='word_1_207' title='bbox 592 2904 657 2957; x_wconf 90' lang='lat' dir='ltr'><strong>ad</strong></span> <span class='ocrx_word' id='word_1_208' title='bbox 695 2912 874 2958; x_wconf 88' lang='lat' dir='ltr'><strong>cutem</strong></span> <span class='ocrx_word' id='word_1_209' title='bbox 917 2913 1157 2968; x_wconf 84' lang='lat' dir='ltr'><strong>tonsum,</strong></span> <span class='ocrx_word' id='word_1_210' title='bbox 1195 2919 1317 2972; x_wconf 85' lang='lat' dir='ltr'><strong>pag.</strong></span> <span class='ocrx_word' id='word_1_211' title='bbox 1354 2905 1494 2969; x_wconf 76' lang='lat'><strong>190;</strong></span> <span class='ocrx_word' id='word_1_212' title='bbox 1530 2904 1876 2969; x_wconf 82' lang='lat' dir='ltr'><strong>Sirmondus,</strong></span> <span class='ocrx_word' id='word_1_213' title='bbox 1905 2904 1961 2958; x_wconf 91' lang='lat' dir='ltr'><strong>in</strong></span> 
     </span>
    </p>
   </div>
   <div class='ocr_carea' id='block_1_32' title="bbox 387 2991 1961 3064">
    <p class='ocr_par' dir='ltr' id='par_1_32' title="bbox 387 2991 1961 3064">
     <span class='ocr_line' id='line_1_32' title="bbox 387 2991 1961 3064; baseline 0.001 -15"><span class='ocrx_word' id='word_1_214' title='bbox 387 2995 544 3063; x_wconf 86' lang='lat' dir='ltr'><strong>epist.</strong></span> <span class='ocrx_word' id='word_1_215' title='bbox 580 2994 670 3059; x_wconf 74' lang='lat'><strong>25,</strong></span> <span class='ocrx_word' id='word_1_216' title='bbox 704 2995 799 3048; x_wconf 91' lang='lat' dir='ltr'><strong>lib.</strong></span> <span class='ocrx_word' id='word_1_217' title='bbox 838 3009 894 3047; x_wconf 89' lang='grc' dir='ltr'><strong>ιιι</strong></span> <span class='ocrx_word' id='word_1_218' title='bbox 926 2991 1161 3058; x_wconf 88' lang='lat' dir='ltr'><strong>Sidonii,</strong></span> <span class='ocrx_word' id='word_1_219' title='bbox 1208 2992 1403 3064; x_wconf 80' lang='lat' dir='ltr'><strong>Yepez,</strong></span> <span class='ocrx_word' id='word_1_220' title='bbox 1459 2996 1511 3048; x_wconf 91' lang='lat' dir='ltr'><strong>in</strong></span> <span class='ocrx_word' id='word_1_221' title='bbox 1558 2996 1754 3051; x_wconf 83' lang='lat' dir='ltr'><strong>Chron.</strong></span> <span class='ocrx_word' id='word_1_222' title='bbox 1791 2998 1961 3050; x_wconf 78' lang='lat' dir='ltr'><strong>sancti</strong></span> 
     </span>
    </p>
   </div>
   <div class='ocr_carea' id='block_1_33' title="bbox 392 3084 1957 3155">
    <p class='ocr_par' dir='ltr' id='par_1_33' title="bbox 392 3084 1957 3155">
     <span class='ocr_line' id='line_1_33' title="bbox 392 3084 1957 3155; baseline 0.002 -17"><span class='ocrx_word' id='word_1_223' title='bbox 392 3085 680 3151; x_wconf 85' lang='lat' dir='ltr'><strong>Benedicti,</strong></span> <span class='ocrx_word' id='word_1_224' title='bbox 716 3100 836 3155; x_wconf 88' lang='lat' dir='ltr'><strong>cap.</strong></span> <span class='ocrx_word' id='word_1_225' title='bbox 870 3085 925 3138; x_wconf 77' lang='grc'><strong>4.</strong></span> <span class='ocrx_word' id='word_1_226' title='bbox 963 3084 1143 3139; x_wconf 83' lang='lat' dir='ltr'><strong>Nilum</strong></span> <span class='ocrx_word' id='word_1_227' title='bbox 1177 3095 1358 3139; x_wconf 92' lang='lat' dir='ltr'><strong>autem</strong></span> <span class='ocrx_word' id='word_1_228' title='bbox 1404 3086 1608 3141; x_wconf 78' lang='lat' dir='ltr'><strong>aluisse</strong></span> <span class='ocrx_word' id='word_1_229' title='bbox 1641 3103 1852 3141; x_wconf 89' lang='lat' dir='ltr'><strong>comam</strong></span> <span class='ocrx_word' id='word_1_230' title='bbox 1903 3088 1957 3141; x_wconf 92' lang='lat' dir='ltr'><strong>in</strong></span> 
     </span>
    </p>
   </div>
   <div class='ocr_carea' id='block_1_34' title="bbox 378 3178 1959 3248">
    <p class='ocr_par' dir='ltr' id='par_1_34' title="bbox 378 3178 1959 3248">
     <span class='ocr_line' id='line_1_34' title="bbox 378 3178 1959 3248; baseline 0.001 -16"><span class='ocrx_word' id='word_1_231' title='bbox 378 3180 557 3242; x_wconf 75' lang='lat' dir='ltr'><strong>&#39;luctu,</strong></span> <span class='ocrx_word' id='word_1_232' title='bbox 591 3191 645 3232; x_wconf 91' lang='lat' dir='ltr'><strong>et</strong></span> <span class='ocrx_word' id='word_1_233' title='bbox 676 3179 994 3248; x_wconf 85' lang='lat' dir='ltr'><strong>promisisse</strong></span> <span class='ocrx_word' id='word_1_234' title='bbox 1026 3178 1147 3231; x_wconf 88' lang='lat' dir='ltr'><strong>ideo</strong></span> <span class='ocrx_word' id='word_1_235' title='bbox 1186 3179 1432 3247; x_wconf 80' lang='lat' dir='ltr'><strong>capillos,</strong></span> <span class='ocrx_word' id='word_1_236' title='bbox 1468 3188 1529 3231; x_wconf 90' lang='lat' dir='ltr'><strong>ut</strong></span> <span class='ocrx_word' id='word_1_237' title='bbox 1577 3178 1767 3233; x_wconf 76' lang='lat' dir='ltr'><strong>faciem</strong></span> <span class='ocrx_word' id='word_1_238' title='bbox 1801 3184 1959 3235; x_wconf 89' lang='lat' dir='ltr'><strong>obte-</strong></span> 
     </span>
    </p>
   </div>
   <div class='ocr_carea' id='block_1_35' title="bbox 388 3270 1961 3341">
    <p class='ocr_par' dir='ltr' id='par_1_35' title="bbox 388 3270 1961 3341">
     <span class='ocr_line' id='line_1_35' title="bbox 388 3270 1961 3341; baseline 0.001 -16"><span class='ocrx_word' id='word_1_239' title='bbox 388 3281 596 3341; x_wconf 80' lang='lat' dir='ltr'><strong>gerent,</strong></span> <span class='ocrx_word' id='word_1_240' title='bbox 621 3286 718 3325; x_wconf 91' lang='lat' dir='ltr'><strong>nec</strong></span> <span class='ocrx_word' id='word_1_241' title='bbox 732 3287 761 3324; x_wconf 91' lang='lat' dir='ltr'><strong>a</strong></span> <span class='ocrx_word' id='word_1_242' title='bbox 773 3270 884 3324; x_wconf 87' lang='lat' dir='ltr'><strong>lilio</strong></span> <span class='ocrx_word' id='word_1_243' title='bbox 900 3270 1082 3324; x_wconf 88' lang='lat' dir='ltr'><strong>statim</strong></span> <span class='ocrx_word' id='word_1_244' title='bbox 1107 3283 1517 3339; x_wconf 86' lang='lat' dir='ltr'><strong>agnosceretur.</strong></span> <span class='ocrx_word' id='word_1_245' title='bbox 1532 3270 1804 3341; x_wconf 90' lang='lat' dir='ltr'><strong>Lugentes</strong></span> <span class='ocrx_word' id='word_1_246' title='bbox 1814 3274 1961 3326; x_wconf 88' lang='lat' dir='ltr'><strong>enim</strong></span> 
     </span>
    </p>
   </div>
   <div class='ocr_carea' id='block_1_36' title="bbox 386 3362 1962 3432">
    <p class='ocr_par' dir='ltr' id='par_1_36' title="bbox 386 3362 1962 3432">
     <span class='ocr_line' id='line_1_36' title="bbox 386 3362 1962 3432; baseline -0.001 -14"><span class='ocrx_word' id='word_1_247' title='bbox 386 3374 440 3418; x_wconf 85' lang='lat' dir='ltr'><strong>et</strong></span> <span class='ocrx_word' id='word_1_248' title='bbox 471 3365 545 3417; x_wconf 88' lang='lat' dir='ltr'><strong>rei</strong></span> <span class='ocrx_word' id='word_1_249' title='bbox 599 3363 848 3417; x_wconf 89' lang='lat' dir='ltr'><strong>solebant</strong></span> <span class='ocrx_word' id='word_1_250' title='bbox 877 3362 1010 3416; x_wconf 92' lang='lat' dir='ltr'><strong>olim</strong></span> <span class='ocrx_word' id='word_1_251' title='bbox 1043 3362 1269 3416; x_wconf 86' lang='lat' dir='ltr'><strong>barbam</strong></span> <span class='ocrx_word' id='word_1_252' title='bbox 1323 3362 1694 3432; x_wconf 86' lang='lat' dir='ltr'><strong>capillumque</strong></span> <span class='ocrx_word' id='word_1_253' title='bbox 1726 3364 1962 3417; x_wconf 91' lang='lat' dir='ltr'><strong>submit-</strong></span> 
     </span>
    </p>
   </div>
   <div class='ocr_carea' id='block_1_37' title="bbox 388 3454 1957 3523">
    <p class='ocr_par' dir='ltr' id='par_1_37' title="bbox 388 3454 1957 3523">
     <span class='ocr_line' id='line_1_37' title="bbox 388 3454 1957 3523; baseline 0.002 -14"><span class='ocrx_word' id='word_1_254' title='bbox 388 3469 528 3523; x_wconf 85' lang='lat' dir='ltr'><strong>tere;</strong></span> <span class='ocrx_word' id='word_1_255' title='bbox 586 3465 819 3511; x_wconf 90' lang='lat' dir='ltr'><strong>testatur</strong></span> <span class='ocrx_word' id='word_1_256' title='bbox 848 3457 902 3511; x_wconf 91' lang='lat' dir='ltr'><strong>id</strong></span> <span class='ocrx_word' id='word_1_257' title='bbox 932 3456 1000 3511; x_wconf 89' lang='lat' dir='ltr'><strong>de</strong></span> <span class='ocrx_word' id='word_1_258' title='bbox 1038 3456 1281 3511; x_wconf 89' lang='lat' dir='ltr'><strong>Eumene</strong></span> <span class='ocrx_word' id='word_1_259' title='bbox 1311 3454 1583 3522; x_wconf 88' lang='lat' dir='ltr'><strong>Justinus,</strong></span> <span class='ocrx_word' id='word_1_260' title='bbox 1633 3457 1726 3511; x_wconf 90' lang='lat' dir='ltr'><strong>lib.</strong></span> <span class='ocrx_word' id='word_1_261' title='bbox 1764 3474 1957 3522; x_wconf 72' lang='lat' dir='ltr'><strong>xxxvr,</strong></span> 
     </span>
    </p>
   </div>
   <div class='ocr_carea' id='block_1_38' title="bbox 385 3547 1957 3619">
    <p class='ocr_par' dir='ltr' id='par_1_38' title="bbox 385 3547 1957 3619">
     <span class='ocr_line' id='line_1_38' title="bbox 385 3547 1957 3619; baseline 0.001 -17"><span class='ocrx_word' id='word_1_262' title='bbox 385 3552 558 3619; x_wconf 89' lang='lat' dir='ltr'><strong>deque</strong></span> <span class='ocrx_word' id='word_1_263' title='bbox 592 3550 837 3619; x_wconf 86' lang='lat' dir='ltr'><strong>Augusto</strong></span> <span class='ocrx_word' id='word_1_264' title='bbox 885 3551 1113 3603; x_wconf 88' lang='lat' dir='ltr'><strong>Sueton.</strong></span> <span class='ocrx_word' id='word_1_265' title='bbox 1154 3564 1205 3603; x_wconf 92' lang='lat' dir='ltr'><strong>c.</strong></span> <span class='ocrx_word' id='word_1_266' title='bbox 1256 3549 1363 3613; x_wconf 76' lang='lat'><strong>23;</strong></span> <span class='ocrx_word' id='word_1_267' title='bbox 1398 3547 1586 3618; x_wconf 86' lang='lat' dir='ltr'><strong>Cujac.</strong></span> <span class='ocrx_word' id='word_1_268' title='bbox 1631 3549 1726 3603; x_wconf 91' lang='lat' dir='ltr'><strong>lib.</strong></span> <span class='ocrx_word' id='word_1_269' title='bbox 1760 3566 1811 3603; x_wconf 85' lang='lat' dir='ltr'><strong>vi</strong></span> <span class='ocrx_word' id='word_1_270' title='bbox 1853 3549 1957 3605; x_wconf 90' lang='lat' dir='ltr'><strong>0b-</strong></span> 
     </span>
    </p>
   </div>
   <div class='ocr_carea' id='block_1_39' title="bbox 384 3640 1957 3713">
    <p class='ocr_par' dir='ltr' id='par_1_39' title="bbox 384 3640 1957 3713">
     <span class='ocr_line' id='line_1_39' title="bbox 384 3640 1957 3713; baseline -0.001 -17"><span class='ocrx_word' id='word_1_271' title='bbox 384 3642 718 3697; x_wconf 77' lang='lat' dir='ltr'><strong>servatJur.</strong></span> <span class='ocrx_word' id='word_1_272' title='bbox 758 3658 808 3697; x_wconf 92' lang='lat' dir='ltr'><strong>c.</strong></span> <span class='ocrx_word' id='word_1_273' title='bbox 853 3644 904 3706; x_wconf 83' lang='grc'><strong>1,</strong></span> <span class='ocrx_word' id='word_1_274' title='bbox 944 3642 1012 3697; x_wconf 87' lang='lat' dir='ltr'><strong>ad</strong></span> <span class='ocrx_word' id='word_1_275' title='bbox 1052 3642 1147 3696; x_wconf 91' lang='lat' dir='ltr'><strong>lib.</strong></span> <span class='ocrx_word' id='word_1_276' title='bbox 1182 3658 1253 3695; x_wconf 77' lang='lat' dir='ltr'><strong>xv</strong></span> <span class='ocrx_word' id='word_1_277' title='bbox 1286 3641 1359 3696; x_wconf 79' lang='grc' dir='ltr'><strong>Ι).</strong></span> <span class='ocrx_word' id='word_1_278' title='bbox 1389 3640 1466 3695; x_wconf 83' lang='lat' dir='ltr'><strong>De</strong></span> <span class='ocrx_word' id='word_1_279' title='bbox 1496 3642 1684 3710; x_wconf 86' lang='lat' dir='ltr'><strong>injur.;</strong></span> <span class='ocrx_word' id='word_1_280' title='bbox 1725 3642 1752 3713; x_wconf 62' lang='grc' dir='ltr'><strong>ἓ</strong></span> <span class='ocrx_word' id='word_1_281' title='bbox 1790 3642 1957 3697; x_wconf 81' lang='lat' dir='ltr'><strong>Gene-</strong></span> 
     </span>
    </p>
   </div>
   <div class='ocr_carea' id='block_1_40' title="bbox 386 3733 1959 3804">
    <p class='ocr_par' dir='ltr' id='par_1_40' title="bbox 386 3733 1959 3804">
     <span class='ocr_line' id='line_1_40' title="bbox 386 3733 1959 3804; baseline 0.002 -18"><span class='ocrx_word' id='word_1_282' title='bbox 386 3735 568 3787; x_wconf 80' lang='lat' dir='ltr'><strong>raliter</strong></span> <span class='ocrx_word' id='word_1_283' title='bbox 594 3736 649 3787; x_wconf 87' lang='lat' dir='ltr'><strong>iu</strong></span> <span class='ocrx_word' id='word_1_284' title='bbox 686 3733 824 3787; x_wconf 86' lang='lat' dir='ltr'><strong>verb.</strong></span> <span class='ocrx_word' id='word_1_285' title='bbox 856 3735 933 3788; x_wconf 84' lang='lat' dir='ltr'><strong>uel</strong></span> <span class='ocrx_word' id='word_1_286' title='bbox 979 3733 1199 3801; x_wconf 80' lang='lat' dir='ltr'><strong>capillos</strong></span> <span class='ocrx_word' id='word_1_287' title='bbox 1231 3733 1529 3787; x_wconf 81' lang='lat' dir='ltr'><strong>submittat.</strong></span> <span class='ocrx_word' id='word_1_288' title='bbox 1568 3733 1792 3788; x_wconf 88' lang='lat' dir='ltr'><strong>Ovidius</strong></span> <span class='ocrx_word' id='word_1_289' title='bbox 1831 3736 1959 3804; x_wconf 90' lang='lat' dir='ltr'><strong>qui-</strong></span> 
     </span>
    </p>
   </div>
   <div class='ocr_carea' id='block_1_41' title="bbox 383 3825 1958 3897">
    <p class='ocr_par' dir='ltr' id='par_1_41' title="bbox 383 3825 1958 3897">
     <span class='ocr_line' id='line_1_41' title="bbox 383 3825 1958 3897; baseline 0.003 -18"><span class='ocrx_word' id='word_1_290' title='bbox 383 3829 503 3882; x_wconf 91' lang='lat' dir='ltr'><strong>dem</strong></span> <span class='ocrx_word' id='word_1_291' title='bbox 554 3828 825 3897; x_wconf 80' lang='lat' dir='ltr'><strong>relegatus</strong></span> <span class='ocrx_word' id='word_1_292' title='bbox 872 3828 941 3882; x_wconf 91' lang='lat' dir='ltr'><strong>ad</strong></span> <span class='ocrx_word' id='word_1_293' title='bbox 988 3826 1261 3881; x_wconf 83' lang='lat' dir='ltr'><strong>Euxinum</strong></span> <span class='ocrx_word' id='word_1_294' title='bbox 1298 3825 1529 3881; x_wconf 88' lang='lat' dir='ltr'><strong>Pontum</strong></span> <span class='ocrx_word' id='word_1_295' title='bbox 1576 3842 1831 3897; x_wconf 85' lang='lat' dir='ltr'><strong>egressus</strong></span> <span class='ocrx_word' id='word_1_296' title='bbox 1874 3837 1958 3883; x_wconf 89' lang='lat' dir='ltr'><strong>est</strong></span> 
     </span>
    </p>
   </div>
   <div class='ocr_carea' id='block_1_42' title="bbox 388 3919 561 3985">
    <p class='ocr_par' dir='ltr' id='par_1_42' title="bbox 388 3919 561 3985">
     <span class='ocr_line' id='line_1_42' title="bbox 388 3919 561 3985; baseline 0.006 -11"><span class='ocrx_word' id='word_1_297' title='bbox 388 3919 528 3975; x_wconf 86' lang='lat' dir='ltr'><strong>Urbe</strong></span> <span class='ocrx_word' id='word_1_298' title='bbox 547 3962 561 3985; x_wconf 92' lang='lat'><strong>,</strong></span> 
     </span>
    </p>
   </div>
   <div class='ocr_carea' id='block_1_43' title="bbox 522 4009 1742 4079">
    <p class='ocr_par' dir='ltr' id='par_1_43' title="bbox 522 4009 1742 4079">
     <span class='ocr_line' id='line_1_43' title="bbox 522 4009 1742 4079; baseline 0 -16"><span class='ocrx_word' id='word_1_299' title='bbox 522 4009 807 4076; x_wconf 79' lang='lat' dir='ltr'><strong>Squalidus</strong></span> <span class='ocrx_word' id='word_1_300' title='bbox 845 4010 1099 4064; x_wconf 83' lang='lat' dir='ltr'><strong>immissis</strong></span> <span class='ocrx_word' id='word_1_301' title='bbox 1135 4010 1277 4062; x_wconf 83' lang='lat' dir='ltr'><strong>hirta</strong></span> <span class='ocrx_word' id='word_1_302' title='bbox 1306 4025 1397 4079; x_wconf 89' lang='lat' dir='ltr'><strong>per</strong></span> <span class='ocrx_word' id='word_1_303' title='bbox 1429 4026 1522 4063; x_wconf 90' lang='lat' dir='ltr'><strong>ora</strong></span> <span class='ocrx_word' id='word_1_304' title='bbox 1555 4011 1742 4063; x_wconf 65' lang='lat' dir='ltr'><strong>comis»</strong></span> 
     </span>
    </p>
   </div>
   <div class='ocr_carea' id='block_1_44' title="bbox 382 4100 1955 4159">
    <p class='ocr_par' dir='ltr' id='par_1_44' title="bbox 382 4100 1955 4159">
     <span class='ocr_line' id='line_1_44' title="bbox 382 4100 1955 4159; baseline 0.003 -7"><span class='ocrx_word' id='word_1_305' title='bbox 382 4100 763 4155; x_wconf 80' lang='lat' dir='ltr'><strong>Consulendus</strong></span> <span class='ocrx_word' id='word_1_306' title='bbox 798 4102 1093 4157; x_wconf 90' lang='lat' dir='ltr'><strong>cardinalis</strong></span> <span class='ocrx_word' id='word_1_307' title='bbox 1128 4102 1392 4159; x_wconf 81' lang='lat' dir='ltr'><strong>Baronius</strong></span> <span class='ocrx_word' id='word_1_308' title='bbox 1428 4104 1484 4157; x_wconf 90' lang='lat' dir='ltr'><strong>in</strong></span> <span class='ocrx_word' id='word_1_309' title='bbox 1515 4103 1807 4155; x_wconf 84' lang='lat' dir='ltr'><strong>Annalibus</strong></span> <span class='ocrx_word' id='word_1_310' title='bbox 1847 4102 1955 4156; x_wconf 88' lang='lat' dir='ltr'><strong>Ec-</strong></span> 
     </span>
    </p>
   </div>
   <div class='ocr_carea' id='block_1_45' title="bbox 383 4191 1950 4265">
    <p class='ocr_par' dir='ltr' id='par_1_45' title="bbox 383 4191 1950 4265">
     <span class='ocr_line' id='line_1_45' title="bbox 383 4191 1950 4265; baseline 0.006 -23"><span class='ocrx_word' id='word_1_311' title='bbox 383 4191 503 4245; x_wconf 82' lang='lat' dir='ltr'><strong>cles.</strong></span> <span class='ocrx_word' id='word_1_312' title='bbox 546 4193 611 4245; x_wconf 90' lang='lat' dir='ltr'><strong>ad</strong></span> <span class='ocrx_word' id='word_1_313' title='bbox 649 4209 854 4246; x_wconf 90' lang='lat' dir='ltr'><strong>annum</strong></span> <span class='ocrx_word' id='word_1_314' title='bbox 904 4193 1009 4260; x_wconf 90' lang='lat'><strong>58,</strong></span> <span class='ocrx_word' id='word_1_315' title='bbox 1062 4210 1215 4248; x_wconf 90' lang='lat' dir='ltr'><strong>num.</strong></span> <span class='ocrx_word' id='word_1_316' title='bbox 1255 4195 1347 4260; x_wconf 83' lang='lat'><strong>55,</strong></span> <span class='ocrx_word' id='word_1_317' title='bbox 1381 4198 1523 4265; x_wconf 90' lang='lat' dir='ltr'><strong>apud</strong></span> <span class='ocrx_word' id='word_1_318' title='bbox 1574 4196 1950 4265; x_wconf 76' lang='lat' dir='ltr'><strong>Spondanum.</strong></span> 
     </span>
    </p>
   </div>
   <div class='ocr_carea' id='block_1_46' title="bbox 450 4286 1955 4363">
    <p class='ocr_par' dir='ltr' id='par_1_46' title="bbox 450 4286 1955 4363">
     <span class='ocr_line' id='line_1_46' title="bbox 450 4286 1955 4363; baseline 0.004 -24"><span class='ocrx_word' id='word_1_319' title='bbox 450 4286 605 4352; x_wconf 86' lang='lat' dir='ltr'><strong>Quod</strong></span> <span class='ocrx_word' id='word_1_320' title='bbox 633 4289 827 4342; x_wconf 89' lang='lat' dir='ltr'><strong>attinet</strong></span> <span class='ocrx_word' id='word_1_321' title='bbox 857 4290 922 4342; x_wconf 89' lang='lat' dir='ltr'><strong>ad</strong></span> <span class='ocrx_word' id='word_1_322' title='bbox 956 4293 1341 4361; x_wconf 78' lang='grc' dir='ltr'>μιαροφαγεῖν,</span> <span class='ocrx_word' id='word_1_323' title='bbox 1384 4308 1493 4346; x_wconf 91' lang='lat' dir='ltr'><strong>non</strong></span> <span class='ocrx_word' id='word_1_324' title='bbox 1521 4301 1730 4345; x_wconf 90' lang='lat' dir='ltr'><strong>tantum</strong></span> <span class='ocrx_word' id='word_1_325' title='bbox 1756 4293 1955 4363; x_wconf 87' lang='lat' dir='ltr'><strong>opinor</strong></span> 
     </span>
    </p>
   </div>
   <div class='ocr_carea' id='block_1_47' title="bbox 382 4376 1952 4454">
    <p class='ocr_par' dir='ltr' id='par_1_47' title="bbox 382 4376 1952 4454">
     <span class='ocr_line' id='line_1_47' title="bbox 382 4376 1952 4454; baseline 0.006 -25"><span class='ocrx_word' id='word_1_326' title='bbox 382 4376 723 4432; x_wconf 88' lang='lat' dir='ltr'><strong>Tbeodulum</strong></span> <span class='ocrx_word' id='word_1_327' title='bbox 759 4380 1064 4449; x_wconf 82' lang='lat' dir='ltr'><strong>intelligere</strong></span> <span class='ocrx_word' id='word_1_328' title='bbox 1107 4382 1408 4454; x_wconf 88' lang='lat' dir='ltr'><strong>idolotbyta</strong></span> <span class='ocrx_word' id='word_1_329' title='bbox 1443 4399 1814 4454; x_wconf 84' lang='lat' dir='ltr'><strong>paganorum,</strong></span> <span class='ocrx_word' id='word_1_330' title='bbox 1868 4385 1952 4439; x_wconf 92' lang='lat' dir='ltr'><strong>vel</strong></span> 
     </span>
    </p>
   </div>
   <div class='ocr_carea' id='block_1_48' title="bbox 2066 500 3650 573">
    <p class='ocr_par' dir='ltr' id='par_1_48' title="bbox 2066 500 3650 573">
     <span class='ocr_line' id='line_1_48' title="bbox 2066 500 3650 573; baseline 0.003 -19"><span class='ocrx_word' id='word_1_331' title='bbox 2066 502 2302 554; x_wconf 88' lang='lat' dir='ltr'><strong>breviter</strong></span> <span class='ocrx_word' id='word_1_332' title='bbox 2339 503 2406 555; x_wconf 92' lang='lat' dir='ltr'><strong>de</strong></span> <span class='ocrx_word' id='word_1_333' title='bbox 2440 500 2767 555; x_wconf 83' lang='lat' dir='ltr'><strong>abstinentia</strong></span> <span class='ocrx_word' id='word_1_334' title='bbox 2800 503 3003 564; x_wconf 87' lang='lat' dir='ltr'><strong>carnis,</strong></span> <span class='ocrx_word' id='word_1_335' title='bbox 3042 517 3151 571; x_wconf 90' lang='lat' dir='ltr'><strong>qua</strong></span> <span class='ocrx_word' id='word_1_336' title='bbox 3186 504 3511 573; x_wconf 83' lang='lat' dir='ltr'><strong>reprimitur</strong></span> <span class='ocrx_word' id='word_1_337' title='bbox 3540 522 3650 558; x_wconf 70' lang='grc' dir='ltr'><strong>κοι-</strong></span> 
     </span>
    </p>
   </div>
   <div class='ocr_carea' id='block_1_49' title="bbox 2063 592 3654 666">
    <p class='ocr_par' dir='ltr' id='par_1_49' title="bbox 2063 592 3654 666">
     <span class='ocr_line' id='line_1_49' title="bbox 2063 592 3654 666; baseline 0.005 -23"><span class='ocrx_word' id='word_1_338' title='bbox 2063 592 2355 662; x_wconf 78' lang='grc' dir='ltr'>λιοδαίμων</span> <span class='ocrx_word' id='word_1_339' title='bbox 2375 633 2392 655; x_wconf 85' lang='grc'><strong>,</strong></span> <span class='ocrx_word' id='word_1_340' title='bbox 2436 594 2530 661; x_wconf 87' lang='lat' dir='ltr'><strong>qui</strong></span> <span class='ocrx_word' id='word_1_341' title='bbox 2570 593 2948 663; x_wconf 77' lang='grc' dir='ltr'>παραπλήσιος</span> <span class='ocrx_word' id='word_1_342' title='bbox 2976 605 3060 648; x_wconf 85' lang='lat' dir='ltr'><strong>est</strong></span> <span class='ocrx_word' id='word_1_343' title='bbox 3087 595 3530 666; x_wconf 74' lang='grc' dir='ltr'>ἐγγαστριμύθῳ</span> <span class='ocrx_word' id='word_1_344' title='bbox 3549 637 3563 659; x_wconf 86' lang='grc'><strong>,</strong></span> <span class='ocrx_word' id='word_1_345' title='bbox 3601 599 3654 651; x_wconf 90' lang='lat' dir='ltr'><strong>id</strong></span> 
     </span>
    </p>
   </div>
   <div class='ocr_carea' id='block_1_50' title="bbox 2063 686 3659 759">
    <p class='ocr_par' dir='ltr' id='par_1_50' title="bbox 2063 686 3659 759">
     <span class='ocr_line' id='line_1_50' title="bbox 2063 686 3659 759; baseline 0.005 -21"><span class='ocrx_word' id='word_1_346' title='bbox 2063 693 2168 748; x_wconf 88' lang='lat' dir='ltr'><strong>cst,</strong></span> <span class='ocrx_word' id='word_1_347' title='bbox 2208 686 2410 738; x_wconf 76' lang='lat' dir='ltr'><strong>dwmon</strong></span> <span class='ocrx_word' id='word_1_348' title='bbox 2443 686 2671 749; x_wconf 81' lang='lat' dir='ltr'><strong>ventris,</strong></span> <span class='ocrx_word' id='word_1_349' title='bbox 2707 687 2797 754; x_wconf 90' lang='lat' dir='ltr'><strong>qui</strong></span> <span class='ocrx_word' id='word_1_350' title='bbox 2824 686 3037 740; x_wconf 85' lang='lat' dir='ltr'><strong>vicinus</strong></span> <span class='ocrx_word' id='word_1_351' title='bbox 3066 696 3148 741; x_wconf 91' lang='lat' dir='ltr'><strong>est</strong></span> <span class='ocrx_word' id='word_1_352' title='bbox 3169 689 3557 759; x_wconf 86' lang='lat' dir='ltr'><strong>ventriloquo;</strong></span> <span class='ocrx_word' id='word_1_353' title='bbox 3593 692 3659 746; x_wconf 87' lang='lat' dir='ltr'><strong>de</strong></span> 
     </span>
    </p>
   </div>
   <div class='ocr_carea' id='block_1_51' title="bbox 2061 775 3658 849">
    <p class='ocr_par' dir='ltr' id='par_1_51' title="bbox 2061 775 3658 849">
     <span class='ocr_line' id='line_1_51' title="bbox 2061 775 3658 849; baseline 0.004 -19"><span class='ocrx_word' id='word_1_354' title='bbox 2061 775 2442 832; x_wconf 88' lang='lat' dir='ltr'><strong>Carthusianis</strong></span> <span class='ocrx_word' id='word_1_355' title='bbox 2493 780 2668 833; x_wconf 83' lang='lat' dir='ltr'><strong>saneti</strong></span> <span class='ocrx_word' id='word_1_356' title='bbox 2717 778 3026 843; x_wconf 88' lang='lat' dir='ltr'><strong>Brunonis,</strong></span> <span class='ocrx_word' id='word_1_357' title='bbox 3061 782 3151 849; x_wconf 91' lang='lat' dir='ltr'><strong>qui</strong></span> <span class='ocrx_word' id='word_1_358' title='bbox 3204 782 3658 837; x_wconf 84' lang='lat' dir='ltr'><strong>anachoreticam</strong></span> 
     </span>
    </p>
   </div>
   <div class='ocr_carea' id='block_1_52' title="bbox 2064 853 3661 943">
    <p class='ocr_par' dir='ltr' id='par_1_52' title="bbox 2064 853 3661 943">
     <span class='ocr_line' id='line_1_52' title="bbox 2064 853 3661 943; baseline 0.004 -23"><span class='ocrx_word' id='word_1_359' title='bbox 2064 869 2229 922; x_wconf 90' lang='lat' dir='ltr'><strong>vitam</strong></span> <span class='ocrx_word' id='word_1_360' title='bbox 2260 870 2311 922; x_wconf 93' lang='lat' dir='ltr'><strong>in</strong></span> <span class='ocrx_word' id='word_1_361' title='bbox 2342 853 2633 924; x_wconf 64' lang='lat' dir='ltr'><strong>Occidente</strong></span> <span class='ocrx_word' id='word_1_362' title='bbox 2670 873 2972 937; x_wconf 79' lang='lat' dir='ltr'><strong>renovavit,</strong></span> <span class='ocrx_word' id='word_1_363' title='bbox 3006 872 3265 939; x_wconf 88' lang='lat' dir='ltr'><strong>alumnis,</strong></span> <span class='ocrx_word' id='word_1_364' title='bbox 3302 878 3517 942; x_wconf 87' lang='lat' dir='ltr'><strong>quique</strong></span> <span class='ocrx_word' id='word_1_365' title='bbox 3542 890 3661 943; x_wconf 88' lang='lat' dir='ltr'><strong>per-</strong></span> 
     </span>
    </p>
   </div>
   <div class='ocr_carea' id='block_1_53' title="bbox 2065 963 3656 1029">
    <p class='ocr_par' dir='ltr' id='par_1_53' title="bbox 2065 963 3656 1029">
     <span class='ocr_line' id='line_1_53' title="bbox 2065 963 3656 1029; baseline 0.003 -15"><span class='ocrx_word' id='word_1_366' title='bbox 2065 970 2228 1029; x_wconf 88' lang='lat' dir='ltr'><strong>petuo</strong></span> <span class='ocrx_word' id='word_1_367' title='bbox 2280 963 2559 1017; x_wconf 87' lang='lat' dir='ltr'><strong>abstinent</strong></span> <span class='ocrx_word' id='word_1_368' title='bbox 2610 964 2678 1017; x_wconf 90' lang='lat' dir='ltr'><strong>ab</strong></span> <span class='ocrx_word' id='word_1_369' title='bbox 2725 980 2820 1017; x_wconf 92' lang='lat' dir='ltr'><strong>esu</strong></span> <span class='ocrx_word' id='word_1_370' title='bbox 2855 965 3128 1025; x_wconf 88' lang='lat' dir='ltr'><strong>carnium,</strong></span> <span class='ocrx_word' id='word_1_371' title='bbox 3174 966 3458 1020; x_wconf 88' lang='lat' dir='ltr'><strong>Ostiensis</strong></span> <span class='ocrx_word' id='word_1_372' title='bbox 3510 969 3656 1020; x_wconf 87' lang='lat' dir='ltr'><strong>card.</strong></span> 
     </span>
    </p>
   </div>
   <div class='ocr_carea' id='block_1_54' title="bbox 2065 1053 3659 1124">
    <p class='ocr_par' dir='ltr' id='par_1_54' title="bbox 2065 1053 3659 1124">
     <span class='ocr_line' id='line_1_54' title="bbox 2065 1053 3659 1124; baseline 0.004 -18"><span class='ocrx_word' id='word_1_373' title='bbox 2065 1053 2333 1108; x_wconf 81' lang='lat' dir='ltr'><strong>Henricus</strong></span> <span class='ocrx_word' id='word_1_374' title='bbox 2382 1056 2449 1109; x_wconf 90' lang='lat' dir='ltr'><strong>de</strong></span> <span class='ocrx_word' id='word_1_375' title='bbox 2503 1054 2802 1124; x_wconf 87' lang='lat' dir='ltr'><strong>Segusione</strong></span> <span class='ocrx_word' id='word_1_376' title='bbox 2833 1056 3010 1111; x_wconf 87' lang='lat' dir='ltr'><strong>obiter</strong></span> <span class='ocrx_word' id='word_1_377' title='bbox 3041 1057 3091 1109; x_wconf 91' lang='lat' dir='ltr'><strong>in</strong></span> <span class='ocrx_word' id='word_1_378' title='bbox 3128 1073 3177 1111; x_wconf 93' lang='lat' dir='ltr'><strong>c.</strong></span> <span class='ocrx_word' id='word_1_379' title='bbox 3212 1057 3523 1111; x_wconf 73' lang='lat' dir='ltr'><strong>Consilium</strong></span> <span class='ocrx_word' id='word_1_380' title='bbox 3555 1070 3659 1112; x_wconf 72' lang='lat' dir='ltr'><strong>ext.</strong></span> 
     </span>
    </p>
   </div>
   <div class='ocr_carea' id='block_1_55' title="bbox 2064 1143 3660 1217">
    <p class='ocr_par' dir='ltr' id='par_1_55' title="bbox 2064 1143 3660 1217">
     <span class='ocr_line' id='line_1_55' title="bbox 2064 1143 3660 1217; baseline 0.005 -23"><span class='ocrx_word' id='word_1_381' title='bbox 2064 1143 2126 1195; x_wconf 79' lang='lat' dir='ltr'><strong>de</strong></span> <span class='ocrx_word' id='word_1_382' title='bbox 2163 1145 2361 1197; x_wconf 83' lang='lat' dir='ltr'><strong>observ.</strong></span> <span class='ocrx_word' id='word_1_383' title='bbox 2391 1145 2651 1213; x_wconf 83' lang='lat' dir='ltr'><strong>Jejuuior.</strong></span> <span class='ocrx_word' id='word_1_384' title='bbox 2681 1154 2733 1199; x_wconf 90' lang='lat' dir='ltr'><strong>et</strong></span> <span class='ocrx_word' id='word_1_385' title='bbox 2761 1145 3004 1201; x_wconf 81' lang='lat' dir='ltr'><strong>Joannes</strong></span> <span class='ocrx_word' id='word_1_386' title='bbox 3050 1147 3277 1200; x_wconf 66' lang='lat' dir='ltr'><strong>Audiere</strong></span> <span class='ocrx_word' id='word_1_387' title='bbox 3298 1188 3315 1210; x_wconf 96' lang='lat'><strong>,</strong></span> <span class='ocrx_word' id='word_1_388' title='bbox 3366 1150 3466 1217; x_wconf 91' lang='lat' dir='ltr'><strong>qui</strong></span> <span class='ocrx_word' id='word_1_389' title='bbox 3500 1159 3660 1202; x_wconf 82' lang='lat' dir='ltr'><strong>stata</strong></span> 
     </span>
    </p>
   </div>
   <div class='ocr_carea' id='block_1_56' title="bbox 2064 1234 3660 1309">
    <p class='ocr_par' dir='ltr' id='par_1_56' title="bbox 2064 1234 3660 1309">
     <span class='ocr_line' id='line_1_56' title="bbox 2064 1234 3660 1309; baseline 0.004 -22"><span class='ocrx_word' id='word_1_390' title='bbox 2064 1234 2443 1291; x_wconf 78' lang='lat' dir='ltr'><strong>Carthusianis</strong></span> <span class='ocrx_word' id='word_1_391' title='bbox 2489 1254 2552 1292; x_wconf 82' lang='lat' dir='ltr'><strong>ex</strong></span> <span class='ocrx_word' id='word_1_392' title='bbox 2606 1239 2743 1291; x_wconf 88' lang='lat' dir='ltr'><strong>libro</strong></span> <span class='ocrx_word' id='word_1_393' title='bbox 2795 1238 3017 1291; x_wconf 83' lang='lat' dir='ltr'><strong>Arualdi</strong></span> <span class='ocrx_word' id='word_1_394' title='bbox 3062 1238 3222 1309; x_wconf 77' lang='lat'><strong>692</strong></span> <span class='ocrx_word' id='word_1_395' title='bbox 3258 1241 3326 1293; x_wconf 93' lang='lat' dir='ltr'><strong>de</strong></span> <span class='ocrx_word' id='word_1_396' title='bbox 3371 1240 3660 1294; x_wconf 70' lang='lat' dir='ltr'><strong>Villauova</strong></span> 
     </span>
    </p>
   </div>
   <div class='ocr_carea' id='block_1_57' title="bbox 2064 1329 3659 1397">
    <p class='ocr_par' dir='ltr' id='par_1_57' title="bbox 2064 1329 3659 1397">
     <span class='ocr_line' id='line_1_57' title="bbox 2064 1329 3659 1397; baseline 0.002 -16"><span class='ocrx_word' id='word_1_397' title='bbox 2064 1344 2163 1397; x_wconf 91' lang='lat' dir='ltr'><strong>pro</strong></span> <span class='ocrx_word' id='word_1_398' title='bbox 2189 1330 2317 1397; x_wconf 81' lang='lat' dir='ltr'><strong>ipsis</strong></span> <span class='ocrx_word' id='word_1_399' title='bbox 2350 1331 2689 1397; x_wconf 77' lang='lat' dir='ltr'><strong>conscripto,</strong></span> <span class='ocrx_word' id='word_1_400' title='bbox 2744 1330 2818 1382; x_wconf 92' lang='lat' dir='ltr'><strong>uti</strong></span> <span class='ocrx_word' id='word_1_401' title='bbox 2853 1330 3128 1382; x_wconf 84' lang='lat' dir='ltr'><strong>Antonius</strong></span> <span class='ocrx_word' id='word_1_402' title='bbox 3160 1329 3381 1383; x_wconf 83' lang='lat' dir='ltr'><strong>Butrius</strong></span> <span class='ocrx_word' id='word_1_403' title='bbox 3415 1332 3473 1383; x_wconf 89' lang='lat' dir='ltr'><strong>in</strong></span> <span class='ocrx_word' id='word_1_404' title='bbox 3512 1347 3659 1384; x_wconf 90' lang='lat' dir='ltr'><strong>mar-</strong></span> 
     </span>
    </p>
   </div>
   <div class='ocr_carea' id='block_1_58' title="bbox 2065 1420 3658 1493">
    <p class='ocr_par' dir='ltr' id='par_1_58' title="bbox 2065 1420 3658 1493">
     <span class='ocr_line' id='line_1_58' title="bbox 2065 1420 3658 1493; baseline 0.001 -20"><span class='ocrx_word' id='word_1_405' title='bbox 2065 1422 2191 1493; x_wconf 87' lang='lat' dir='ltr'><strong>gine</strong></span> <span class='ocrx_word' id='word_1_406' title='bbox 2236 1420 2638 1482; x_wconf 76' lang='lat' dir='ltr'><strong>Panortnitani,</strong></span> <span class='ocrx_word' id='word_1_407' title='bbox 2684 1432 2734 1475; x_wconf 92' lang='lat' dir='ltr'><strong>et</strong></span> <span class='ocrx_word' id='word_1_408' title='bbox 2777 1420 3020 1475; x_wconf 82' lang='lat' dir='ltr'><strong>Joannes</strong></span> <span class='ocrx_word' id='word_1_409' title='bbox 3062 1421 3385 1477; x_wconf 85' lang='lat' dir='ltr'><strong>Cbarlerius</strong></span> <span class='ocrx_word' id='word_1_410' title='bbox 3414 1426 3484 1478; x_wconf 86' lang='lat' dir='ltr'><strong>de</strong></span> <span class='ocrx_word' id='word_1_411' title='bbox 3529 1424 3658 1477; x_wconf 81' lang='lat' dir='ltr'><strong>Ger-</strong></span> 
     </span>
    </p>
   </div>
   <div class='ocr_carea' id='block_1_59' title="bbox 2065 1514 3653 1585">
    <p class='ocr_par' dir='ltr' id='par_1_59' title="bbox 2065 1514 3653 1585">
     <span class='ocr_line' id='line_1_59' title="bbox 2065 1514 3653 1585; baseline 0.001 -17"><span class='ocrx_word' id='word_1_412' title='bbox 2065 1530 2199 1568; x_wconf 90' lang='lat' dir='ltr'><strong>sone</strong></span> <span class='ocrx_word' id='word_1_413' title='bbox 2229 1515 2429 1583; x_wconf 90' lang='lat' dir='ltr'><strong>oppido</strong></span> <span class='ocrx_word' id='word_1_414' title='bbox 2460 1514 2744 1567; x_wconf 74' lang='lat' dir='ltr'><strong>llemensis</strong></span> <span class='ocrx_word' id='word_1_415' title='bbox 2781 1514 3058 1576; x_wconf 71' lang='lat' dir='ltr'><strong>dimcesis,</strong></span> <span class='ocrx_word' id='word_1_416' title='bbox 3110 1524 3273 1584; x_wconf 88' lang='lat' dir='ltr'><strong>atque</strong></span> <span class='ocrx_word' id='word_1_417' title='bbox 3312 1514 3653 1585; x_wconf 78' lang='lat' dir='ltr'><strong>Fogcrolius,</strong></span> 
     </span>
    </p>
   </div>
   <div class='ocr_carea' id='block_1_60' title="bbox 2068 1589 3651 1674">
    <p class='ocr_par' dir='ltr' id='par_1_60' title="bbox 2068 1589 3651 1674">
     <span class='ocr_line' id='line_1_60' title="bbox 2068 1589 3651 1674; baseline -0.001 -14"><span class='ocrx_word' id='word_1_418' title='bbox 2068 1608 2121 1660; x_wconf 91' lang='lat' dir='ltr'><strong>in</strong></span> <span class='ocrx_word' id='word_1_419' title='bbox 2176 1607 2314 1659; x_wconf 89' lang='lat' dir='ltr'><strong>libro</strong></span> <span class='ocrx_word' id='word_1_420' title='bbox 2370 1605 2652 1674; x_wconf 77' lang='lat' dir='ltr'><strong>Porphyrii</strong></span> <span class='ocrx_word' id='word_1_421' title='bbox 2696 1605 2768 1658; x_wconf 86' lang='lat' dir='ltr'><strong>De</strong></span> <span class='ocrx_word' id='word_1_422' title='bbox 2825 1606 3163 1658; x_wconf 85' lang='lat' dir='ltr'><strong>abstinentia.</strong></span> <span class='ocrx_word' id='word_1_423' title='bbox 3229 1589 3422 1671; x_wconf 68' lang='lat' dir='ltr'><strong>Quoad</strong></span> <span class='ocrx_word' id='word_1_424' title='bbox 3478 1608 3651 1660; x_wconf 84' lang='lat' dir='ltr'><strong>lusum</strong></span> 
     </span>
    </p>
   </div>
   <div class='ocr_carea' id='block_1_61' title="bbox 2067 1697 3653 1766">
    <p class='ocr_par' dir='ltr' id='par_1_61' title="bbox 2067 1697 3653 1766">
     <span class='ocr_line' id='line_1_61' title="bbox 2067 1697 3653 1766; baseline 0 -13"><span class='ocrx_word' id='word_1_425' title='bbox 2067 1714 2192 1753; x_wconf 89' lang='lat' dir='ltr'><strong>cum</strong></span> <span class='ocrx_word' id='word_1_426' title='bbox 2247 1697 2614 1760; x_wconf 87' lang='lat' dir='ltr'><strong>mulieribus,</strong></span> <span class='ocrx_word' id='word_1_427' title='bbox 2670 1697 2902 1766; x_wconf 79' lang='lat' dir='ltr'><strong>pudicus</strong></span> <span class='ocrx_word' id='word_1_428' title='bbox 2940 1697 3029 1751; x_wconf 87' lang='lat' dir='ltr'><strong>ille</strong></span> <span class='ocrx_word' id='word_1_429' title='bbox 3062 1698 3409 1752; x_wconf 70' lang='lat' dir='ltr'><strong>castimonia:</strong></span> <span class='ocrx_word' id='word_1_430' title='bbox 3470 1708 3653 1753; x_wconf 90' lang='lat' dir='ltr'><strong>custos</strong></span> 
     </span>
    </p>
   </div>
   <div class='ocr_carea' id='block_1_62' title="bbox 1994 1772 3651 1862">
    <p class='ocr_par' dir='ltr' id='par_1_62' title="bbox 1994 1772 3651 1862">
     <span class='ocr_line' id='line_1_62' title="bbox 1994 1772 3651 1862; baseline 0 -15"><span class='ocrx_word' id='word_1_431' title='bbox 1994 1772 2037 1827; x_wconf 78' lang='grc' dir='ltr'>Β</span> <span class='ocrx_word' id='word_1_432' title='bbox 2066 1801 2120 1847; x_wconf 88' lang='lat' dir='ltr'><strong>et</strong></span> <span class='ocrx_word' id='word_1_433' title='bbox 2169 1791 2502 1862; x_wconf 89' lang='lat' dir='ltr'><strong>purissimus</strong></span> <span class='ocrx_word' id='word_1_434' title='bbox 2535 1791 2853 1845; x_wconf 83' lang='lat' dir='ltr'><strong>adolescens</strong></span> <span class='ocrx_word' id='word_1_435' title='bbox 2885 1790 3027 1843; x_wconf 81' lang='lat' dir='ltr'><strong>velat</strong></span> <span class='ocrx_word' id='word_1_436' title='bbox 3065 1792 3167 1845; x_wconf 89' lang='lat' dir='ltr'><strong>hoc</strong></span> <span class='ocrx_word' id='word_1_437' title='bbox 3210 1792 3382 1845; x_wconf 80' lang='lat' dir='ltr'><strong>verbo</strong></span> <span class='ocrx_word' id='word_1_438' title='bbox 3415 1793 3651 1862; x_wconf 88' lang='lat' dir='ltr'><strong>turpitu-</strong></span> 
     </span>
    </p>
   </div>
   <div class='ocr_carea' id='block_1_63' title="bbox 2067 1884 3651 1953">
    <p class='ocr_par' dir='ltr' id='par_1_63' title="bbox 2067 1884 3651 1953">
     <span class='ocr_line' id='line_1_63' title="bbox 2067 1884 3651 1953; baseline 0.001 -15"><span class='ocrx_word' id='word_1_439' title='bbox 2067 1884 2356 1949; x_wconf 89' lang='lat' dir='ltr'><strong>dinem,ad</strong></span> <span class='ocrx_word' id='word_1_440' title='bbox 2386 1899 2548 1952; x_wconf 90' lang='lat' dir='ltr'><strong>quam</strong></span> <span class='ocrx_word' id='word_1_441' title='bbox 2584 1884 2781 1953; x_wconf 90' lang='lat' dir='ltr'><strong>impuri</strong></span> <span class='ocrx_word' id='word_1_442' title='bbox 2835 1893 2888 1937; x_wconf 91' lang='lat' dir='ltr'><strong>ct</strong></span> <span class='ocrx_word' id='word_1_443' title='bbox 2920 1885 3071 1953; x_wconf 87' lang='lat' dir='ltr'><strong>impii</strong></span> <span class='ocrx_word' id='word_1_444' title='bbox 3109 1885 3395 1953; x_wconf 72' lang='lat' dir='ltr'><strong>pnedunes</strong></span> <span class='ocrx_word' id='word_1_445' title='bbox 3430 1886 3651 1940; x_wconf 82' lang='lat' dir='ltr'><strong>obsceni</strong></span> 
     </span>
    </p>
   </div>
   <div class='ocr_carea' id='block_1_64' title="bbox 2065 1975 3653 2045">
    <p class='ocr_par' dir='ltr' id='par_1_64' title="bbox 2065 1975 3653 2045">
     <span class='ocr_line' id='line_1_64' title="bbox 2065 1975 3653 2045; baseline 0.003 -16"><span class='ocrx_word' id='word_1_446' title='bbox 2065 1975 2396 2029; x_wconf 81' lang='lat' dir='ltr'><strong>Maliumetis</strong></span> <span class='ocrx_word' id='word_1_447' title='bbox 2447 1990 2813 2045; x_wconf 59' lang='lat' dir='ltr'><strong>praicursores</strong></span> <span class='ocrx_word' id='word_1_448' title='bbox 2876 1992 2998 2029; x_wconf 84' lang='lat' dir='ltr'><strong>eum</strong></span> <span class='ocrx_word' id='word_1_449' title='bbox 3055 1977 3383 2044; x_wconf 88' lang='lat' dir='ltr'><strong>adigebant;</strong></span> <span class='ocrx_word' id='word_1_450' title='bbox 3440 1994 3569 2031; x_wconf 89' lang='lat' dir='ltr'><strong>nam</strong></span> <span class='ocrx_word' id='word_1_451' title='bbox 3608 1979 3653 2033; x_wconf 89' lang='lat' dir='ltr'><strong>si</strong></span> 
     </span>
    </p>
   </div>
   <div class='ocr_carea' id='block_1_65' title="bbox 2048 2069 3649 2138">
    <p class='ocr_par' dir='ltr' id='par_1_65' title="bbox 2048 2069 3649 2138">
     <span class='ocr_line' id='line_1_65' title="bbox 2048 2069 3649 2138; baseline 0.003 -17"><span class='ocrx_word' id='word_1_452' title='bbox 2048 2069 2228 2124; x_wconf 61' lang='lat' dir='ltr'><strong>‘l‘mdis</strong></span> <span class='ocrx_word' id='word_1_453' title='bbox 2253 2069 2433 2138; x_wconf 88' lang='lat' dir='ltr'><strong>ipsum</strong></span> <span class='ocrx_word' id='word_1_454' title='bbox 2461 2070 2604 2123; x_wconf 87' lang='lat' dir='ltr'><strong>escis</strong></span> <span class='ocrx_word' id='word_1_455' title='bbox 2628 2070 2959 2137; x_wconf 77' lang='lat' dir='ltr'><strong>explessent,</strong></span> <span class='ocrx_word' id='word_1_456' title='bbox 2991 2078 3043 2122; x_wconf 89' lang='lat' dir='ltr'><strong>et</strong></span> <span class='ocrx_word' id='word_1_457' title='bbox 3070 2070 3478 2137; x_wconf 89' lang='lat' dir='ltr'><strong>inquinassent,</strong></span> <span class='ocrx_word' id='word_1_458' title='bbox 3513 2071 3649 2126; x_wconf 85' lang='lat' dir='ltr'><strong>haud</strong></span> 
     </span>
    </p>
   </div>
   <div class='ocr_carea' id='block_1_66' title="bbox 2065 2161 3652 2231">
    <p class='ocr_par' dir='ltr' id='par_1_66' title="bbox 2065 2161 3652 2231">
     <span class='ocr_line' id='line_1_66' title="bbox 2065 2161 3652 2231; baseline -0.001 -15"><span class='ocrx_word' id='word_1_459' title='bbox 2065 2163 2232 2216; x_wconf 79' lang='lat' dir='ltr'><strong>dubie</strong></span> <span class='ocrx_word' id='word_1_460' title='bbox 2268 2162 2336 2216; x_wconf 90' lang='lat' dir='ltr'><strong>ad</strong></span> <span class='ocrx_word' id='word_1_461' title='bbox 2376 2162 2830 2216; x_wconf 83' lang='lat' dir='ltr'><strong>incontinentiam</strong></span> <span class='ocrx_word' id='word_1_462' title='bbox 2875 2161 3295 2231; x_wconf 69' lang='lat' dir='ltr'><strong>protraxissent.</strong></span> <span class='ocrx_word' id='word_1_463' title='bbox 3367 2163 3652 2217; x_wconf 72' lang='grc' dir='ltr'><strong>Ἐκάθισεν</strong></span> 
     </span>
    </p>
   </div>
   <div class='ocr_carea' id='block_1_67' title="bbox 2066 2253 3649 2324">
    <p class='ocr_par' dir='ltr' id='par_1_67' title="bbox 2066 2253 3649 2324">
     <span class='ocr_line' id='line_1_67' title="bbox 2066 2253 3649 2324; baseline 0.002 -18"><span class='ocrx_word' id='word_1_464' title='bbox 2066 2257 2093 2306; x_wconf 82' lang='grc' dir='ltr'>ὁ</span> <span class='ocrx_word' id='word_1_465' title='bbox 2136 2254 2265 2317; x_wconf 82' lang='grc' dir='ltr'>λαὸς</span> <span class='ocrx_word' id='word_1_466' title='bbox 2311 2255 2526 2324; x_wconf 83' lang='grc' dir='ltr'><strong>φαγεῖν,</strong></span> <span class='ocrx_word' id='word_1_467' title='bbox 2561 2255 2657 2306; x_wconf 69' lang='grc' dir='ltr'>καὶ</span> <span class='ocrx_word' id='word_1_468' title='bbox 2705 2257 2868 2321; x_wconf 83' lang='grc' dir='ltr'>πιεῖν,</span> <span class='ocrx_word' id='word_1_469' title='bbox 2916 2254 3012 2306; x_wconf 73' lang='grc' dir='ltr'>καὶ</span> <span class='ocrx_word' id='word_1_470' title='bbox 3055 2253 3361 2323; x_wconf 78' lang='grc' dir='ltr'>ἀνέστησαν</span> <span class='ocrx_word' id='word_1_471' title='bbox 3415 2254 3649 2321; x_wconf 77' lang='grc' dir='ltr'><strong>παίζειν.</strong></span> 
     </span>
    </p>
   </div>
   <div class='ocr_carea' id='block_1_68' title="bbox 2066 2346 3652 2415">
    <p class='ocr_par' dir='ltr' id='par_1_68' title="bbox 2066 2346 3652 2415">
     <span class='ocr_line' id='line_1_68' title="bbox 2066 2346 3652 2415; baseline 0.002 -15"><span class='ocrx_word' id='word_1_472' title='bbox 2066 2348 2235 2402; x_wconf 77' lang='lat' dir='ltr'><strong>Exodi</strong></span> <span class='ocrx_word' id='word_1_473' title='bbox 2270 2362 2319 2402; x_wconf 92' lang='lat' dir='ltr'><strong>c.</strong></span> <span class='ocrx_word' id='word_1_474' title='bbox 2362 2363 2536 2413; x_wconf 68' lang='grc' dir='ltr'>χχχιι,</span> <span class='ocrx_word' id='word_1_475' title='bbox 2573 2363 2627 2401; x_wconf 91' lang='lat' dir='ltr'><strong>v.</strong></span> <span class='ocrx_word' id='word_1_476' title='bbox 2658 2346 2725 2412; x_wconf 87' lang='lat'><strong>6;</strong></span> <span class='ocrx_word' id='word_1_477' title='bbox 2769 2347 2823 2401; x_wconf 91' lang='lat' dir='ltr'><strong>id</strong></span> <span class='ocrx_word' id='word_1_478' title='bbox 2853 2357 2967 2411; x_wconf 90' lang='lat' dir='ltr'><strong>est,</strong></span> <span class='ocrx_word' id='word_1_479' title='bbox 2999 2348 3131 2400; x_wconf 82' lang='lat' dir='ltr'><strong>sedit</strong></span> <span class='ocrx_word' id='word_1_480' title='bbox 3160 2348 3389 2415; x_wconf 82' lang='lat' dir='ltr'><strong>populus</strong></span> <span class='ocrx_word' id='word_1_481' title='bbox 3424 2351 3652 2403; x_wconf 83' lang='lat' dir='ltr'><strong>mandu-</strong></span> 
     </span>
    </p>
   </div>
   <div class='ocr_carea' id='block_1_69' title="bbox 2068 2439 3651 2510">
    <p class='ocr_par' dir='ltr' id='par_1_69' title="bbox 2068 2439 3651 2510">
     <span class='ocr_line' id='line_1_69' title="bbox 2068 2439 3651 2510; baseline 0.002 -18"><span class='ocrx_word' id='word_1_482' title='bbox 2068 2457 2189 2493; x_wconf 83' lang='lat' dir='ltr'><strong>rare</strong></span> <span class='ocrx_word' id='word_1_483' title='bbox 2240 2451 2287 2493; x_wconf 90' lang='lat' dir='ltr'><strong>et</strong></span> <span class='ocrx_word' id='word_1_484' title='bbox 2324 2439 2532 2506; x_wconf 84' lang='lat' dir='ltr'><strong>bibere;</strong></span> <span class='ocrx_word' id='word_1_485' title='bbox 2582 2456 2705 2510; x_wconf 71' lang='lat' dir='ltr'><strong>qua:</strong></span> <span class='ocrx_word' id='word_1_486' title='bbox 2746 2440 2911 2493; x_wconf 88' lang='lat' dir='ltr'><strong>verba</strong></span> <span class='ocrx_word' id='word_1_487' title='bbox 2972 2440 3164 2493; x_wconf 89' lang='lat' dir='ltr'><strong>inserit</strong></span> <span class='ocrx_word' id='word_1_488' title='bbox 3194 2439 3502 2509; x_wconf 87' lang='lat' dir='ltr'><strong>Apostolus</strong></span> <span class='ocrx_word' id='word_1_489' title='bbox 3540 2441 3651 2495; x_wconf 90' lang='lat' dir='ltr'><strong>lad</strong></span> 
     </span>
    </p>
   </div>
   <div class='ocr_carea' id='block_1_70' title="bbox 2067 2530 3653 2603">
    <p class='ocr_par' dir='ltr' id='par_1_70' title="bbox 2067 2530 3653 2603">
     <span class='ocr_line' id='line_1_70' title="bbox 2067 2530 3653 2603; baseline 0.004 -21"><span class='ocrx_word' id='word_1_490' title='bbox 2067 2532 2316 2586; x_wconf 75' lang='lat' dir='ltr'><strong>Corinth.</strong></span> <span class='ocrx_word' id='word_1_491' title='bbox 2352 2548 2401 2586; x_wconf 88' lang='lat' dir='ltr'><strong>c.</strong></span> <span class='ocrx_word' id='word_1_492' title='bbox 2455 2548 2511 2596; x_wconf 77' lang='grc' dir='ltr'>Χ,</span> <span class='ocrx_word' id='word_1_493' title='bbox 2553 2547 2606 2585; x_wconf 85' lang='lat' dir='ltr'><strong>v.</strong></span> <span class='ocrx_word' id='word_1_494' title='bbox 2648 2531 2705 2595; x_wconf 89' lang='lat'><strong>7,</strong></span> <span class='ocrx_word' id='word_1_495' title='bbox 2757 2530 2853 2583; x_wconf 76' lang='grc' dir='ltr'>καὶ</span> <span class='ocrx_word' id='word_1_496' title='bbox 2898 2530 3113 2600; x_wconf 71' lang='grc' dir='ltr'>γυναιξὶ</span> <span class='ocrx_word' id='word_1_497' title='bbox 3164 2531 3538 2603; x_wconf 71' lang='grc' dir='ltr'><strong>προσπαίζειν</strong></span> <span class='ocrx_word' id='word_1_498' title='bbox 3583 2534 3653 2589; x_wconf 75' lang='lat' dir='ltr'><strong>ait</strong></span> 
     </span>
    </p>
   </div>
   <div class='ocr_carea' id='block_1_71' title="bbox 2068 2622 3651 2686">
    <p class='ocr_par' dir='ltr' id='par_1_71' title="bbox 2068 2622 3651 2686">
     <span class='ocr_line' id='line_1_71' title="bbox 2068 2622 3651 2686; baseline 0.002 -11"><span class='ocrx_word' id='word_1_499' title='bbox 2068 2622 2405 2686; x_wconf 87' lang='lat' dir='ltr'><strong>Thcodulus,</strong></span> <span class='ocrx_word' id='word_1_500' title='bbox 2454 2622 2506 2675; x_wconf 91' lang='lat' dir='ltr'><strong>id</strong></span> <span class='ocrx_word' id='word_1_501' title='bbox 2542 2633 2662 2686; x_wconf 89' lang='lat' dir='ltr'><strong>est,</strong></span> <span class='ocrx_word' id='word_1_502' title='bbox 2704 2622 3029 2677; x_wconf 89' lang='lat' dir='ltr'><strong>mulieribus</strong></span> <span class='ocrx_word' id='word_1_503' title='bbox 3080 2622 3344 2677; x_wconf 88' lang='lat' dir='ltr'><strong>alludere.</strong></span> <span class='ocrx_word' id='word_1_504' title='bbox 3400 2623 3651 2679; x_wconf 79' lang='lat' dir='ltr'><strong>Monacbi</strong></span> 
     </span>
    </p>
   </div>
   <div class='ocr_carea' id='block_1_72' title="bbox 2066 2714 3652 2786">
    <p class='ocr_par' dir='ltr' id='par_1_72' title="bbox 2066 2714 3652 2786">
     <span class='ocr_line' id='line_1_72' title="bbox 2066 2714 3652 2786; baseline 0 -18"><span class='ocrx_word' id='word_1_505' title='bbox 2066 2715 2310 2784; x_wconf 80' lang='lat' dir='ltr'><strong>profecto</strong></span> <span class='ocrx_word' id='word_1_506' title='bbox 2342 2714 2558 2770; x_wconf 69' lang='lat' dir='ltr'><strong>caalibes</strong></span> <span class='ocrx_word' id='word_1_507' title='bbox 2587 2724 2767 2779; x_wconf 92' lang='lat' dir='ltr'><strong>erant,</strong></span> <span class='ocrx_word' id='word_1_508' title='bbox 2827 2726 2882 2768; x_wconf 87' lang='lat' dir='ltr'><strong>et</strong></span> <span class='ocrx_word' id='word_1_509' title='bbox 2927 2714 3198 2769; x_wconf 82' lang='lat' dir='ltr'><strong>vovebant</strong></span> <span class='ocrx_word' id='word_1_510' title='bbox 3247 2717 3652 2786; x_wconf 85' lang='lat' dir='ltr'><strong>servabantque</strong></span> 
     </span>
    </p>
   </div>
   <div class='ocr_carea' id='block_1_73' title="bbox 2066 2807 3649 2878">
    <p class='ocr_par' dir='ltr' id='par_1_73' title="bbox 2066 2807 3649 2878">
     <span class='ocr_line' id='line_1_73' title="bbox 2066 2807 3649 2878; baseline 0.001 -15"><span class='ocrx_word' id='word_1_511' title='bbox 2066 2809 2401 2873; x_wconf 88' lang='lat' dir='ltr'><strong>castitatem,</strong></span> <span class='ocrx_word' id='word_1_512' title='bbox 2454 2808 2599 2861; x_wconf 91' lang='lat' dir='ltr'><strong>unde</strong></span> <span class='ocrx_word' id='word_1_513' title='bbox 2629 2807 2969 2862; x_wconf 86' lang='lat' dir='ltr'><strong>vocabantur</strong></span> <span class='ocrx_word' id='word_1_514' title='bbox 3003 2808 3215 2878; x_wconf 81' lang='lat' dir='ltr'><strong>Azyges</strong></span> <span class='ocrx_word' id='word_1_515' title='bbox 3250 2826 3263 2862; x_wconf 90' lang='lat'>:</span> <span class='ocrx_word' id='word_1_516' title='bbox 3300 2810 3503 2878; x_wconf 73' lang='lat' dir='ltr'><strong>synod.</strong></span> <span class='ocrx_word' id='word_1_517' title='bbox 3537 2826 3649 2877; x_wconf 81' lang='lat' dir='ltr'><strong>vin,</strong></span> 
     </span>
    </p>
   </div>
   <div class='ocr_carea' id='block_1_74' title="bbox 2066 2900 3651 2973">
    <p class='ocr_par' dir='ltr' id='par_1_74' title="bbox 2066 2900 3651 2973">
     <span class='ocr_line' id='line_1_74' title="bbox 2066 2900 3651 2973; baseline 0.003 -18"><span class='ocrx_word' id='word_1_518' title='bbox 2066 2914 2175 2955; x_wconf 87' lang='lat' dir='ltr'><strong>act.</strong></span> <span class='ocrx_word' id='word_1_519' title='bbox 2211 2901 2279 2967; x_wconf 78' lang='lat'><strong>3,</strong></span> <span class='ocrx_word' id='word_1_520' title='bbox 2306 2917 2359 2970; x_wconf 90' lang='lat' dir='ltr'><strong>p.</strong></span> <span class='ocrx_word' id='word_1_521' title='bbox 2394 2900 2519 2954; x_wconf 74' lang='lat'><strong>266.</strong></span> <span class='ocrx_word' id='word_1_522' title='bbox 2559 2900 2632 2953; x_wconf 87' lang='grc' dir='ltr'><strong>Τὸ</strong></span> <span class='ocrx_word' id='word_1_523' title='bbox 2659 2900 2819 2971; x_wconf 82' lang='grc' dir='ltr'>σῶμα</span> <span class='ocrx_word' id='word_1_524' title='bbox 2857 2902 2938 2964; x_wconf 79' lang='grc' dir='ltr'><strong>εἰς</strong></span> <span class='ocrx_word' id='word_1_525' title='bbox 2971 2901 3069 2971; x_wconf 82' lang='grc' dir='ltr'><strong>τὴν</strong></span> <span class='ocrx_word' id='word_1_526' title='bbox 3095 2903 3337 2973; x_wconf 77' lang='grc' dir='ltr'>σήμερον</span> <span class='ocrx_word' id='word_1_527' title='bbox 3373 2903 3562 2971; x_wconf 76' lang='grc' dir='ltr'>ἁγνόν,</span> <span class='ocrx_word' id='word_1_528' title='bbox 3585 2905 3651 2960; x_wconf 83' lang='lat' dir='ltr'><strong>ad</strong></span> 
     </span>
    </p>
   </div>
   <div class='ocr_carea' id='block_1_75' title="bbox 2067 2992 3653 3064">
    <p class='ocr_par' dir='ltr' id='par_1_75' title="bbox 2067 2992 3653 3064">
     <span class='ocr_line' id='line_1_75' title="bbox 2067 2992 3653 3064; baseline 0.004 -18"><span class='ocrx_word' id='word_1_529' title='bbox 2067 2993 2394 3047; x_wconf 87' lang='lat' dir='ltr'><strong>hodiernum</strong></span> <span class='ocrx_word' id='word_1_530' title='bbox 2427 3008 2601 3063; x_wconf 91' lang='lat' dir='ltr'><strong>usque</strong></span> <span class='ocrx_word' id='word_1_531' title='bbox 2626 2992 2769 3047; x_wconf 86' lang='lat' dir='ltr'><strong>diem</strong></span> <span class='ocrx_word' id='word_1_532' title='bbox 2800 3002 3010 3048; x_wconf 88' lang='lat' dir='ltr'><strong>castum</strong></span> <span class='ocrx_word' id='word_1_533' title='bbox 3045 2994 3332 3064; x_wconf 85' lang='lat' dir='ltr'><strong>professus</strong></span> <span class='ocrx_word' id='word_1_534' title='bbox 3362 3006 3446 3051; x_wconf 90' lang='lat' dir='ltr'><strong>est</strong></span> <span class='ocrx_word' id='word_1_535' title='bbox 3475 2996 3653 3052; x_wconf 87' lang='lat' dir='ltr'><strong>Theo-</strong></span> 
     </span>
    </p>
   </div>
   <div class='ocr_carea' id='block_1_76' title="bbox 2066 3082 3651 3156">
    <p class='ocr_par' dir='ltr' id='par_1_76' title="bbox 2066 3082 3651 3156">
     <span class='ocr_line' id='line_1_76' title="bbox 2066 3082 3651 3156; baseline 0.003 -19"><span class='ocrx_word' id='word_1_536' title='bbox 2066 3084 2248 3148; x_wconf 90' lang='lat' dir='ltr'><strong>dulus,</strong></span> <span class='ocrx_word' id='word_1_537' title='bbox 2279 3100 2400 3155; x_wconf 84' lang='lat' dir='ltr'><strong>pag.</strong></span> <span class='ocrx_word' id='word_1_538' title='bbox 2434 3084 2558 3148; x_wconf 85' lang='lat' dir='ltr'><strong>H7,</strong></span> <span class='ocrx_word' id='word_1_539' title='bbox 2591 3083 2646 3137; x_wconf 91' lang='lat' dir='ltr'><strong>in</strong></span> <span class='ocrx_word' id='word_1_540' title='bbox 2670 3082 3019 3148; x_wconf 83' lang='lat' dir='ltr'><strong>Narratione,</strong></span> <span class='ocrx_word' id='word_1_541' title='bbox 3049 3100 3207 3139; x_wconf 90' lang='lat' dir='ltr'><strong>suum</strong></span> <span class='ocrx_word' id='word_1_542' title='bbox 3235 3100 3437 3156; x_wconf 90' lang='lat' dir='ltr'><strong>corpus</strong></span> <span class='ocrx_word' id='word_1_543' title='bbox 3467 3087 3651 3142; x_wconf 83' lang='lat' dir='ltr'><strong>hacte-</strong></span> 
     </span>
    </p>
   </div>
   <div class='ocr_carea' id='block_1_77' title="bbox 2062 3173 3652 3247">
    <p class='ocr_par' dir='ltr' id='par_1_77' title="bbox 2062 3173 3652 3247">
     <span class='ocr_line' id='line_1_77' title="bbox 2062 3173 3652 3247; baseline 0.003 -17"><span class='ocrx_word' id='word_1_544' title='bbox 2062 3191 2169 3231; x_wconf 89' lang='lat' dir='ltr'><strong>nus</strong></span> <span class='ocrx_word' id='word_1_545' title='bbox 2191 3177 2495 3247; x_wconf 90' lang='lat' dir='ltr'><strong>virgineum</strong></span> <span class='ocrx_word' id='word_1_546' title='bbox 2519 3192 2533 3236; x_wconf 88' lang='lat'><strong>;</strong></span> <span class='ocrx_word' id='word_1_547' title='bbox 2566 3183 2621 3230; x_wconf 89' lang='lat' dir='ltr'><strong>et</strong></span> <span class='ocrx_word' id='word_1_548' title='bbox 2640 3176 2706 3229; x_wconf 91' lang='lat' dir='ltr'><strong>de</strong></span> <span class='ocrx_word' id='word_1_549' title='bbox 2732 3173 2949 3230; x_wconf 85' lang='lat' dir='ltr'><strong>Malcbo</strong></span> <span class='ocrx_word' id='word_1_550' title='bbox 2981 3178 3252 3231; x_wconf 89' lang='lat' dir='ltr'><strong>monacho</strong></span> <span class='ocrx_word' id='word_1_551' title='bbox 3276 3178 3399 3233; x_wconf 81' lang='lat' dir='ltr'><strong>fuse</strong></span> <span class='ocrx_word' id='word_1_552' title='bbox 3424 3190 3652 3234; x_wconf 84' lang='lat' dir='ltr'><strong>sanctus</strong></span> 
     </span>
    </p>
   </div>
   <div class='ocr_carea' id='block_1_78' title="bbox 2063 3265 3651 3339">
    <p class='ocr_par' dir='ltr' id='par_1_78' title="bbox 2063 3265 3651 3339">
     <span class='ocr_line' id='line_1_78' title="bbox 2063 3265 3651 3339; baseline 0.004 -20"><span class='ocrx_word' id='word_1_553' title='bbox 2063 3266 2429 3338; x_wconf 78' lang='lat' dir='ltr'><strong>Hieronymus</strong></span> <span class='ocrx_word' id='word_1_554' title='bbox 2466 3268 2516 3320; x_wconf 93' lang='lat' dir='ltr'><strong>in</strong></span> <span class='ocrx_word' id='word_1_555' title='bbox 2550 3268 2669 3337; x_wconf 86' lang='lat' dir='ltr'><strong>ejus</strong></span> <span class='ocrx_word' id='word_1_556' title='bbox 2695 3265 2842 3331; x_wconf 73' lang='lat' dir='ltr'><strong>Vita,</strong></span> <span class='ocrx_word' id='word_1_557' title='bbox 2880 3276 2933 3321; x_wconf 89' lang='lat' dir='ltr'><strong>et</strong></span> <span class='ocrx_word' id='word_1_558' title='bbox 2958 3266 3409 3339; x_wconf 76' lang='lat' dir='ltr'><strong>Martyrologium</strong></span> <span class='ocrx_word' id='word_1_559' title='bbox 3445 3271 3651 3325; x_wconf 81' lang='lat' dir='ltr'><strong>Roma—</strong></span> 
     </span>
    </p>
   </div>
   <div class='ocr_carea' id='block_1_79' title="bbox 2063 3357 3648 3431">
    <p class='ocr_par' dir='ltr' id='par_1_79' title="bbox 2063 3357 3648 3431">
     <span class='ocr_line' id='line_1_79' title="bbox 2063 3357 3648 3431; baseline 0.004 -20"><span class='ocrx_word' id='word_1_560' title='bbox 2063 3374 2191 3411; x_wconf 92' lang='lat' dir='ltr'><strong>num</strong></span> <span class='ocrx_word' id='word_1_561' title='bbox 2256 3358 2346 3412; x_wconf 91' lang='lat' dir='ltr'><strong>die</strong></span> <span class='ocrx_word' id='word_1_562' title='bbox 2410 3359 2471 3412; x_wconf 69' lang='lat'><strong>21</strong></span> <span class='ocrx_word' id='word_1_563' title='bbox 2534 3357 2811 3422; x_wconf 89' lang='lat' dir='ltr'><strong>Octobris,</strong></span> <span class='ocrx_word' id='word_1_564' title='bbox 2873 3374 3034 3428; x_wconf 88' lang='lat' dir='ltr'><strong>quem</strong></span> <span class='ocrx_word' id='word_1_565' title='bbox 3092 3361 3313 3414; x_wconf 87' lang='lat' dir='ltr'><strong>barbari</strong></span> <span class='ocrx_word' id='word_1_566' title='bbox 3370 3363 3648 3431; x_wconf 86' lang='lat' dir='ltr'><strong>captivum</strong></span> 
     </span>
    </p>
   </div>
   <div class='ocr_carea' id='block_1_80' title="bbox 2061 3453 3650 3527">
    <p class='ocr_par' dir='ltr' id='par_1_80' title="bbox 2061 3453 3650 3527">
     <span class='ocr_line' id='line_1_80' title="bbox 2061 3453 3650 3527; baseline 0.004 -22"><span class='ocrx_word' id='word_1_567' title='bbox 2061 3464 2355 3521; x_wconf 77' lang='lat' dir='ltr'><strong>coegerunt</strong></span> <span class='ocrx_word' id='word_1_568' title='bbox 2389 3453 2644 3507; x_wconf 82' lang='lat' dir='ltr'><strong>feminam</strong></span> <span class='ocrx_word' id='word_1_569' title='bbox 2663 3455 2929 3524; x_wconf 83' lang='lat' dir='ltr'><strong>captivam</strong></span> <span class='ocrx_word' id='word_1_570' title='bbox 2955 3470 3140 3509; x_wconf 89' lang='lat' dir='ltr'><strong>secum</strong></span> <span class='ocrx_word' id='word_1_571' title='bbox 3166 3457 3426 3521; x_wconf 87' lang='lat' dir='ltr'><strong>retinere,</strong></span> <span class='ocrx_word' id='word_1_572' title='bbox 3450 3473 3650 3527; x_wconf 81' lang='lat' dir='ltr'><strong>quam-</strong></span> 
     </span>
    </p>
   </div>
   <div class='ocr_carea' id='block_1_81' title="bbox 2063 3546 3648 3619">
    <p class='ocr_par' dir='ltr' id='par_1_81' title="bbox 2063 3546 3648 3619">
     <span class='ocr_line' id='line_1_81' title="bbox 2063 3546 3648 3619; baseline 0.005 -20"><span class='ocrx_word' id='word_1_573' title='bbox 2063 3546 2144 3599; x_wconf 84' lang='lat' dir='ltr'><strong>vis</strong></span> <span class='ocrx_word' id='word_1_574' title='bbox 2176 3562 2302 3600; x_wconf 91' lang='lat' dir='ltr'><strong>cum</strong></span> <span class='ocrx_word' id='word_1_575' title='bbox 2339 3547 2431 3599; x_wconf 73' lang='lat' dir='ltr'><strong>illa</strong></span> <span class='ocrx_word' id='word_1_576' title='bbox 2462 3557 2614 3601; x_wconf 87' lang='lat' dir='ltr'><strong>casta</strong></span> <span class='ocrx_word' id='word_1_577' title='bbox 2640 3548 2860 3602; x_wconf 86' lang='lat' dir='ltr'><strong>vivebat</strong></span> <span class='ocrx_word' id='word_1_578' title='bbox 2898 3548 3101 3603; x_wconf 84' lang='lat' dir='ltr'><strong>castior</strong></span> <span class='ocrx_word' id='word_1_579' title='bbox 3135 3549 3251 3618; x_wconf 91' lang='lat' dir='ltr'><strong>ipse</strong></span> <span class='ocrx_word' id='word_1_580' title='bbox 3279 3568 3293 3602; x_wconf 88' lang='lat'>:</span> <span class='ocrx_word' id='word_1_581' title='bbox 3324 3550 3504 3619; x_wconf 88' lang='lat' dir='ltr'><strong>deque</strong></span> <span class='ocrx_word' id='word_1_582' title='bbox 3538 3553 3648 3607; x_wconf 87' lang='lat' dir='ltr'><strong>alio</strong></span> 
     </span>
    </p>
   </div>
   <div class='ocr_carea' id='block_1_82' title="bbox 2060 3638 3649 3716">
    <p class='ocr_par' dir='ltr' id='par_1_82' title="bbox 2060 3638 3649 3716">
     <span class='ocr_line' id='line_1_82' title="bbox 2060 3638 3649 3716; baseline 0.004 -25"><span class='ocrx_word' id='word_1_583' title='bbox 2060 3639 2335 3693; x_wconf 89' lang='lat' dir='ltr'><strong>monacho</strong></span> <span class='ocrx_word' id='word_1_584' title='bbox 2376 3638 2726 3694; x_wconf 89' lang='lat' dir='ltr'><strong>adolescente</strong></span> <span class='ocrx_word' id='word_1_585' title='bbox 2753 3640 2958 3706; x_wconf 91' lang='lat' dir='ltr'><strong>vincto,</strong></span> <span class='ocrx_word' id='word_1_586' title='bbox 2988 3650 3042 3695; x_wconf 89' lang='lat' dir='ltr'><strong>et</strong></span> <span class='ocrx_word' id='word_1_587' title='bbox 3069 3656 3098 3695; x_wconf 91' lang='lat' dir='ltr'><strong>a</strong></span> <span class='ocrx_word' id='word_1_588' title='bbox 3135 3642 3446 3705; x_wconf 87' lang='lat' dir='ltr'><strong>meretrice,</strong></span> <span class='ocrx_word' id='word_1_589' title='bbox 3480 3660 3649 3716; x_wconf 86' lang='lat' dir='ltr'><strong>paga-</strong></span> 
     </span>
    </p>
   </div>
   <div class='ocr_carea' id='block_1_83' title="bbox 2058 3731 3648 3803">
    <p class='ocr_par' dir='ltr' id='par_1_83' title="bbox 2058 3731 3648 3803">
     <span class='ocr_line' id='line_1_83' title="bbox 2058 3731 3648 3803; baseline 0.005 -18"><span class='ocrx_word' id='word_1_590' title='bbox 2058 3746 2256 3785; x_wconf 90' lang='lat' dir='ltr'><strong>norum</strong></span> <span class='ocrx_word' id='word_1_591' title='bbox 2310 3731 2689 3785; x_wconf 83' lang='lat' dir='ltr'><strong>insidiantium</strong></span> <span class='ocrx_word' id='word_1_592' title='bbox 2739 3732 2862 3802; x_wconf 87' lang='lat' dir='ltr'><strong>ejus</strong></span> <span class='ocrx_word' id='word_1_593' title='bbox 2910 3734 3151 3788; x_wconf 88' lang='lat' dir='ltr'><strong>castitati</strong></span> <span class='ocrx_word' id='word_1_594' title='bbox 3190 3746 3345 3803; x_wconf 89' lang='lat' dir='ltr'><strong>arte,</strong></span> <span class='ocrx_word' id='word_1_595' title='bbox 3399 3737 3648 3793; x_wconf 86' lang='lat' dir='ltr'><strong>immissa</strong></span> 
     </span>
    </p>
   </div>
   <div class='ocr_carea' id='block_1_84' title="bbox 2058 3822 3648 3900">
    <p class='ocr_par' dir='ltr' id='par_1_84' title="bbox 2058 3822 3648 3900">
     <span class='ocr_line' id='line_1_84' title="bbox 2058 3822 3648 3900; baseline 0.004 -23"><span class='ocrx_word' id='word_1_596' title='bbox 2058 3822 2320 3891; x_wconf 91' lang='lat' dir='ltr'><strong>pellecto,</strong></span> <span class='ocrx_word' id='word_1_597' title='bbox 2366 3834 2760 3894; x_wconf 79' lang='lat' dir='ltr'><strong>exsectamque</strong></span> <span class='ocrx_word' id='word_1_598' title='bbox 2802 3826 3059 3881; x_wconf 90' lang='lat' dir='ltr'><strong>dentibus</strong></span> <span class='ocrx_word' id='word_1_599' title='bbox 3102 3827 3219 3881; x_wconf 92' lang='lat' dir='ltr'><strong>suis</strong></span> <span class='ocrx_word' id='word_1_600' title='bbox 3247 3828 3487 3897; x_wconf 83' lang='lat' dir='ltr'><strong>linguam</strong></span> <span class='ocrx_word' id='word_1_601' title='bbox 3516 3846 3648 3900; x_wconf 87' lang='lat' dir='ltr'><strong>pro-</strong></span> 
     </span>
    </p>
   </div>
   <div class='ocr_carea' id='block_1_85' title="bbox 2056 3913 3645 3985">
    <p class='ocr_par' dir='ltr' id='par_1_85' title="bbox 2056 3913 3645 3985">
     <span class='ocr_line' id='line_1_85' title="bbox 2056 3913 3645 3985; baseline 0.005 -18"><span class='ocrx_word' id='word_1_602' title='bbox 2056 3914 2231 3984; x_wconf 89' lang='lat' dir='ltr'><strong>priam</strong></span> <span class='ocrx_word' id='word_1_603' title='bbox 2280 3913 2548 3969; x_wconf 90' lang='lat' dir='ltr'><strong>adversus</strong></span> <span class='ocrx_word' id='word_1_604' title='bbox 2597 3930 2716 3970; x_wconf 92' lang='lat' dir='ltr'><strong>eam</strong></span> <span class='ocrx_word' id='word_1_605' title='bbox 2773 3927 3131 3985; x_wconf 89' lang='lat' dir='ltr'><strong>conspuente.</strong></span> <span class='ocrx_word' id='word_1_606' title='bbox 3168 3917 3300 3973; x_wconf 88' lang='lat' dir='ltr'><strong>Vide</strong></span> <span class='ocrx_word' id='word_1_607' title='bbox 3340 3920 3491 3975; x_wconf 82' lang='lat' dir='ltr'><strong>Vitas</strong></span> <span class='ocrx_word' id='word_1_608' title='bbox 3538 3920 3645 3975; x_wconf 83' lang='lat' dir='ltr'><strong>Pa-</strong></span> 
     </span>
    </p>
   </div>
   <div class='ocr_carea' id='block_1_86' title="bbox 2059 4007 3645 4083">
    <p class='ocr_par' dir='ltr' id='par_1_86' title="bbox 2059 4007 3645 4083">
     <span class='ocr_line' id='line_1_86' title="bbox 2059 4007 3645 4083; baseline 0.005 -22"><span class='ocrx_word' id='word_1_609' title='bbox 2059 4017 2223 4081; x_wconf 82' lang='lat' dir='ltr'><strong>trum.</strong></span> <span class='ocrx_word' id='word_1_610' title='bbox 2257 4007 2335 4061; x_wconf 83' lang='lat' dir='ltr'><strong>Ex</strong></span> <span class='ocrx_word' id='word_1_611' title='bbox 2368 4009 2473 4083; x_wconf 75' lang='lat' dir='ltr'><strong>ista</strong></span> <span class='ocrx_word' id='word_1_612' title='bbox 2506 4024 2672 4079; x_wconf 88' lang='lat' dir='ltr'><strong>porro</strong></span> <span class='ocrx_word' id='word_1_613' title='bbox 2706 4009 2953 4079; x_wconf 88' lang='lat' dir='ltr'><strong>Epitome</strong></span> <span class='ocrx_word' id='word_1_614' title='bbox 2986 4012 3155 4081; x_wconf 87' lang='lat' dir='ltr'><strong>liquet</strong></span> <span class='ocrx_word' id='word_1_615' title='bbox 3185 4030 3350 4083; x_wconf 89' lang='lat' dir='ltr'><strong>quam</strong></span> <span class='ocrx_word' id='word_1_616' title='bbox 3399 4015 3645 4083; x_wconf 85' lang='lat' dir='ltr'><strong>agitatus</strong></span> 
     </span>
    </p>
   </div>
   <div class='ocr_carea' id='block_1_87' title="bbox 2054 4099 3645 4177">
    <p class='ocr_par' dir='ltr' id='par_1_87' title="bbox 2054 4099 3645 4177">
     <span class='ocr_line' id='line_1_87' title="bbox 2054 4099 3645 4177; baseline 0.004 -22"><span class='ocrx_word' id='word_1_617' title='bbox 2054 4110 2110 4155; x_wconf 88' lang='lat' dir='ltr'><strong>et</strong></span> <span class='ocrx_word' id='word_1_618' title='bbox 2131 4115 2435 4155; x_wconf 91' lang='lat' dir='ltr'><strong>concussus</strong></span> <span class='ocrx_word' id='word_1_619' title='bbox 2458 4099 2626 4155; x_wconf 87' lang='lat' dir='ltr'><strong>fuerit</strong></span> <span class='ocrx_word' id='word_1_620' title='bbox 2652 4104 2870 4157; x_wconf 84' lang='lat' dir='ltr'><strong>animus</strong></span> <span class='ocrx_word' id='word_1_621' title='bbox 2892 4102 3020 4169; x_wconf 88' lang='lat' dir='ltr'><strong>Nili,</strong></span> <span class='ocrx_word' id='word_1_622' title='bbox 3044 4112 3200 4158; x_wconf 60' lang='lat' dir='ltr'><strong>aelate</strong></span> <span class='ocrx_word' id='word_1_623' title='bbox 3218 4105 3330 4174; x_wconf 85' lang='lat' dir='ltr'><strong>jam</strong></span> <span class='ocrx_word' id='word_1_624' title='bbox 3381 4117 3645 4177; x_wconf 85' lang='lat' dir='ltr'><strong>vergente</strong></span> 
     </span>
    </p>
   </div>
   <div class='ocr_carea' id='block_1_88' title="bbox 2057 4193 3647 4264">
    <p class='ocr_par' dir='ltr' id='par_1_88' title="bbox 2057 4193 3647 4264">
     <span class='ocr_line' id='line_1_88' title="bbox 2057 4193 3647 4264; baseline 0.006 -21"><span class='ocrx_word' id='word_1_625' title='bbox 2057 4208 2119 4247; x_wconf 89' lang='lat' dir='ltr'><strong>ac</strong></span> <span class='ocrx_word' id='word_1_626' title='bbox 2158 4193 2591 4263; x_wconf 86' lang='lat' dir='ltr'><strong>ingravescente,</strong></span> <span class='ocrx_word' id='word_1_627' title='bbox 2629 4203 2792 4264; x_wconf 87' lang='lat' dir='ltr'><strong>atque</strong></span> <span class='ocrx_word' id='word_1_628' title='bbox 2823 4196 3101 4251; x_wconf 86' lang='lat' dir='ltr'><strong>devoratis</strong></span> <span class='ocrx_word' id='word_1_629' title='bbox 3145 4206 3223 4251; x_wconf 93' lang='lat' dir='ltr'><strong>tot</strong></span> <span class='ocrx_word' id='word_1_630' title='bbox 3263 4197 3531 4252; x_wconf 88' lang='lat' dir='ltr'><strong>molestiis</strong></span> <span class='ocrx_word' id='word_1_631' title='bbox 3586 4209 3647 4253; x_wconf 88' lang='lat' dir='ltr'><strong>et.</strong></span> 
     </span>
    </p>
   </div>
   <div class='ocr_carea' id='block_1_89' title="bbox 2054 4285 3648 4358">
    <p class='ocr_par' dir='ltr' id='par_1_89' title="bbox 2054 4285 3648 4358">
     <span class='ocr_line' id='line_1_89' title="bbox 2054 4285 3648 4358; baseline 0.003 -18"><span class='ocrx_word' id='word_1_632' title='bbox 2054 4285 2341 4351; x_wconf 58' lang='lat' dir='ltr'><strong>aerumnis,</strong></span> <span class='ocrx_word' id='word_1_633' title='bbox 2377 4286 2630 4341; x_wconf 90' lang='lat' dir='ltr'><strong>turbatus</strong></span> <span class='ocrx_word' id='word_1_634' title='bbox 2662 4297 2719 4341; x_wconf 89' lang='lat' dir='ltr'><strong>et</strong></span> <span class='ocrx_word' id='word_1_635' title='bbox 2748 4287 2980 4343; x_wconf 79' lang='lat' dir='ltr'><strong>amictus</strong></span> <span class='ocrx_word' id='word_1_636' title='bbox 3027 4288 3322 4358; x_wconf 90' lang='lat' dir='ltr'><strong>(occupant</strong></span> <span class='ocrx_word' id='word_1_637' title='bbox 3354 4290 3499 4342; x_wconf 88' lang='lat' dir='ltr'><strong>enim</strong></span> <span class='ocrx_word' id='word_1_638' title='bbox 3533 4292 3648 4345; x_wconf 83' lang='lat' dir='ltr'><strong>cla-</strong></span> 
     </span>
    </p>
   </div>
   <div class='ocr_carea' id='block_1_90' title="bbox 2054 4378 3645 4451">
    <p class='ocr_par' dir='ltr' id='par_1_90' title="bbox 2054 4378 3645 4451">
     <span class='ocr_line' id='line_1_90' title="bbox 2054 4378 3645 4451; baseline 0.002 -19"><span class='ocrx_word' id='word_1_639' title='bbox 2054 4378 2227 4432; x_wconf 85' lang='lat' dir='ltr'><strong>riores</strong></span> <span class='ocrx_word' id='word_1_640' title='bbox 2252 4378 2469 4433; x_wconf 90' lang='lat' dir='ltr'><strong>animos</strong></span> <span class='ocrx_word' id='word_1_641' title='bbox 2505 4378 2781 4433; x_wconf 90' lang='lat' dir='ltr'><strong>interdum</strong></span> <span class='ocrx_word' id='word_1_642' title='bbox 2816 4380 3181 4434; x_wconf 88' lang='lat' dir='ltr'><strong>humanarum</strong></span> <span class='ocrx_word' id='word_1_643' title='bbox 3223 4381 3485 4450; x_wconf 85' lang='lat' dir='ltr'><strong>caligines</strong></span> <span class='ocrx_word' id='word_1_644' title='bbox 3512 4397 3645 4451; x_wconf 87' lang='lat' dir='ltr'><strong>pas-</strong></span> 
     </span>
    </p>
   </div>
   <div class='ocr_carea' id='block_1_91' title="bbox 382 4469 3647 4546">
    <p class='ocr_par' dir='ltr' id='par_1_91' title="bbox 382 4469 3647 4546">
     <span class='ocr_line' id='line_1_91' title="bbox 382 4469 3647 4546; baseline 0.002 -23"><span class='ocrx_word' id='word_1_645' title='bbox 382 4487 571 4540; x_wconf 80' lang='lat' dir='ltr'><strong>azyma</strong></span> <span class='ocrx_word' id='word_1_646' title='bbox 594 4469 930 4537; x_wconf 66' lang='lat' dir='ltr'><strong>Judmorum,</strong></span> <span class='ocrx_word' id='word_1_647' title='bbox 954 4488 1076 4541; x_wconf 61' lang='lat' dir='ltr'><strong>quae</strong></span> <span class='ocrx_word' id='word_1_648' title='bbox 1098 4490 1307 4529; x_wconf 91' lang='lat' dir='ltr'><strong>canone</strong></span> <span class='ocrx_word' id='word_1_649' title='bbox 1326 4477 1390 4530; x_wconf 80' lang='lat'><strong>70</strong></span> <span class='ocrx_word' id='word_1_650' title='bbox 1412 4476 1655 4546; x_wconf 84' lang='lat' dir='ltr'><strong>Apostol.</strong></span> <span class='ocrx_word' id='word_1_651' title='bbox 1681 4493 1716 4529; x_wconf 88' lang='grc' dir='ltr'><strong>ιι</strong></span> <span class='ocrx_word' id='word_1_652' title='bbox 1750 4477 1950 4546; x_wconf 82' lang='lat' dir='ltr'><strong>Synodi</strong></span> <span class='ocrx_word' id='word_1_653' title='bbox 1984 4472 2028 4526; x_wconf 92' lang='lat' dir='ltr'><strong>D</strong></span> <span class='ocrx_word' id='word_1_654' title='bbox 2058 4474 2327 4543; x_wconf 89' lang='lat' dir='ltr'><strong>sionum),</strong></span> <span class='ocrx_word' id='word_1_655' title='bbox 2358 4473 2518 4543; x_wconf 86' lang='lat' dir='ltr'><strong>quasi</strong></span> <span class='ocrx_word' id='word_1_656' title='bbox 2539 4474 2683 4529; x_wconf 91' lang='lat' dir='ltr'><strong>mole</strong></span> <span class='ocrx_word' id='word_1_657' title='bbox 2716 4474 3089 4530; x_wconf 89' lang='lat' dir='ltr'><strong>calamitatum</strong></span> <span class='ocrx_word' id='word_1_658' title='bbox 3136 4492 3242 4530; x_wconf 92' lang='lat' dir='ltr'><strong>non</strong></span> <span class='ocrx_word' id='word_1_659' title='bbox 3287 4476 3462 4530; x_wconf 88' lang='lat' dir='ltr'><strong>solum</strong></span> <span class='ocrx_word' id='word_1_660' title='bbox 3511 4494 3647 4531; x_wconf 72' lang='lat' dir='ltr'><strong>tur-</strong></span> 
     </span>
    </p>
   </div>
   <div class='ocr_carea' id='block_1_92' title="bbox 382 4562 1947 4637">
    <p class='ocr_par' dir='ltr' id='par_1_92' title="bbox 382 4562 1947 4637">
     <span class='ocr_line' id='line_1_92' title="bbox 382 4562 1947 4637; baseline 0.003 -21"><span class='ocrx_word' id='word_1_661' title='bbox 382 4562 677 4632; x_wconf 85' lang='lat' dir='ltr'><strong>Gangren.,</strong></span> <span class='ocrx_word' id='word_1_662' title='bbox 713 4579 918 4617; x_wconf 80' lang='lat' dir='ltr'><strong>xxxviii</strong></span> <span class='ocrx_word' id='word_1_663' title='bbox 948 4563 1268 4631; x_wconf 90' lang='lat' dir='ltr'><strong>Laodicen.,</strong></span> <span class='ocrx_word' id='word_1_664' title='bbox 1300 4582 1337 4621; x_wconf 89' lang='grc' dir='ltr'><strong>ιι</strong></span> <span class='ocrx_word' id='word_1_665' title='bbox 1356 4567 1648 4632; x_wconf 69' lang='lat' dir='ltr'><strong>Trullanae,</strong></span> <span class='ocrx_word' id='word_1_666' title='bbox 1680 4570 1947 4637; x_wconf 89' lang='lat' dir='ltr'><strong>prohibita</strong></span> 
     </span>
    </p>
   </div>
   <div class='ocr_carea' id='block_1_93' title="bbox 382 4657 1953 4727">
    <p class='ocr_par' dir='ltr' id='par_1_93' title="bbox 382 4657 1953 4727">
     <span class='ocr_line' id='line_1_93' title="bbox 382 4657 1953 4727; baseline 0.006 -23"><span class='ocrx_word' id='word_1_667' title='bbox 382 4670 597 4722; x_wconf 84' lang='lat' dir='ltr'><strong>quoque</strong></span> <span class='ocrx_word' id='word_1_668' title='bbox 629 4662 787 4721; x_wconf 86' lang='lat' dir='ltr'><strong>sunt;</strong></span> <span class='ocrx_word' id='word_1_669' title='bbox 823 4657 915 4709; x_wconf 87' lang='lat' dir='ltr'><strong>sed</strong></span> <span class='ocrx_word' id='word_1_670' title='bbox 945 4665 997 4709; x_wconf 81' lang='lat' dir='ltr'><strong>et</strong></span> <span class='ocrx_word' id='word_1_671' title='bbox 1029 4658 1181 4711; x_wconf 87' lang='lat' dir='ltr'><strong>cibos</strong></span> <span class='ocrx_word' id='word_1_672' title='bbox 1212 4658 1432 4721; x_wconf 88' lang='lat' dir='ltr'><strong>vetitos,</strong></span> <span class='ocrx_word' id='word_1_673' title='bbox 1458 4660 1657 4727; x_wconf 90' lang='lat' dir='ltr'><strong>quibus</strong></span> <span class='ocrx_word' id='word_1_674' title='bbox 1681 4660 1953 4714; x_wconf 85' lang='lat' dir='ltr'><strong>abstinent</strong></span> 
     </span>
    </p>
   </div>
   <div class='ocr_carea' id='block_1_94' title="bbox 380 4745 1948 4817">
    <p class='ocr_par' dir='ltr' id='par_1_94' title="bbox 380 4745 1948 4817">
     <span class='ocr_line' id='line_1_94' title="bbox 380 4745 1948 4817; baseline 0.006 -20"><span class='ocrx_word' id='word_1_675' title='bbox 380 4745 668 4799; x_wconf 79' lang='lat' dir='ltr'><strong>orthodoxi</strong></span> <span class='ocrx_word' id='word_1_676' title='bbox 701 4746 838 4801; x_wconf 82' lang='lat' dir='ltr'><strong>feria</strong></span> <span class='ocrx_word' id='word_1_677' title='bbox 873 4760 1024 4801; x_wconf 85' lang='lat' dir='ltr'><strong>sexta</strong></span> <span class='ocrx_word' id='word_1_678' title='bbox 1050 4748 1313 4817; x_wconf 88' lang='lat' dir='ltr'><strong>qualibet,</strong></span> <span class='ocrx_word' id='word_1_679' title='bbox 1342 4760 1396 4804; x_wconf 90' lang='lat' dir='ltr'><strong>et</strong></span> <span class='ocrx_word' id='word_1_680' title='bbox 1420 4752 1647 4817; x_wconf 80' lang='lat' dir='ltr'><strong>singulis</strong></span> <span class='ocrx_word' id='word_1_681' title='bbox 1676 4750 1948 4817; x_wconf 87' lang='lat' dir='ltr'><strong>Sabbatis,</strong></span> 
     </span>
    </p>
   </div>
   <div class='ocr_carea' id='block_1_95' title="bbox 381 4837 1951 4913">
    <p class='ocr_par' dir='ltr' id='par_1_95' title="bbox 381 4837 1951 4913">
     <span class='ocr_line' id='line_1_95' title="bbox 381 4837 1951 4913; baseline 0.006 -24"><span class='ocrx_word' id='word_1_682' title='bbox 381 4852 445 4890; x_wconf 82' lang='lat' dir='ltr'><strong>ac</strong></span> <span class='ocrx_word' id='word_1_683' title='bbox 484 4838 536 4890; x_wconf 91' lang='lat' dir='ltr'><strong>in</strong></span> <span class='ocrx_word' id='word_1_684' title='bbox 573 4837 1021 4909; x_wconf 84' lang='lat' dir='ltr'><strong>Quadragesitna,</strong></span> <span class='ocrx_word' id='word_1_685' title='bbox 1055 4840 1298 4910; x_wconf 87' lang='lat' dir='ltr'><strong>plerique</strong></span> <span class='ocrx_word' id='word_1_686' title='bbox 1335 4858 1464 4897; x_wconf 89' lang='lat' dir='ltr'><strong>vero</strong></span> <span class='ocrx_word' id='word_1_687' title='bbox 1512 4845 1765 4898; x_wconf 87' lang='lat' dir='ltr'><strong>monachi</strong></span> <span class='ocrx_word' id='word_1_688' title='bbox 1810 4861 1951 4913; x_wconf 77' lang='lat' dir='ltr'><strong>prae—</strong></span> 
     </span>
    </p>
   </div>
   <div class='ocr_carea' id='block_1_96' title="bbox 380 4928 1951 5000">
    <p class='ocr_par' dir='ltr' id='par_1_96' title="bbox 380 4928 1951 5000">
     <span class='ocr_line' id='line_1_96' title="bbox 380 4928 1951 5000; baseline 0.005 -19"><span class='ocrx_word' id='word_1_689' title='bbox 380 4928 585 4983; x_wconf 82' lang='lat' dir='ltr'><strong>stitutis</strong></span> <span class='ocrx_word' id='word_1_690' title='bbox 618 4930 811 4985; x_wconf 84' lang='lat' dir='ltr'><strong>diebus</strong></span> <span class='ocrx_word' id='word_1_691' title='bbox 842 4947 908 4985; x_wconf 79' lang='lat' dir='ltr'><strong>ex</strong></span> <span class='ocrx_word' id='word_1_692' title='bbox 950 4932 1201 4986; x_wconf 91' lang='lat' dir='ltr'><strong>instituto</strong></span> <span class='ocrx_word' id='word_1_693' title='bbox 1231 4935 1728 5000; x_wconf 89' lang='lat' dir='ltr'><strong>monasteriorum;</strong></span> <span class='ocrx_word' id='word_1_694' title='bbox 1760 4947 1951 4990; x_wconf 90' lang='lat' dir='ltr'><strong>notum</strong></span> 
     </span>
    </p>
   </div>
   <div class='ocr_carea' id='block_1_97' title="bbox 381 5023 1949 5097">
    <p class='ocr_par' dir='ltr' id='par_1_97' title="bbox 381 5023 1949 5097">
     <span class='ocr_line' id='line_1_97' title="bbox 381 5023 1949 5097; baseline 0.003 -22"><span class='ocrx_word' id='word_1_695' title='bbox 381 5023 509 5077; x_wconf 88' lang='lat' dir='ltr'><strong>illud</strong></span> <span class='ocrx_word' id='word_1_696' title='bbox 545 5024 889 5092; x_wconf 90' lang='lat' dir='ltr'><strong>proverbium</strong></span> <span class='ocrx_word' id='word_1_697' title='bbox 926 5042 938 5077; x_wconf 91' lang='lat'>:</span> <span class='ocrx_word' id='word_1_698' title='bbox 976 5024 1148 5095; x_wconf 80' lang='grc' dir='ltr'>Τυρὸς</span> <span class='ocrx_word' id='word_1_699' title='bbox 1188 5025 1283 5078; x_wconf 76' lang='grc' dir='ltr'><strong>καὶ</strong></span> <span class='ocrx_word' id='word_1_700' title='bbox 1326 5025 1487 5095; x_wconf 80' lang='grc' dir='ltr'>ἄρτος</span> <span class='ocrx_word' id='word_1_701' title='bbox 1524 5027 1619 5078; x_wconf 73' lang='grc' dir='ltr'><strong>καὶ</strong></span> <span class='ocrx_word' id='word_1_702' title='bbox 1645 5023 1806 5092; x_wconf 81' lang='grc' dir='ltr'><strong>οἶνος,</strong></span> <span class='ocrx_word' id='word_1_703' title='bbox 1834 5027 1949 5097; x_wconf 83' lang='grc' dir='ltr'><strong>βίος</strong></span> 
     </span>
    </p>
   </div>
   <div class='ocr_carea' id='block_1_98' title="bbox 382 5114 1953 5188">
    <p class='ocr_par' dir='ltr' id='par_1_98' title="bbox 382 5114 1953 5188">
     <span class='ocr_line' id='line_1_98' title="bbox 382 5114 1953 5188; baseline 0.006 -23"><span class='ocrx_word' id='word_1_704' title='bbox 382 5114 617 5184; x_wconf 80' lang='grc' dir='ltr'>μοναχοῦ</span> <span class='ocrx_word' id='word_1_705' title='bbox 664 5114 1048 5185; x_wconf 73' lang='grc' dir='ltr'><strong>καθημερινάς.</strong></span> <span class='ocrx_word' id='word_1_706' title='bbox 1089 5116 1154 5172; x_wconf 85' lang='lat' dir='ltr'><strong>Ut</strong></span> <span class='ocrx_word' id='word_1_707' title='bbox 1190 5117 1373 5171; x_wconf 88' lang='lat' dir='ltr'><strong>nullus</strong></span> <span class='ocrx_word' id='word_1_708' title='bbox 1404 5119 1784 5188; x_wconf 87' lang='lat' dir='ltr'><strong>episcoporum</strong></span> <span class='ocrx_word' id='word_1_709' title='bbox 1833 5135 1953 5174; x_wconf 89' lang='lat' dir='ltr'><strong>m0-</strong></span> 
     </span>
    </p>
   </div>
   <div class='ocr_carea' id='block_1_99' title="bbox 382 5207 1951 5277">
    <p class='ocr_par' dir='ltr' id='par_1_99' title="bbox 382 5207 1951 5277">
     <span class='ocr_line' id='line_1_99' title="bbox 382 5207 1951 5277; baseline 0.004 -17"><span class='ocrx_word' id='word_1_710' title='bbox 382 5208 571 5262; x_wconf 89' lang='lat' dir='ltr'><strong>nachis</strong></span> <span class='ocrx_word' id='word_1_711' title='bbox 608 5207 847 5261; x_wconf 89' lang='lat' dir='ltr'><strong>volatilia</strong></span> <span class='ocrx_word' id='word_1_712' title='bbox 881 5209 1164 5263; x_wconf 86' lang='lat' dir='ltr'><strong>comedere</strong></span> <span class='ocrx_word' id='word_1_713' title='bbox 1216 5212 1495 5277; x_wconf 91' lang='lat' dir='ltr'><strong>concedat,</strong></span> <span class='ocrx_word' id='word_1_714' title='bbox 1546 5212 1791 5267; x_wconf 88' lang='lat' dir='ltr'><strong>sancitur</strong></span> <span class='ocrx_word' id='word_1_715' title='bbox 1838 5227 1887 5266; x_wconf 92' lang='lat' dir='ltr'><strong>c.</strong></span> <span class='ocrx_word' id='word_1_716' title='bbox 1917 5211 1951 5266; x_wconf 91' lang='lat'><strong>9</strong></span> 
     </span>
    </p>
   </div>
   <div class='ocr_carea' id='block_1_100' title="bbox 380 5298 1948 5370">
    <p class='ocr_par' dir='ltr' id='par_1_100' title="bbox 380 5298 1948 5370">
     <span class='ocr_line' id='line_1_100' title="bbox 380 5298 1948 5370; baseline 0.004 -19"><span class='ocrx_word' id='word_1_717' title='bbox 380 5298 730 5353; x_wconf 78' lang='lat' dir='ltr'><strong>Additionum</strong></span> <span class='ocrx_word' id='word_1_718' title='bbox 768 5301 832 5353; x_wconf 87' lang='lat' dir='ltr'><strong>ad</strong></span> <span class='ocrx_word' id='word_1_719' title='bbox 868 5300 1116 5370; x_wconf 86' lang='lat' dir='ltr'><strong>Capitula</strong></span> <span class='ocrx_word' id='word_1_720' title='bbox 1155 5303 1337 5357; x_wconf 80' lang='lat' dir='ltr'><strong>Caroli</strong></span> <span class='ocrx_word' id='word_1_721' title='bbox 1385 5301 1457 5356; x_wconf 88' lang='grc' dir='ltr'><strong>Μ.</strong></span> <span class='ocrx_word' id='word_1_722' title='bbox 1509 5304 1563 5357; x_wconf 91' lang='lat' dir='ltr'><strong>in</strong></span> <span class='ocrx_word' id='word_1_723' title='bbox 1613 5304 1948 5359; x_wconf 88' lang='lat' dir='ltr'><strong>Bibliotheca</strong></span> 
     </span>
    </p>
   </div>
   <div class='ocr_carea' id='block_1_101' title="bbox 380 5391 1951 5465">
    <p class='ocr_par' dir='ltr' id='par_1_101' title="bbox 380 5391 1951 5465">
     <span class='ocr_line' id='line_1_101' title="bbox 380 5391 1951 5465; baseline 0.004 -21"><span class='ocrx_word' id='word_1_724' title='bbox 380 5391 748 5457; x_wconf 79' lang='lat' dir='ltr'><strong>Cluniacensi,</strong></span> <span class='ocrx_word' id='word_1_725' title='bbox 777 5393 869 5446; x_wconf 91' lang='lat' dir='ltr'><strong>ubi</strong></span> <span class='ocrx_word' id='word_1_726' title='bbox 909 5392 1239 5459; x_wconf 87' lang='lat' dir='ltr'><strong>Qucrcetan.</strong></span> <span class='ocrx_word' id='word_1_727' title='bbox 1271 5396 1436 5448; x_wconf 80' lang='lat' dir='ltr'><strong>multa</strong></span> <span class='ocrx_word' id='word_1_728' title='bbox 1470 5406 1644 5458; x_wconf 86' lang='lat' dir='ltr'><strong>notat,</strong></span> <span class='ocrx_word' id='word_1_729' title='bbox 1672 5414 1725 5465; x_wconf 90' lang='lat' dir='ltr'><strong>p.</strong></span> <span class='ocrx_word' id='word_1_730' title='bbox 1753 5396 1843 5450; x_wconf 72' lang='lat'><strong>27.</strong></span> <span class='ocrx_word' id='word_1_731' title='bbox 1876 5396 1951 5450; x_wconf 89' lang='lat' dir='ltr'><strong>De</strong></span> 
     </span>
    </p>
   </div>
   <div class='ocr_carea' id='block_1_102' title="bbox 376 5482 1948 5550">
    <p class='ocr_par' dir='ltr' id='par_1_102' title="bbox 376 5482 1948 5550">
     <span class='ocr_line' id='line_1_102' title="bbox 376 5482 1948 5550; baseline 0.003 -16"><span class='ocrx_word' id='word_1_732' title='bbox 376 5482 744 5550; x_wconf 70' lang='lat' dir='ltr'><strong>xerophagiis,</strong></span> <span class='ocrx_word' id='word_1_733' title='bbox 772 5482 824 5536; x_wconf 90' lang='lat' dir='ltr'><strong>id</strong></span> <span class='ocrx_word' id='word_1_734' title='bbox 848 5492 948 5548; x_wconf 89' lang='lat' dir='ltr'><strong>est,</strong></span> <span class='ocrx_word' id='word_1_735' title='bbox 1004 5485 1278 5537; x_wconf 88' lang='lat' dir='ltr'><strong>aridorum</strong></span> <span class='ocrx_word' id='word_1_736' title='bbox 1314 5494 1370 5538; x_wconf 91' lang='lat' dir='ltr'><strong>ct</strong></span> <span class='ocrx_word' id='word_1_737' title='bbox 1395 5486 1669 5539; x_wconf 85' lang='lat' dir='ltr'><strong>siccorum</strong></span> <span class='ocrx_word' id='word_1_738' title='bbox 1702 5488 1948 5539; x_wconf 89' lang='lat' dir='ltr'><strong>ciborum</strong></span> 
     </span>
    </p>
   </div>
   <div class='ocr_carea' id='block_1_103' title="bbox 380 5573 1949 5647">
    <p class='ocr_par' dir='ltr' id='par_1_103' title="bbox 380 5573 1949 5647">
     <span class='ocr_line' id='line_1_103' title="bbox 380 5573 1949 5647; baseline 0.004 -23"><span class='ocrx_word' id='word_1_739' title='bbox 380 5587 497 5637; x_wconf 85' lang='lat' dir='ltr'><strong>esu,</strong></span> <span class='ocrx_word' id='word_1_740' title='bbox 523 5583 629 5627; x_wconf 91' lang='lat' dir='ltr'><strong>etc.</strong></span> <span class='ocrx_word' id='word_1_741' title='bbox 660 5573 1053 5639; x_wconf 88' lang='lat' dir='ltr'><strong>Tertullianus,</strong></span> <span class='ocrx_word' id='word_1_742' title='bbox 1078 5577 1172 5631; x_wconf 90' lang='lat' dir='ltr'><strong>lib.</strong></span> <span class='ocrx_word' id='word_1_743' title='bbox 1198 5593 1250 5642; x_wconf 91' lang='lat' dir='ltr'><strong>v,</strong></span> <span class='ocrx_word' id='word_1_744' title='bbox 1282 5593 1402 5647; x_wconf 90' lang='lat' dir='ltr'><strong>cap.</strong></span> <span class='ocrx_word' id='word_1_745' title='bbox 1432 5579 1487 5637; x_wconf 71' lang='grc'>4,</span> <span class='ocrx_word' id='word_1_746' title='bbox 1509 5580 1768 5631; x_wconf 76' lang='lat' dir='ltr'><strong>Adversus</strong></span> <span class='ocrx_word' id='word_1_747' title='bbox 1800 5576 1949 5630; x_wconf 84' lang='lat' dir='ltr'><strong>Mar-</strong></span> 
     </span>
    </p>
   </div>
   <div class='ocr_carea' id='block_1_104' title="bbox 382 5661 1949 5739">
    <p class='ocr_par' dir='ltr' id='par_1_104' title="bbox 382 5661 1949 5739">
     <span class='ocr_line' id='line_1_104' title="bbox 382 5661 1949 5739; baseline 0.008 -28"><span class='ocrx_word' id='word_1_748' title='bbox 382 5661 543 5727; x_wconf 87' lang='lat' dir='ltr'><strong>cion.;</strong></span> <span class='ocrx_word' id='word_1_749' title='bbox 585 5661 739 5717; x_wconf 91' lang='lat' dir='ltr'><strong>Philo</strong></span> <span class='ocrx_word' id='word_1_750' title='bbox 766 5704 781 5729; x_wconf 92' lang='lat'><strong>,</strong></span> <span class='ocrx_word' id='word_1_751' title='bbox 823 5666 917 5720; x_wconf 93' lang='lat' dir='ltr'><strong>lib.</strong></span> <span class='ocrx_word' id='word_1_752' title='bbox 968 5682 1015 5728; x_wconf 86' lang='grc' dir='ltr'><strong>ι,</strong></span> <span class='ocrx_word' id='word_1_753' title='bbox 1055 5667 1123 5721; x_wconf 82' lang='lat' dir='ltr'><strong>De</strong></span> <span class='ocrx_word' id='word_1_754' title='bbox 1162 5670 1251 5721; x_wconf 86' lang='lat' dir='ltr'><strong>vit.</strong></span> <span class='ocrx_word' id='word_1_755' title='bbox 1292 5671 1654 5739; x_wconf 80' lang='lat' dir='ltr'><strong>cuntemplat.;</strong></span> <span class='ocrx_word' id='word_1_756' title='bbox 1695 5670 1843 5726; x_wconf 83' lang='lat' dir='ltr'><strong>Fest.</strong></span> <span class='ocrx_word' id='word_1_757' title='bbox 1894 5672 1949 5724; x_wconf 93' lang='lat' dir='ltr'><strong>in</strong></span> 
     </span>
    </p>
   </div>
   <div class='ocr_carea' id='block_1_105' title="bbox 382 5751 1944 5819">
    <p class='ocr_par' dir='ltr' id='par_1_105' title="bbox 382 5751 1944 5819">
     <span class='ocr_line' id='line_1_105' title="bbox 382 5751 1944 5819; baseline 0.011 -17"><span class='ocrx_word' id='word_1_758' title='bbox 382 5752 529 5804; x_wconf 87' lang='lat' dir='ltr'><strong>verb.</strong></span> <span class='ocrx_word' id='word_1_759' title='bbox 564 5751 801 5818; x_wconf 87' lang='lat' dir='ltr'><strong>Panem;</strong></span> <span class='ocrx_word' id='word_1_760' title='bbox 849 5757 1157 5813; x_wconf 85' lang='lat' dir='ltr'><strong>Cardiualis</strong></span> <span class='ocrx_word' id='word_1_761' title='bbox 1190 5759 1458 5816; x_wconf 88' lang='lat' dir='ltr'><strong>Baronius</strong></span> <span class='ocrx_word' id='word_1_762' title='bbox 1505 5763 1569 5816; x_wconf 87' lang='lat' dir='ltr'><strong>ad</strong></span> <span class='ocrx_word' id='word_1_763' title='bbox 1602 5780 1805 5819; x_wconf 89' lang='lat' dir='ltr'><strong>annum</strong></span> <span class='ocrx_word' id='word_1_764' title='bbox 1854 5765 1944 5819; x_wconf 76' lang='grc'><strong>54.</strong></span> 
     </span>
    </p>
   </div>
   <div class='ocr_carea' id='block_1_106' title="bbox 2054 4567 3649 4639">
    <p class='ocr_par' dir='ltr' id='par_1_106' title="bbox 2054 4567 3649 4639">
     <span class='ocr_line' id='line_1_106' title="bbox 2054 4567 3649 4639; baseline 0.003 -20"><span class='ocrx_word' id='word_1_765' title='bbox 2054 4576 2214 4621; x_wconf 85' lang='lat' dir='ltr'><strong>vatus</strong></span> <span class='ocrx_word' id='word_1_766' title='bbox 2261 4575 2317 4621; x_wconf 91' lang='lat' dir='ltr'><strong>et</strong></span> <span class='ocrx_word' id='word_1_767' title='bbox 2368 4567 2684 4629; x_wconf 86' lang='lat' dir='ltr'><strong>inclinatus,</strong></span> <span class='ocrx_word' id='word_1_768' title='bbox 2724 4583 2912 4622; x_wconf 90' lang='lat' dir='ltr'><strong>verum</strong></span> <span class='ocrx_word' id='word_1_769' title='bbox 2964 4570 3127 4621; x_wconf 88' lang='lat' dir='ltr'><strong>etiam</strong></span> <span class='ocrx_word' id='word_1_770' title='bbox 3162 4570 3421 4633; x_wconf 91' lang='lat' dir='ltr'><strong>obrutus,</strong></span> <span class='ocrx_word' id='word_1_771' title='bbox 3475 4580 3649 4639; x_wconf 88' lang='lat' dir='ltr'><strong>atque</strong></span> 
     </span>
    </p>
   </div>
   <div class='ocr_carea' id='block_1_107' title="bbox 2052 4659 3645 4731">
    <p class='ocr_par' dir='ltr' id='par_1_107' title="bbox 2052 4659 3645 4731">
     <span class='ocr_line' id='line_1_107' title="bbox 2052 4659 3645 4731; baseline 0.003 -20"><span class='ocrx_word' id='word_1_772' title='bbox 2052 4674 2350 4728; x_wconf 86' lang='lat' dir='ltr'><strong>oppressus</strong></span> <span class='ocrx_word' id='word_1_773' title='bbox 2381 4659 2483 4713; x_wconf 89' lang='lat' dir='ltr'><strong>sub</strong></span> <span class='ocrx_word' id='word_1_774' title='bbox 2510 4674 2679 4714; x_wconf 88' lang='lat' dir='ltr'><strong>onere</strong></span> <span class='ocrx_word' id='word_1_775' title='bbox 2704 4669 2855 4714; x_wconf 91' lang='lat' dir='ltr'><strong>tanto</strong></span> <span class='ocrx_word' id='word_1_776' title='bbox 2881 4660 3142 4714; x_wconf 81' lang='lat' dir='ltr'><strong>fatiscens</strong></span> <span class='ocrx_word' id='word_1_777' title='bbox 3170 4661 3339 4731; x_wconf 73' lang='lat' dir='ltr'><strong>magis</strong></span> <span class='ocrx_word' id='word_1_778' title='bbox 3372 4675 3437 4714; x_wconf 89' lang='lat' dir='ltr'><strong>ac</strong></span> <span class='ocrx_word' id='word_1_779' title='bbox 3462 4678 3645 4731; x_wconf 81' lang='lat' dir='ltr'><strong>magis</strong></span> 
     </span>
    </p>
   </div>
   <div class='ocr_carea' id='block_1_108' title="bbox 2055 4749 3648 4822">
    <p class='ocr_par' dir='ltr' id='par_1_108' title="bbox 2055 4749 3648 4822">
     <span class='ocr_line' id='line_1_108' title="bbox 2055 4749 3648 4822; baseline 0.003 -19"><span class='ocrx_word' id='word_1_780' title='bbox 2055 4752 2376 4805; x_wconf 84' lang='lat' dir='ltr'><strong>insenuerit.</strong></span> <span class='ocrx_word' id='word_1_781' title='bbox 2409 4749 2624 4804; x_wconf 85' lang='lat' dir='ltr'><strong>Etenim</strong></span> <span class='ocrx_word' id='word_1_782' title='bbox 2656 4752 2702 4805; x_wconf 92' lang='lat' dir='ltr'><strong>si</strong></span> <span class='ocrx_word' id='word_1_783' title='bbox 2734 4751 2842 4820; x_wconf 91' lang='lat' dir='ltr'><strong>(uti</strong></span> <span class='ocrx_word' id='word_1_784' title='bbox 2870 4752 3290 4822; x_wconf 82' lang='lat' dir='ltr'><strong>computabam)</strong></span> <span class='ocrx_word' id='word_1_785' title='bbox 3312 4750 3467 4805; x_wconf 85' lang='lat' dir='ltr'><strong>Nilus</strong></span> <span class='ocrx_word' id='word_1_786' title='bbox 3493 4767 3648 4807; x_wconf 87' lang='lat' dir='ltr'><strong>anno</strong></span> 
     </span>
    </p>
   </div>
   <div class='ocr_carea' id='block_1_109' title="bbox 2055 4834 3647 4909">
    <p class='ocr_par' dir='ltr' id='par_1_109' title="bbox 2055 4834 3647 4909">
     <span class='ocr_line' id='line_1_109' title="bbox 2055 4834 3647 4909; baseline 0.004 -20"><span class='ocrx_word' id='word_1_787' title='bbox 2055 4834 2116 4889; x_wconf 92' lang='lat' dir='ltr'><strong>C.</strong></span> <span class='ocrx_word' id='word_1_788' title='bbox 2151 4834 2215 4887; x_wconf 87' lang='lat' dir='ltr'><strong>N.</strong></span> <span class='ocrx_word' id='word_1_789' title='bbox 2246 4837 2373 4900; x_wconf 77' lang='lat'><strong>560,</strong></span> <span class='ocrx_word' id='word_1_790' title='bbox 2406 4837 2886 4909; x_wconf 86' lang='lat' dir='ltr'><strong>Constantinopoli</strong></span> <span class='ocrx_word' id='word_1_791' title='bbox 2912 4840 3066 4909; x_wconf 62' lang='lat' dir='ltr'><strong>(quae</strong></span> <span class='ocrx_word' id='word_1_792' title='bbox 3089 4840 3223 4892; x_wconf 80' lang='grc' dir='ltr'>δέκα</span> <span class='ocrx_word' id='word_1_793' title='bbox 3252 4839 3419 4902; x_wconf 77' lang='grc' dir='ltr'>ἔτεσι,</span> <span class='ocrx_word' id='word_1_794' title='bbox 3452 4839 3509 4894; x_wconf 90' lang='lat' dir='ltr'><strong>id</strong></span> <span class='ocrx_word' id='word_1_795' title='bbox 3540 4852 3647 4904; x_wconf 81' lang='lat' dir='ltr'><strong>est,</strong></span> 
     </span>
    </p>
   </div>
   <div class='ocr_carea' id='block_1_110' title="bbox 2054 4926 3648 4996">
    <p class='ocr_par' dir='ltr' id='par_1_110' title="bbox 2054 4926 3648 4996">
     <span class='ocr_line' id='line_1_110' title="bbox 2054 4926 3648 4996; baseline 0.006 -17"><span class='ocrx_word' id='word_1_796' title='bbox 2054 4926 2242 4979; x_wconf 86' lang='lat' dir='ltr'><strong>decem</strong></span> <span class='ocrx_word' id='word_1_797' title='bbox 2284 4928 2442 4981; x_wconf 88' lang='lat' dir='ltr'><strong>annis</strong></span> <span class='ocrx_word' id='word_1_798' title='bbox 2471 4930 2715 4996; x_wconf 87' lang='lat' dir='ltr'><strong>condita,</strong></span> <span class='ocrx_word' id='word_1_799' title='bbox 2764 4930 3014 4985; x_wconf 86' lang='lat' dir='ltr'><strong>dedicata</strong></span> <span class='ocrx_word' id='word_1_800' title='bbox 3064 4931 3242 4986; x_wconf 79' lang='lat' dir='ltr'><strong>fuerat</strong></span> <span class='ocrx_word' id='word_1_801' title='bbox 3286 4948 3431 4986; x_wconf 89' lang='lat' dir='ltr'><strong>anno</strong></span> <span class='ocrx_word' id='word_1_802' title='bbox 3460 4931 3530 4988; x_wconf 87' lang='lat' dir='ltr'><strong>C.</strong></span> <span class='ocrx_word' id='word_1_803' title='bbox 3578 4932 3648 4989; x_wconf 84' lang='lat' dir='ltr'><strong>N.</strong></span> 
     </span>
    </p>
   </div>
   <div class='ocr_carea' id='block_1_111' title="bbox 2053 5018 3646 5093">
    <p class='ocr_par' dir='ltr' id='par_1_111' title="bbox 2053 5018 3646 5093">
     <span class='ocr_line' id='line_1_111' title="bbox 2053 5018 3646 5093; baseline 0.004 -20"><span class='ocrx_word' id='word_1_804' title='bbox 2053 5018 2188 5079; x_wconf 73' lang='lat'><strong>330.</strong></span> <span class='ocrx_word' id='word_1_805' title='bbox 2240 5034 2271 5073; x_wconf 89' lang='lat' dir='ltr'><strong>e</strong></span> <span class='ocrx_word' id='word_1_806' title='bbox 2318 5018 2540 5076; x_wconf 69' lang='lat' dir='ltr'><strong>Iuliano</strong></span> <span class='ocrx_word' id='word_1_807' title='bbox 2572 5022 2831 5092; x_wconf 88' lang='lat' dir='ltr'><strong>Apostata</strong></span> <span class='ocrx_word' id='word_1_808' title='bbox 2863 5022 3101 5088; x_wconf 67' lang='lat' dir='ltr'><strong>Caesare,</strong></span> <span class='ocrx_word' id='word_1_809' title='bbox 3147 5034 3291 5080; x_wconf 87' lang='lat' dir='ltr'><strong>orat.</strong></span> <span class='ocrx_word' id='word_1_810' title='bbox 3328 5025 3379 5088; x_wconf 89' lang='grc'><strong>1,</strong></span> <span class='ocrx_word' id='word_1_811' title='bbox 3406 5040 3459 5093; x_wconf 88' lang='lat' dir='ltr'><strong>p.</strong></span> <span class='ocrx_word' id='word_1_812' title='bbox 3512 5026 3646 5091; x_wconf 72' lang='lat'><strong>256)</strong></span> 
     </span>
    </p>
   </div>
   <div class='ocr_carea' id='block_1_112' title="bbox 2054 5112 3647 5185">
    <p class='ocr_par' dir='ltr' id='par_1_112' title="bbox 2054 5112 3647 5185">
     <span class='ocr_line' id='line_1_112' title="bbox 2054 5112 3647 5185; baseline 0.004 -20"><span class='ocrx_word' id='word_1_813' title='bbox 2054 5120 2216 5166; x_wconf 89' lang='lat' dir='ltr'><strong>natus</strong></span> <span class='ocrx_word' id='word_1_814' title='bbox 2253 5122 2398 5181; x_wconf 90' lang='lat' dir='ltr'><strong>erat;</strong></span> <span class='ocrx_word' id='word_1_815' title='bbox 2431 5129 2577 5169; x_wconf 91' lang='lat' dir='ltr'><strong>anno</strong></span> <span class='ocrx_word' id='word_1_816' title='bbox 2605 5114 2669 5169; x_wconf 81' lang='lat' dir='ltr'><strong>C.</strong></span> <span class='ocrx_word' id='word_1_817' title='bbox 2700 5112 2767 5169; x_wconf 91' lang='lat' dir='ltr'><strong>N.</strong></span> <span class='ocrx_word' id='word_1_818' title='bbox 2802 5115 2929 5178; x_wconf 73' lang='grc'><strong>405,</strong></span> <span class='ocrx_word' id='word_1_819' title='bbox 2962 5114 3252 5185; x_wconf 63' lang='lat' dir='ltr'><strong>praefectus</strong></span> <span class='ocrx_word' id='word_1_820' title='bbox 3284 5116 3470 5170; x_wconf 87' lang='lat' dir='ltr'><strong>itidem</strong></span> <span class='ocrx_word' id='word_1_821' title='bbox 3509 5118 3647 5173; x_wconf 84' lang='lat' dir='ltr'><strong>Urbi</strong></span> 
     </span>
    </p>
   </div>
   <div class='ocr_carea' id='block_1_113' title="bbox 2054 5205 3640 5278">
    <p class='ocr_par' dir='ltr' id='par_1_113' title="bbox 2054 5205 3640 5278">
     <span class='ocr_line' id='line_1_113' title="bbox 2054 5205 3640 5278; baseline 0.003 -19"><span class='ocrx_word' id='word_1_822' title='bbox 2054 5205 2301 5260; x_wconf 89' lang='lat' dir='ltr'><strong>delectus</strong></span> <span class='ocrx_word' id='word_1_823' title='bbox 2335 5206 2515 5260; x_wconf 65' lang='lat' dir='ltr'><strong>astatis</strong></span> <span class='ocrx_word' id='word_1_824' title='bbox 2544 5206 2637 5271; x_wconf 74' lang='grc'><strong>42,</strong></span> <span class='ocrx_word' id='word_1_825' title='bbox 2680 5222 2779 5262; x_wconf 91' lang='lat' dir='ltr'><strong>seu</strong></span> <span class='ocrx_word' id='word_1_826' title='bbox 2807 5207 2900 5273; x_wconf 75' lang='grc'><strong>45,</strong></span> <span class='ocrx_word' id='word_1_827' title='bbox 2948 5207 3237 5263; x_wconf 89' lang='lat' dir='ltr'><strong>studuerat</strong></span> <span class='ocrx_word' id='word_1_828' title='bbox 3276 5208 3477 5278; x_wconf 90' lang='lat' dir='ltr'><strong>quippe</strong></span> <span class='ocrx_word' id='word_1_829' title='bbox 3513 5211 3640 5264; x_wconf 78' lang='lat' dir='ltr'><strong>libe-</strong></span> 
     </span>
    </p>
   </div>
   <div class='ocr_carea' id='block_1_114' title="bbox 2055 5298 3644 5369">
    <p class='ocr_par' dir='ltr' id='par_1_114' title="bbox 2055 5298 3644 5369">
     <span class='ocr_line' id='line_1_114' title="bbox 2055 5298 3644 5369; baseline 0.003 -18"><span class='ocrx_word' id='word_1_830' title='bbox 2055 5298 2264 5353; x_wconf 83' lang='lat' dir='ltr'><strong>ralibus</strong></span> <span class='ocrx_word' id='word_1_831' title='bbox 2292 5298 2616 5368; x_wconf 90' lang='lat' dir='ltr'><strong>disciplinis,</strong></span> <span class='ocrx_word' id='word_1_832' title='bbox 2646 5300 2701 5353; x_wconf 91' lang='lat' dir='ltr'><strong>in</strong></span> <span class='ocrx_word' id='word_1_833' title='bbox 2722 5300 2857 5355; x_wconf 91' lang='lat' dir='ltr'><strong>urbe</strong></span> <span class='ocrx_word' id='word_1_834' title='bbox 2878 5298 2989 5354; x_wconf 81' lang='lat' dir='ltr'><strong>GP.</strong></span> <span class='ocrx_word' id='word_1_835' title='bbox 3009 5302 3077 5355; x_wconf 90' lang='lat' dir='ltr'><strong>ad</strong></span> <span class='ocrx_word' id='word_1_836' title='bbox 3100 5316 3300 5355; x_wconf 89' lang='lat' dir='ltr'><strong>annum</strong></span> <span class='ocrx_word' id='word_1_837' title='bbox 3326 5300 3386 5354; x_wconf 88' lang='lat' dir='ltr'><strong>C.</strong></span> <span class='ocrx_word' id='word_1_838' title='bbox 3419 5300 3486 5357; x_wconf 90' lang='lat' dir='ltr'><strong>N.</strong></span> <span class='ocrx_word' id='word_1_839' title='bbox 3514 5303 3644 5369; x_wconf 79' lang='lat'><strong>535,</strong></span> 
     </span>
    </p>
   </div>
   <div class='ocr_carea' id='block_1_115' title="bbox 2052 5392 3644 5461">
    <p class='ocr_par' dir='ltr' id='par_1_115' title="bbox 2052 5392 3644 5461">
     <span class='ocr_line' id='line_1_115' title="bbox 2052 5392 3644 5461; baseline 0.003 -16"><span class='ocrx_word' id='word_1_840' title='bbox 2052 5392 2231 5446; x_wconf 66' lang='lat' dir='ltr'><strong>{etatis</strong></span> <span class='ocrx_word' id='word_1_841' title='bbox 2260 5392 2368 5458; x_wconf 72' lang='lat'><strong>25;</strong></span> <span class='ocrx_word' id='word_1_842' title='bbox 2414 5392 2648 5447; x_wconf 75' lang='lat' dir='ltr'><strong>duxerat</strong></span> <span class='ocrx_word' id='word_1_843' title='bbox 2693 5408 2922 5448; x_wconf 78' lang='lat' dir='ltr'><strong>uxorem</strong></span> <span class='ocrx_word' id='word_1_844' title='bbox 2964 5410 3111 5449; x_wconf 87' lang='lat' dir='ltr'><strong>anno</strong></span> <span class='ocrx_word' id='word_1_845' title='bbox 3148 5394 3287 5456; x_wconf 76' lang='lat'><strong>390,</strong></span> <span class='ocrx_word' id='word_1_846' title='bbox 3320 5396 3505 5449; x_wconf 74' lang='lat' dir='ltr'><strong>:etatis</strong></span> <span class='ocrx_word' id='word_1_847' title='bbox 3537 5396 3644 5461; x_wconf 77' lang='lat'><strong>50;</strong></span> 
     </span>
    </p>
   </div>
   <div class='ocr_carea' id='block_1_116' title="bbox 2053 5484 3645 5556">
    <p class='ocr_par' dir='ltr' id='par_1_116' title="bbox 2053 5484 3645 5556">
     <span class='ocr_line' id='line_1_116' title="bbox 2053 5484 3645 5556; baseline 0.003 -20"><span class='ocrx_word' id='word_1_848' title='bbox 2053 5484 2345 5552; x_wconf 88' lang='lat' dir='ltr'><strong>reliquerat</strong></span> <span class='ocrx_word' id='word_1_849' title='bbox 2386 5485 2619 5554; x_wconf 87' lang='lat' dir='ltr'><strong>patriam</strong></span> <span class='ocrx_word' id='word_1_850' title='bbox 2646 5498 2698 5541; x_wconf 91' lang='lat' dir='ltr'><strong>et</strong></span> <span class='ocrx_word' id='word_1_851' title='bbox 2732 5486 2937 5555; x_wconf 88' lang='lat' dir='ltr'><strong>aulam,</strong></span> <span class='ocrx_word' id='word_1_852' title='bbox 2966 5487 3321 5556; x_wconf 85' lang='lat' dir='ltr'><strong>proﬁciscens</strong></span> <span class='ocrx_word' id='word_1_853' title='bbox 3363 5488 3430 5542; x_wconf 84' lang='lat' dir='ltr'><strong>ad</strong></span> <span class='ocrx_word' id='word_1_854' title='bbox 3477 5504 3645 5540; x_wconf 86' lang='lat' dir='ltr'><strong>mon-</strong></span> 
     </span>
    </p>
   </div>
   <div class='ocr_carea' id='block_1_117' title="bbox 2054 5578 3645 5636">
    <p class='ocr_par' dir='ltr' id='par_1_117' title="bbox 2054 5578 3645 5636">
     <span class='ocr_line' id='line_1_117' title="bbox 2054 5578 3645 5636; baseline 0.004 -7"><span class='ocrx_word' id='word_1_855' title='bbox 2054 5586 2159 5629; x_wconf 87' lang='lat' dir='ltr'><strong>tem</strong></span> <span class='ocrx_word' id='word_1_856' title='bbox 2189 5578 2320 5631; x_wconf 89' lang='lat' dir='ltr'><strong>Sina</strong></span> <span class='ocrx_word' id='word_1_857' title='bbox 2349 5592 2493 5632; x_wconf 89' lang='lat' dir='ltr'><strong>anno</strong></span> <span class='ocrx_word' id='word_1_858' title='bbox 2526 5578 2653 5633; x_wconf 70' lang='lat'><strong>405.</strong></span> <span class='ocrx_word' id='word_1_859' title='bbox 2687 5579 2959 5634; x_wconf 67' lang='lat' dir='ltr'><strong>Praeterea</strong></span> <span class='ocrx_word' id='word_1_860' title='bbox 2995 5580 3223 5636; x_wconf 88' lang='lat' dir='ltr'><strong>incursu</strong></span> <span class='ocrx_word' id='word_1_861' title='bbox 3253 5580 3399 5635; x_wconf 79' lang='lat' dir='ltr'><strong>facto</strong></span> <span class='ocrx_word' id='word_1_862' title='bbox 3431 5581 3645 5635; x_wconf 79' lang='lat' dir='ltr'><strong>Arabes</strong></span> 
     </span>
    </p>
   </div>
   <div class='ocr_carea' id='block_1_118' title="bbox 2054 5670 3645 5744">
    <p class='ocr_par' dir='ltr' id='par_1_118' title="bbox 2054 5670 3645 5744">
     <span class='ocr_line' id='line_1_118' title="bbox 2054 5670 3645 5744; baseline 0.004 -22"><span class='ocrx_word' id='word_1_863' title='bbox 2054 5670 2225 5723; x_wconf 86' lang='lat' dir='ltr'><strong>lilium</strong></span> <span class='ocrx_word' id='word_1_864' title='bbox 2269 5685 2428 5725; x_wconf 88' lang='lat' dir='ltr'><strong>suum</strong></span> <span class='ocrx_word' id='word_1_865' title='bbox 2483 5670 2826 5728; x_wconf 87' lang='lat' dir='ltr'><strong>Theodulum</strong></span> <span class='ocrx_word' id='word_1_866' title='bbox 2878 5673 3258 5739; x_wconf 80' lang='lat' dir='ltr'><strong>abduxerunt,</strong></span> <span class='ocrx_word' id='word_1_867' title='bbox 3319 5690 3485 5744; x_wconf 87' lang='lat' dir='ltr'><strong>quem</strong></span> <span class='ocrx_word' id='word_1_868' title='bbox 3548 5674 3645 5729; x_wconf 87' lang='lat' dir='ltr'><strong>diu</strong></span> 
     </span>
    </p>
   </div>
   <div class='ocr_carea' id='block_1_119' title="bbox 2055 5760 3645 5833">
    <p class='ocr_par' dir='ltr' id='par_1_119' title="bbox 2055 5760 3645 5833">
     <span class='ocr_line' id='line_1_119' title="bbox 2055 5760 3645 5833; baseline 0.005 -18"><span class='ocrx_word' id='word_1_869' title='bbox 2055 5760 2418 5831; x_wconf 88' lang='lat' dir='ltr'><strong>perquisitum</strong></span> <span class='ocrx_word' id='word_1_870' title='bbox 2462 5778 2607 5819; x_wconf 88' lang='lat' dir='ltr'><strong>anno</strong></span> <span class='ocrx_word' id='word_1_871' title='bbox 2646 5763 2773 5831; x_wconf 77' lang='grc'>410,</span> <span class='ocrx_word' id='word_1_872' title='bbox 2820 5780 2919 5822; x_wconf 88' lang='lat' dir='ltr'><strong>seu</strong></span> <span class='ocrx_word' id='word_1_873' title='bbox 2956 5765 3083 5833; x_wconf 78' lang='grc'>411,</span> <span class='ocrx_word' id='word_1_874' title='bbox 3124 5767 3255 5823; x_wconf 88' lang='lat' dir='ltr'><strong>dum</strong></span> <span class='ocrx_word' id='word_1_875' title='bbox 3302 5766 3480 5822; x_wconf 66' lang='lat' dir='ltr'><strong>aetatis</strong></span> <span class='ocrx_word' id='word_1_876' title='bbox 3528 5782 3645 5823; x_wconf 72' lang='lat' dir='ltr'><strong>sua</strong></span> 
     </span>
    </p>
   </div>
  </div>
