3816 6220
292 204 432 269 1421

1596 202 1692 267 DE
1712 207 1887 269 VITA
1926 207 1985 266 S.
2019 202 2205 267 NILI.

3408 202 3541 264 1422

287 312 458 367 Nilus
487 316 1028 385 qmnquage‘sii’num,
1077 330 1178 371 seu
1222 316 1734 385 quinquagesimum
1769 313 1878 382 pri-
1907 318 1954 374 Α
1983 313 2157 383 ipsam
2186 316 2515 372 subsecutus
2541 322 2627 370 est
2658 314 2934 379 moriens;
2960 342 3026 351 —
3056 321 3113 367 et
3148 313 3203 368 in
3242 312 3383 378 illas,
3404 327 3541 383 quas

291 420 454 459 mum
497 416 704 476 ageret,
750 408 968 463 tandem
1020 409 1259 471 invenit,
1311 409 1357 463 si
1409 408 1543 461 vixit
1589 423 1763 476 usque
1810 406 1876 459 ad

290 494 641 551 Marcianum
690 500 828 568 Aug.
866 502 885 567 (
899 502 978 555 sic
1024 501 1167 556 enim
1222 502 1341 571 lego
1380 501 1432 553 iu
1490 498 1729 564 Menazo,
1774 499 1880 559 ἓως

292 588 647 659 Μαρκιανοῦ,
674 606 847 661 usque
862 592 929 645 ad
954 592 1309 659 Marcianum,
1330 609 1437 649 non
1458 594 1559 648 sub
1581 592 1877 661 Mauritio),

292 682 361 727 et
410 673 720 733 Marcianus
770 681 997 748 coeperit
1051 680 1319 749 imperare
1367 696 1511 735 anno
1536 680 1599 737 (ἶ.
1652 681 1715 735 N.
1752 682 1879 745 451,

294 763 623 834 anigravite
656 766 761 823 vita
813 768 966 824 Nilus
1005 786 1148 825 anno
1200 772 1373 826 aetatis
1432 772 1521 827 9|.
1585 772 1881 826 Provectus

298 854 493 912 fuerat
523 859 711 914 eodem
739 875 886 916 anno
915 861 1039 925 410,
1071 878 1165 918 seu
1196 864 1321 927 411,
1354 864 1418 917 ad
1452 864 1881 934 presbyteratum

298 948 432 1017 ipse
465 949 582 1019 jam
613 952 1148 1023 quinquagenarius,
1201 956 1270 1007 ah
1312 952 1549 1009 Elusano
1591 955 1879 1024 episcopo,

300 1040 391 1094 uti
421 1040 567 1096 ﬁlius
590 1043 709 1113 ejus
734 1042 1050 1100 Theodulus
1081 1061 1224 1100 anno
1250 1046 1343 1100 591
1376 1047 1558 1101 editus
1594 1046 1647 1100 in
1682 1047 1881 1109 lucem,

302 1141 370 1185 et
411 1130 623 1197 lector,
682 1134 801 1189 sive
845 1134 1105 1190 ostiarius
1157 1134 1277 1205 (ita
1329 1136 1527 1205 quippe
1580 1144 1739 1191 sonat
1782 1151 1886 1189 vox

303 1225 637 1297 νεωκόρου]
685 1236 1005 1298 assumptus
1055 1230 1125 1283 ab
1163 1229 1392 1291 eodem,
1433 1243 1535 1283 nec
1581 1229 1730 1283 enim
1773 1237 1883 1282 tam

309 1326 510 1373 exacte
535 1318 924 1375 discernuntur
956 1321 1200 1377 minores
1227 1321 1447 1377 ordines
1473 1321 1614 1390 apud
1642 1321 1884 1383 Graecos,

309 1406 483 1461 sicuti
543 1407 707 1478 693
759 1423 926 1478 penes
972 1408 1227 1474 Latinos,
1260 1409 1723 1479 quemadmodum
1772 1410 1885 1480 jam

308 1498 553 1559 ostendi.
590 1501 704 1555 sive
732 1500 784 1554 in
816 1501 1152 1571 acolythum,
1181 1510 1235 1555 et
1264 1503 1592 1556 exorcistam
1615 1545 1629 1567 ,
1664 1503 1746 1557 vel
1793 1503 1886 1557 de-

310 1594 487 1662 nique
520 1594 938 1660 subdiaconum,
967 1596 1255 1651 ordinatus
1281 1612 1454 1652 annos
1477 1598 1652 1652 aetatis
1677 1612 1792 1652 sua:
1819 1596 1889 1651 20

309 1699 415 1740 seu
455 1684 519 1738 2i
562 1701 878 1741 numerans.

389 1776 571 1846 thue
620 1777 971 1846 Niluspater
1012 1780 1152 1834 inter
1181 1782 1479 1835 monachos
1527 1781 1720 1836 Missas
1764 1789 1887 1851 per-

309 1883 481 1940 agere
513 1872 721 1940 potuit,
743 1872 815 1931 ita
840 1872 954 1941 ipse
979 1887 1133 1926 sacra
1164 1873 1350 1926 munia
1377 1873 1528 1927 obire
1554 1875 1621 1926 ad
1651 1875 1890 1941 minores

311 1962 565 2030 ordines,
593 1975 688 2018 aut
715 1964 1170 2020 subdiaconatum
1213 1967 1511 2035 spectantia
1556 1982 1651 2036 per
1682 1967 1753 2021 40
1793 1983 1892 2021 an-

316 2070 461 2121 nos,
498 2065 552 2110 et
580 2056 646 2110 ad
681 2056 919 2125 majores
945 2066 1259 2126 provectus,
1294 2058 1493 2125 quibus
1556 2059 1890 2128 frequentem

313 2158 373 2202 et
430 2147 713 2203 assiduum
768 2157 1063 2216 utrumque
1100 2146 1273 2204 fuisse
1318 2160 1427 2203 tam
1466 2149 1521 2202 in
1561 2150 1890 2219 synaxibus.

312 2253 483 2310 quam
516 2238 571 2293 in
606 2237 926 2292 monasticis
955 2238 1440 2295 exercitationibus
1468 2254 1574 2294 non
1617 2239 1895 2307 ambigen-

315 2332 448 2385 dum
478 2338 580 2385 est.
615 2327 797 2382 Nilum
831 2328 1104 2398 praecipue
1140 2330 1318 2385 varias
1349 2330 1609 2399 epistolas
1637 2345 1895 2386 exarasse

314 2421 387 2475 ad
419 2435 535 2485 eos,
561 2420 656 2490 qui
684 2419 836 2474 velut
861 2422 1147 2476 oraculum
1174 2421 1414 2489 undique
1442 2421 1619 2489 ipsum
1644 2423 1896 2476 consule-

314 2511 484 2576 bant;
515 2527 637 2581 quat
671 2511 835 2569 simul
867 2512 1108 2575 collecta:
1151 2513 1220 2566 ab
1269 2512 1642 2567 illustrissimo
1670 2514 1893 2576 Allatio,

316 2605 522 2657 iterum
565 2603 725 2658 editae
768 2602 992 2660 fuerunt
1043 2605 1351 2666 auctiores,
1400 2606 1701 2674 dicatzeque
1749 2621 1894 2661 sere-

319 2695 558 2750 nissimo
611 2696 842 2765 principi
898 2697 1179 2768 Raynaldo
1224 2696 1464 2759 Estcnsi,
1510 2712 1653 2750 anno
1704 2698 1897 2751 salutis

318 2790 485 2848 1668.
537 2789 725 2845 Roma:
772 2790 824 2844 in
869 2791 961 2844 l‘ol.
1017 2789 1139 2845 Illas
1179 2800 1337 2844 antea
1382 2791 1667 2859 pauciores
1704 2792 1896 2844 excudi

318 2895 548 2939 curarat
569 2883 710 2938 ΚΡ.
731 2884 997 2939 Possinus
1026 2883 1314 2937 Societatis
1339 2881 1468 2938 Jesu
1487 2882 1711 2937 Parisiis
1739 2884 1895 2946 1657,

1979 406 2129 460 misit
2156 416 2280 476 post
2311 408 2595 463 incursum
2627 406 2905 476 epistolas.
2936 403 2994 458 Si
3023 404 3147 473 quis
3178 412 3359 459 autem
3384 404 3544 458 vellet

1980 515 2174 556 omnes
2199 503 2410 566 ordine,
2449 504 2532 558 vel
2581 518 2677 571 per
2725 500 3005 564 materias,
3051 499 3130 554 vel
3186 514 3282 569 per
3321 499 3543 555 nomina

1980 609 2169 649 eorum
2204 596 2271 650 ad
2313 612 2453 665 quos
2485 595 2816 665 diriguntur,
2848 594 3004 662 juxta
3039 593 3232 647 seriem
3273 592 3542 663 alphabeti

1980 702 2098 740 eam
2119 703 2213 756 per
2237 698 2503 757 tempora,
2524 687 2636 750 vix,
2661 702 2723 739 ac
2755 701 2821 739 ne
2844 685 2933 737 vix
2960 684 3176 753 quidem
3202 684 3315 738 lieri
3340 693 3531 753 posset.

1983 794 2105 832 cum
2138 779 2248 834 sint
2272 780 2390 833 sine
2418 780 2527 845 die,
2556 787 2717 847 atque
2735 778 2980 841 consule,
3010 785 3064 829 et
3090 776 3208 829 sine
3229 774 3545 834 indictione,

1986 870 2215 939 aliisque
2266 871 2445 934 nolis,
2499 884 2583 924 na:
2630 868 2721 922 ille
2768 868 2902 921 bene
2943 874 3243 921 mereretur
3272 865 3339 920 de
3390 863 3549 930 Nilo;

1985 972 2164 1013 tamen
2205 959 2310 1012 illis
2341 959 2561 1014 szeculis
2596 973 2703 1011 non
2743 955 3214 1017 describebautur,
3251 968 3429 1023 neque
3457 952 3552 1007 da-

1986 1053 2184 1104 bantur
2234 1062 2490 1105 accurate
2538 1061 2702 1121 atque
2735 1049 2915 1110 anxie,
2966 1055 3027 1101 ut
3065 1060 3210 1101 nunc
3237 1044 3351 1100 ﬁeri
3395 1044 3554 1107 solet.

1983 1144 2245 1211 epistolae,
2307 1159 2408 1198 nec
2461 1143 2863 1198 adhibebantur
2896 1141 3049 1202 loca,
3102 1140 3253 1204 dies,
3300 1152 3554 1200 menses,

1985 1234 2112 1287 anni
2141 1234 2450 1297 consulum,
2484 1234 2566 1289 vel
2591 1235 3004 1303 imperatorum,
3035 1242 3197 1301 atque
3218 1228 3554 1300 pontiﬁcum.

1990 1340 2163 1393 neque
2200 1325 2649 1380 subscribebatur
2681 1340 2879 1379 nomen
2920 1322 3235 1386 scribentis,
3272 1320 3365 1376 sed
3405 1319 3489 1380 vel
3527 1336 3558 1369 e

1988 1416 2149 1487 stylo,
2190 1419 2271 1471 vel
2297 1432 2364 1471 ex
2399 1418 2581 1488 aliqua
2614 1419 2809 1488 phrasi
2859 1417 3017 1474 solita
3059 1412 3330 1483 usurpari,
3363 1426 3557 1481 argue-

1990 1510 2168 1571 batur,
2204 1518 2257 1563 et
2287 1509 2379 1563 illa
2411 1510 2623 1579 signum
2655 1510 2975 1565 vocabatur.

2064 1600 2520 1670 lmperiosissima
2566 1610 2650 1656 est
2687 1601 2878 1668 religio
2931 1601 3195 1665 (auctore
3246 1595 3454 1662 Plinio)
3508 1597 3560 1647 in

1997 1694 2238 1749 adversis
2296 1695 2598 1763 praesertim
2652 1692 2817 1764 694,
2871 1692 3134 1754 casibus,
3206 1689 3353 1744 unde
3417 1687 3565 1742 canit

1999 1786 2167 1840 Silius
2192 1828 2207 1851 ,

2071 1898 2245 1952 Tanta
2274 1899 2426 1959 adeo,
2458 1913 2574 1951 cum
2604 1914 2686 1949 ros
2719 1898 2955 1965 trepidae.
2985 1896 3270 1951 reverentia
3298 1894 3475 1947 divum

2074 1969 2352 2028 Nascitur,
2384 1978 2433 2021 et
2468 1983 2604 2021 ram:
2634 1967 2839 2035 fumant
2872 1968 3115 2036 felicibus
3153 1981 3283 2018 arte.

1998 2060 2211 2114 Clamat
2240 2070 2294 2113 et
2320 2058 2459 2112 alius
2486 2076 2499 2111 :

2070 2152 2283 2205 Primus
2317 2153 2371 2204 in
2401 2152 2523 2203 orbe
2551 2150 2674 2203 deos
2708 2150 2828 2217 fecit
2864 2150 3043 2201 timor.

2003 2243 2157 2297 Unde
2183 2242 2354 2296 Graeci
2390 2241 2555 2295 Deum
2592 2240 2699 2293 ἀπὸ
2743 2240 2837 2293 τοῦ
2882 2239 3117 2304 δέεσθαι,
3155 2238 3208 2292 id
3238 2248 3349 2299 est,
3397 2254 3430 2290 τι
3462 2253 3574 2288 mr-

2003 2336 2193 2390 tuendo
2223 2336 2518 2394 deducunt,
2547 2333 2669 2386 licet
2692 2339 2885 2386 vocent
2918 2330 3051 2383 Θεὸν
3077 2329 3185 2383 ἀπὸ
3205 2328 3301 2382 τοῦ
3325 2327 3573 2390 θεᾶσθαι,

2001 2435 2114 2484 sive
2142 2447 2175 2482 a
2204 2429 2446 2488 videndo,
2488 2442 2674 2496 quem,
2722 2426 2849 2495 quia
2880 2424 3026 2479 videt
3057 2422 3243 2477 omnia
3276 2421 3448 2487 solus,
3478 2434 3575 2471 ve-

2004 2538 2123 2577 rum
2157 2523 2336 2591 possis
2381 2522 2562 2574 dicere
2597 2519 2803 2583 solem;
2839 2517 2961 2571 ideo
2991 2515 3147 2571 ﬁnxit
3176 2514 3355 2584 poesis
3393 2514 3578 2583 prisca

2002 2615 2174 2678 λιτάς,
2204 2614 2255 2668 id
2288 2622 2391 2676 est,
2431 2627 2607 2681 preces
2634 2610 2875 2672 claudas,
2918 2609 3049 2677 quia
3101 2609 3475 2662 calamitatum
3523 2614 3580 2657 et

2006 2705 2425 2759 inlortnniorum
2460 2702 2711 2768 passibus
2739 2701 3027 2765 inhaerent,
3058 2708 3113 2754 et
3140 2699 3364 2768 vestigia
3394 2712 3580 2767 perse-

2006 2807 2249 2866 quuntur
2290 2795 2521 2859 tardius,
2553 2803 2607 2847 et
2635 2794 2792 2862 quasi
2825 2792 3217 2847 claudicantes.

2079 2890 2132 2940 Si
2162 2888 2406 2939 lloinana
2430 2899 2668 2954 unquam
2692 2898 2945 2953 perpessa
2970 2884 3072 2936 luit
3093 2896 3287 2953 graves
3308 2894 3581 2935 aerumnas

318 2985 383 3033 et
404 2984 746 3045 nuncuparat
767 2974 1202 3030 eminentissimo
1228 2983 1429 3029 sanctae
1458 2974 1524 3027 ll.
1553 2975 1611 3027 Ε.
1637 2975 1898 3028 cardinali
1930 3013 1975 3075 ο
2008 2980 2345 3051 respublica,
2388 2978 2509 3031 illas
2537 2976 2760 3046 pertulit
2783 2974 3050 3043 profecto,
3080 2974 3281 3045 quibus
3312 2972 3581 3028 Arcadius

321 3068 652 3134 Barberino,
684 3077 735 3124 et
759 3080 990 3138 uterque
1022 3069 1076 3121 in
1108 3067 1359 3122 Latinum
1386 3083 1693 3122 sermonem
1723 3077 1899 3122 trans-

324 3162 567 3227 tulerat;
602 3170 823 3231 possent
851 3163 956 3215 illa:
988 3164 1040 3214 in
1070 3163 1206 3215 duas
1237 3161 1445 3215 classes
1474 3160 1664 3227 dividi,
1696 3160 1905 3215 scilicet

324 3252 388 3307 in
418 3267 534 3316 eas,
577 3267 699 3321 qua:
738 3264 863 3306 ante
903 3252 1185 3306 incursum
1236 3251 1637 3304 Saracenorum
1692 3250 1907 3319 scriptae

326 3342 577 3413 fuerunt,
613 3343 923 3414 cuiusmodi
950 3352 1034 3397 cst
1063 3343 1176 3408 illa,
1212 3357 1376 3412 quam
1406 3343 1643 3397 secundo
1669 3341 1815 3396 dedit
1838 3343 1905 3395 ad

326 3432 654 3499 Arcadium,
685 3447 808 3487 cum
842 3433 955 3501 jam
985 3431 1334 3487 valedixisset
1363 3432 1523 3495 aulae,
1554 3447 1721 3502 seque
1762 3447 1909 3487 rete

327 3526 505 3598 pisset
540 3526 597 3580 in
644 3533 884 3581 montem
936 3525 1199 3589 Sinaeum,
1252 3540 1490 3594 cumque
1536 3533 1801 3579 retractus
1852 3526 1908 3578 in

324 3619 585 3675 exsilium
608 3627 833 3674 sanctus
851 3617 1093 3673 Joannes
1113 3620 1541 3686 (Ihrvsostomus
1559 3629 1665 3671 tam
1694 3618 1909 3683 indigne

330 3713 677 3768 multaretur.
710 3711 902 3766 Exstat
946 3711 1088 3780 apud
1134 3712 1415 3771 Allatium,
1448 3711 1539 3763 lih.
1578 3726 1658 3769 III,
1691 3728 1745 3763 ιι,
1780 3711 1905 3772 279,

328 3804 486 3859 hisce
513 3805 693 3859 verbis
724 3822 738 3857 :
775 3804 1030 3871 Ἰωάννην
1052 3803 1308 3873 μέγιστον
1330 3803 1594 3873 φωστῆρα
1615 3802 1714 3871 τῆς
1735 3803 1908 3853 οἱκου·

335 3896 507 3965 μένης
532 3895 623 3947 τὸν
640 3895 963 3959 Βυζαντξδος
994 3895 1277 3966 πρόεδρον,
1313 3905 1445 3959 etc.,
1480 3902 1535 3946 et
1567 3893 1708 3962 apud
1730 3893 1910 3946 Possi-

332 4003 490 4050 uum,
527 4003 580 4040 ιι.
613 3987 741 4051 252,
772 4002 828 4057 p.
862 3986 988 4039 227.
1015 3987 1153 4042 Ecce
1186 3988 1331 4039 illam
1358 4003 1371 4040 :
1404 4004 1422 4035 ι
1445 3984 1707 4040 Joannem
1733 3986 1910 4039 maxi-

334 4093 485 4131 mum
517 4077 667 4131 orbis
701 4077 943 4132 universi
978 4077 1247 4130 luminare
1279 4076 1590 4145 Byzantina:
1625 4077 1909 4144 prmsulem

336 4173 491 4227 urbis
529 4172 839 4227 amaudasti
876 4187 985 4226 non
1035 4181 1181 4226 recte
1222 4174 1274 4224 in
1319 4171 1593 4236 exsilium,
1648 4187 1711 4226 ex
1743 4175 1910 4227 multa

336 4264 557 4320 levitate
600 4279 901 4335 persuasus
939 4265 1009 4320 ab
1047 4265 1319 4333 episcopis
1363 4264 1654 4319 malesanis
1689 4278 1909 4319 mente:

2007 3074 2304 3142 imperator
2331 3085 2363 3126 e
2394 3070 2573 3124 medio
2604 3068 2853 3123 sublatus
2891 3066 3013 3129 fuit,
3060 3066 3420 3136 temporibus,
3454 3079 3579 3119 cum

2007 3164 2354 3219 Theodosius
2381 3162 2561 3216 minor
2590 3177 2655 3215 ac
2683 3175 2810 3215 vere
2845 3160 3062 3229 μικρὸς,
3098 3159 3310 3229 imperii
3339 3158 3585 3212 habenas

2010 3257 2102 3311 Eoi
2158 3256 2397 3324 suscepit
2450 3253 2787 3308 irruentibus
2842 3255 2893 3304 in
2947 3250 3225 3305 Romanas
3273 3248 3586 3319 provincias
3656 3300 3665 3305 .

2009 3348 2286 3411 Barbaris,
2321 3345 2414 3416 qui
2455 3345 2767 3414 reipublica:
2797 3345 2952 3397 clavo
2993 3342 3209 3396 fuerant
3246 3341 3470 3405 admoti,
3522 3355 3587 3395 ac

2010 3439 2243 3492 invicem
2275 3435 2720 3506 digladiantibus,
2752 3443 2805 3487 et
2831 3433 2980 3487 velut
3003 3432 3070 3486 de
3090 3431 3241 3486 corio
3269 3430 3586 3484 ludentibus

2011 3530 2208 3584 alieno.
2241 3528 2323 3582 Ad
2368 3527 2518 3582 viros
2547 3526 2714 3596 igitur
2752 3525 3050 3593 angelicam
3094 3522 3374 3591 professos
3417 3521 3585 3575 vitam

2013 3623 2175 3676 tiebat
2203 3636 2541 3685 concursus;
2567 3619 2664 3673 bos
2693 3621 2833 3671 inter
2854 3616 3102 3670 eminens
3125 3613 3278 3668 Nilus
3304 3612 3587 3681 praefecto-

2014 3714 2128 3767 rius
2160 3722 2242 3766 tot
2286 3711 2549 3779 periculis
2598 3708 2915 3772 defunctus,
2964 3706 3214 3759 adibatur
3269 3702 3419 3757 velut
3452 3701 3589 3755 alter

2014 3804 2269 3859 Salomon
2288 3813 2343 3858 et
2365 3804 2574 3873 asylum
2598 3800 2839 3865 virtutis,
2860 3809 3023 3867 atque
3042 3795 3321 3865 sapientiae
3338 3794 3546 3849 cortina
3567 3808 3585 3860 ;

2012 3895 2115 3950 Nili
2141 3896 2332 3965 pietas,
2353 3894 2496 3964 jngis
2516 3893 2792 3947 meditatio
2810 3907 2990 3945 rerum
3011 3886 3589 3947 divinarum,assidu:e

2012 4003 2204 4058 preces
2237 3986 2305 4041 ad
2340 3986 2531 4050 Deum,
2564 3995 2617 4038 et
2644 3984 2905 4039 exercitia
2939 3980 3211 4036 severiora
3264 3978 3585 4037 monastica,

2015 4088 2242 4134 cunctos
2287 4080 2353 4131 ad
2401 4078 2579 4145 ipsum
2626 4074 3032 4145 pcrtrahebant,
3095 4072 3241 4124 illius
3281 4085 3439 4139 opem
3490 4070 3589 4123 ad—

2016 4187 2207 4228 versus
2237 4170 2367 4224 vitia
2401 4168 2732 4238 ingruentia,
2770 4176 2823 4221 et
2853 4173 3152 4233 serpentes,
3195 4178 3261 4217 ac
3294 4162 3591 4231 irrepentes

2016 4266 2246 4327 abusus,
2288 4277 2396 4317 non
2430 4260 2605 4316 solum
2640 4258 2742 4312 viri
2787 4256 3048 4326 religiosi,
3079 4255 3173 4309 sed
3222 4254 3439 4323 collega:
3470 4266 3591 4305 mo-

336 4359 563 4429 privaus
630 4359 818 4428 itaque
889 4357 1213 4413 catholicam
1272 4355 1576 4411 Ecclesiam
1638 4358 1911 4427 inculpata
1946 4354 2203 4420 Dnachi,
2268 4368 2332 4407 ac
2389 4349 2704 4420 hegumeni,
2744 4351 2878 4417 ipsae
2923 4346 3088 4402 etiam
3141 4344 3484 4405 diaconissze,
3538 4351 3595 4397 et

337 4452 663 4520 sinceraque
696 4450 966 4515 doctrina,
1000 4451 1226 4504 minime
1266 4450 1475 4518 absque
1523 4449 1713 4503 dolore
1746 4450 1910 4504 vitam

338 4542 634 4613 transiges,
652 4542 766 4598 sive
786 4558 891 4597 non
912 4543 1134 4611 impune
1158 4542 1318 4597 feres.
1355 4561 1373 4592 ι
1401 4540 1551 4596 Hanc
1571 4552 1749 4595 tamen
1782 4558 1918 4612 prae-

339 4636 527 4705 posuit
552 4634 649 4702 illi,
672 4650 835 4705 quam
855 4635 1089 4703 primunt
1122 4634 1306 4689 datam
1337 4634 1403 4688 ad
1431 4635 1683 4688 eumdem
1717 4649 1917 4688 censeo

342 4744 374 4783 a
405 4729 551 4795 Nilo,
611 4740 738 4780 cum
766 4726 943 4780 adhuc
982 4726 1028 4779 is
1075 4735 1221 4780 esset
1255 4724 1543 4795 prwfcctus
1571 4766 1587 4787 ,
1652 4726 1917 4779 Possinus

343 4820 536 4876 ambas
579 4818 948 4889 coniungens,
983 4817 1075 4871 sed
1110 4818 1342 4873 Allatius
1369 4818 1633 4886 disjunxit
1662 4818 1916 4887 primam,

344 4916 511 4977 lib.n,
534 4930 590 4967 ιι.
607 4912 733 4977 265,
758 4911 1052 4982 praeferens
1074 4912 1318 4980 istijure,
1339 4913 1413 4965 uti
1435 4912 1687 4979 superius
1708 4911 1918 4973 monui,

344 5025 400 5077 ιι.
443 5007 569 5069 655,
601 5007 705 5059 647
736 5016 788 5059 ct
818 5006 945 5066 651,
983 5016 1035 5057 et
1066 5005 1232 5072 Ιιιιιιυι
1261 5020 1291 5057 e
1317 5014 1597 5057 contextu.
1632 5002 1744 5056 [lac
1775 5020 1918 5073 quo-

346 5114 454 5169 que
486 5098 642 5151 Nilus
667 5105 1047 5151 consummata
1064 5096 1175 5163 jam
1199 5093 1426 5149 Joannis
1451 5094 1629 5149 exsilii
1652 5096 1921 5148 sententia

346 5190 642 5245 Arcadium
671 5194 1050 5258 imperatorem
1086 5188 1404 5241 hortabatur
1424 5187 1491 5240 ad
1523 5188 1920 5256 paenitentiam,

350 5300 514 5354 quam
548 5285 663 5353 ipse
686 5284 737 5337 in
766 5281 1117 5337 solitudinem
1148 5272 1471 5349 progressus
1498 5279 1925 5348 amplectebatur

349 5392 475 5432 cum
510 5391 676 5430 uxore
723 5391 787 5429 ac
817 5374 963 5438 liliis,
988 5373 1278 5441 deplorans
1339 5381 1500 5442 atque
1539 5372 1730 5441 lugens
1761 5370 1925 5426 itera-

356 5478 467 5520 tum
504 5468 675 5521 sancti
708 5465 935 5520 Joannis
977 5465 1256 5529 exsilium,
1304 5474 1357 5518 et
1400 5464 1639 5518 minatus
1685 5462 1923 5517 divinam

355 5558 674 5618 vindictam,
711 5573 830 5624 quae
861 5555 1092 5611 Arcadio
1119 5556 1337 5610 dolores
1358 5554 1622 5624 inﬂigeret
1648 5556 1884 5609 acriores
1910 5573 1922 5607 :

346 5650 541 5705 amisit
596 5650 742 5703 eiiim
799 5649 1051 5705 dilectam
1115 5648 1277 5704 nimis
1326 5646 1648 5715 Augustam,
1701 5656 1752 5703 et
1802 5661 1924 5701 mox

2022 4443 2200 4499 omnis
2231 4456 2419 4504 sexus,
2452 4451 2908 4509 quarumcunque
2953 4436 3179 4496 artium,
3204 4431 3385 4486 omnis
3419 4429 3594 4484 aetatis

2024 4535 2275 4590 homines
2320 4534 2467 4586 velut
2510 4529 2793 4599 cujusdam
2849 4525 3173 4589 Averrunci,
3224 4534 3280 4578 et
3321 4521 3594 4577 Alexicaci

2022 4634 2422 4684 consueverant
2457 4623 2770 4692 implorare,
2801 4620 2930 4688 quin
2964 4618 3255 4672 salutarem
3304 4615 3451 4667 illam
3493 4628 3592 4667 ex-

2020 4721 2388 4792 periebantur.

2091 4808 2432 4878 Conscripsit
2481 4806 2648 4877 igitur
2693 4792 2954 4872 opuscula
2991 4799 3310 4883 complura,
3361 4811 3591 4862 quorum

2024 4904 2259 4959 Iudicem
2294 4912 2450 4955 antea
2485 4898 2765 4961 contexui,
2807 4904 2861 4950 et
2891 4895 2934 4948 si
2968 4894 3156 4947 liceret
3185 4888 3598 4958 chronologiain

2023 5010 2214 5049 corum
2261 5002 2540 5061 utcunque
2586 4999 2911 5051 attexerem;
2957 4984 3153 5053 opinor
3197 4982 3398 5051 quippe
3442 4995 3599 5034 com-

2027 5090 2234 5160 positos
2282 5088 2334 5141 in
2380 5084 2567 5154 primis
2594 5082 2830 5136 fusiores
2885 5087 3052 5146 atque
3078 5075 3369 5144 ampliores
3395 5082 3599 5127 tracta-

2025 5192 2144 5243 tus;
2178 5177 2374 5234 deinde
2415 5175 2735 5231 sententias,
2769 5181 2931 5240 atque
2969 5168 3217 5235 Γνώμας,
3264 5176 3319 5221 et
3350 5164 3600 5234 Capitula

2028 5272 2173 5326 velut
2205 5270 2335 5323 olim
2372 5267 2517 5334 Ἔπη
2551 5264 2893 5334 Pythagorae,
2922 5261 3035 5315 sive
3058 5257 3391 5328 Phocylidis,
3432 5271 3464 5309 e
3510 5251 3598 5307 Si-

2028 5365 2247 5437 b}lliuis
2274 5364 2559 5429 desumpta
2601 5356 2958 5412 carminibus.
3011 5354 3214 5408 Suidze.
3272 5351 3413 5407 Ulim
3453 5349 3600 5418 apud

2029 5459 2253 5513 Latinos
2324 5454 2529 5509 dictum
2597 5451 2700 5505 fuit
2762 5448 3072 5518 Capitulare
3137 5441 3473 5512 Theodulphi
3531 5454 3599 5494 ex

2030 5551 2225 5605 abbate
2266 5544 2602 5601 Floriacensi
2627 5542 2868 5613 episcopi
2904 5537 3315 5595 Aurelianensis
3342 5534 3598 5604 cpistola.

2030 5659 2152 5712 qua:
2188 5640 2527 5711 capitulatim
2554 5644 2839 5706 concepta,
2883 5643 2935 5688 et
2983 5632 3239 5688 distincta
3272 5631 3323 5684 iu
3354 5626 3422 5682 46
3451 5622 3607 5695 capi—
