3816 6220
294 198 428 261 1423

1033 197 1178 257 JOS.
1214 197 1475 257 MARI/E
1515 196 1875 258 SUARESII
1914 198 2146 258 LIBER
2182 196 2812 258 CHRONOLOGICUS

3413 192 3565 258 1424

289 309 399 363 tula
438 306 780 376 disciplinam
844 308 1272 362 ecclesiasticam
1320 309 1583 363 continet.
1646 308 1854 364 Floruit
1881 316 1927 369 Α
1956 311 2225 370 cionibus.
2273 318 2327 363 et
2372 308 2832 371 accusationibus,
2874 305 3230 360 invehebatur
3267 308 3568 366 exsultans

290 401 380 455 ille
410 415 556 453 anno
588 398 792 454 Christi
837 398 903 453 N.
950 398 1075 455 855.
1108 398 1184 453 Ita
1217 399 1527 469 Capitulare
1565 401 1744 455 Caroli
1789 400 1859 454 M.

288 493 577 547 collectum
638 493 707 546 ab
744 492 1012 560 Ansegiso
1058 493 1254 547 abbate
1293 492 1623 548 Laubicnsis
1663 509 1860 549 mona-

288 583 443 638 sterii
463 584 916 639 Cameracensem
951 586 1092 638 intra
1116 584 1419 647 diwcesim,
1450 584 1501 637 in
1529 600 1637 654 quo
1658 594 1861 641 statuta

286 675 566 730 variarum
596 676 931 746 synodorum
985 685 1038 730 et
1080 685 1445 730 conventuum
1466 716 1482 741 ,
1509 686 1565 733 et
1591 677 1862 733 constitu-

284 766 462 821 tiones
492 773 605 821 tam
644 765 823 821 Caroli
876 764 1056 836 Magni
1084 781 1247 836 quam
1270 765 1535 822 Ludovici
1562 766 1735 834 Pii,et
1756 767 1863 824 Lo-

288 855 445 909 tharii
465 854 701 919 concise,
723 854 1019 925 paucisque
1034 855 1213 910 verbis
1234 856 1633 924 exprimuntur,
1659 870 1859 925 conge-

285 956 428 1001 stum
480 955 561 1001 est
609 946 662 1001 in
697 958 931 1017 quatuor
970 946 1172 1013 libros;
1199 946 1266 1000 ad
1289 962 1490 1001 annum
1518 948 1655 1017 5775,
1687 947 1858 1003 collo-

284 1048 441 1092 catur
470 1039 559 1094 bic
586 1039 905 1109 Ansegisus.
932 1037 1086 1108 Apud
1103 1038 1321 1093 Graecos
1350 1038 1639 1108 Κεφάλαια
1668 1053 1855 1096 vocata

284 1130 503 1185 fuerunt
540 1131 840 1184 hortatoria
881 1130 1180 1199 Carpathii,
1234 1146 1342 1185 non
1385 1131 1524 1200 ejus,
1576 1132 1664 1186 cui
1715 1148 1854 1202 prae-

285 1232 483 1271 nomen
518 1216 621 1271 fuit
654 1216 833 1283 Philo,
869 1219 922 1271 in
961 1219 1137 1274 insula
1163 1222 1330 1275 maris
1358 1220 1635 1290 Carpathii
1664 1237 1855 1277 versus

283 1309 601 1380 Egyptum,
638 1310 779 1365 inter
811 1310 1052 1376 Cretam,
1083 1311 1441 1383 Rhodumque
1478 1314 1713 1369 ordinati
1737 1316 1855 1385 epi-

283 1406 432 1474 scopi
468 1420 498 1458 a
539 1414 727 1460 sancto
758 1405 956 1461 Basilio
984 1409 1050 1462 ad
1085 1423 1215 1461 ann.
1242 1408 1305 1465 C.
1340 1410 1477 1477 574;
1509 1411 1603 1466 sed
1629 1409 1855 1468 Joannis

281 1496 558 1566 Carpathii
572 1498 727 1567 cujus
744 1500 947 1568 legerat
968 1499 1121 1555 Nilus
1142 1503 1208 1556 ad
1223 1504 1521 1558 monachos
1538 1502 1701 1559 Indiae
1717 1520 1855 1575 prae-

283 1598 459 1656 cepta,
476 1603 506 1641 e
524 1589 737 1654 Photio,
757 1606 787 1644 e
805 1589 970 1645 Sexto
989 1591 1247 1659 Senensi;
1272 1593 1328 1647 S.
1344 1593 1561 1648 Maximi
1579 1594 1854 1651 confesso-

281 1675 359 1730 ris
390 1676 459 1731 ad
478 1691 569 1730 an.
592 1678 725 1743 650;
747 1680 1161 1736 Marcieremitae
1180 1657 1323 1737 anno
1343 1683 1467 1748 906,
1495 1692 1549 1739 et
1573 1687 1852 1753 monachi,
1883 1657 1927 1712 Β

282 1766 441 1834 cujus
472 1783 577 1823 ms.
604 1768 741 1823 liber
778 1772 1092 1825 inscribitur
1131 1773 1361 1826 Illuttum
1407 1774 1703 1829 desiderato
1742 1777 1855 1845 ﬁlio

284 1857 444 1923 Nico,
477 1870 714 1930 suntque
743 1862 932 1931 viginti
964 1865 1139 1933 capita
1171 1865 1358 1919 eodem
1391 1866 1443 1919 in
1474 1880 1796 1936 argumento
1826 1885 1856 1924 e

282 1951 446 2021 695
486 1953 713 2018 Photio;
743 1954 998 2009 Diadoebi
1036 1957 1275 2025 episcopi
1321 1956 1571 2013 Photices
1606 1960 1658 2013 in
1690 1959 1855 2029 Epiro

284 2055 467 2100 vetere
500 2046 640 2101 intra
662 2046 935 2118 Illyricum
962 2051 1248 2116 Κεφάλαια
1282 2060 1523 2117 centum,
1550 2068 1668 2120 qua:
1690 2052 1743 2106 in
1765 2053 1855 2107 Bi-

287 2135 553 2193 bliotheca
571 2140 792 2193 Patrum
822 2151 1058 2203 exstant,
1091 2143 1289 2212 illeque
1334 2142 1517 2198 floruit
1549 2145 1614 2199 ad
1648 2161 1851 2200 annum

286 2228 420 2295 590;
451 2228 633 2285 Basilii
655 2231 831 2301 Magni
865 2234 1135 2299 Ascctica,
1169 2251 1291 2305 quae
1335 2247 1513 2291 tamen
1548 2238 1856 2293 tribuuntur

286 2320 581 2375 Eustacbio
602 2322 904 2379 Sebasteno
925 2325 1283 2391 Qumstiones,
1316 2343 1510 2398 nempe
1533 2331 1857 2398 compendio

284 2412 605 2479 explicatae:
639 2424 767 2468 sunt
801 2417 941 2468 enim
973 2416 1026 2469 in
1076 2417 1161 2471 his
1188 2421 1533 2487 expurganda
1572 2422 1853 2485 nonnulla,

288 2521 409 2572 qua;
452 2515 602 2560 notat
634 2508 925 2562 cardinalis
976 2508 1341 2565 Bellarminus
1386 2513 1477 2565 lib.
1536 2512 1608 2566 De
1657 2513 1853 2576 Script.

283 2598 569 2652 ecclesiast.
604 2600 669 2652 ad
704 2615 906 2653 annum
940 2600 1072 2663 5'70;
1116 2600 1446 2657 Parainetica
1485 2603 1732 2659 Dorothci
1767 2622 1858 2659 ar-

284 2689 676 2753 chimandritas,
721 2692 812 2759 qui
848 2692 992 2745 circa
1010 2692 1111 2745 560
1144 2709 1345 2747 annum
1380 2696 1549 2758 vixit;
1589 2695 1857 2750 Theodori

281 2781 520 2850 episcopi
561 2780 796 2835 Sabaitre
821 2782 886 2835 ad
916 2797 1116 2837 annum
1150 2784 1252 2838 552
1277 2802 1291 2851 ;
1318 2784 1587 2841 Theodori
1618 2788 1857 2857 episcopi

283 2868 501 2924 Edessa:
526 2871 813 2937 Practica;
854 2872 1007 2927 Isaia;
1044 2874 1278 2938 abbatis,
1304 2875 1529 2945 Agapeti
1578 2878 1642 2929 ad
1685 2876 1857 2931 Justi-

282 2961 507 3014 nianum
548 2961 956 3031 imperatorem,
1001 2964 1175 3020 Patris
1225 2967 1544 3030 Ammonaa,
1581 2969 1711 3037 Cap.
1757 2970 1852 3036 l7;

282 3049 525 3116 Macarii,
552 3068 647 3108 seu
684 3053 869 3123 magni
896 3054 1235 3124 seniorisque
1272 3055 1339 3110 ad
1372 3071 1574 3110 annum
1606 3058 1743 3123 540;
1776 3060 1851 3112 iu-

283 3159 450 3213 super
488 3144 778 3214 Κεφάλαια
828 3148 1109 3217 πρακτικὰ
1139 3146 1395 3218 Hesychii
1432 3149 1752 3219 presbyteri.
1790 3166 1854 3204 ac

280 3249 467 3304 postea
516 3238 755 3307 episcopi
800 3237 1308 3310 Hierosolymitani,
1354 3242 1419 3296 ad
1462 3257 1666 3297 annum
1708 3244 1853 3309 60l;

282 3328 550 3385 Pbilothei
612 3331 866 3386 monachi
911 3334 1227 3387 monasterii
1272 3334 1573 3405 ὑπεραγὶας
1592 3336 1853 3390 Θεοτόκου

279 3422 337 3473 ἐν
362 3420 491 3490 Σινᾷ
520 3419 615 3472 τοῦ
670 3421 834 3489 βάτου
868 3422 1155 3491 Κεφάλαια
1185 3424 1286 3491 58;
1324 3424 1494 3481 lsaaci
1543 3427 1686 3498 Syri.
1722 3428 1853 3484 Item

200 3507 204 3511 ’
279 3526 309 3563 c
346 3510 612 3580 Capitulis
639 3511 865 3569 Joannis
895 3527 1091 3569 ascetze
1120 3516 1351 3582 fructus,
1388 3518 1481 3586 qui
1508 3528 1763 3575 auctores
1795 3520 1850 3574 in

278 3603 562 3658 codicibus
598 3603 701 3658 BB.
738 3604 840 3658 BB.
868 3615 922 3659 et
946 3606 1071 3669 250,
1107 3609 1540 3677 comperiuntur,
1572 3611 1656 3663 vel
1680 3611 1734 3664 in
1761 3610 1853 3664 Bi-

278 3695 545 3750 bliotheca
576 3696 795 3750 Patrum
827 3697 1031 3759 Grmce,
1063 3698 1381 3769 Latineque,
1404 3716 1510 3769 qua
1532 3703 1738 3756 exarati
1760 3718 1852 3756 ca-

280 3789 441 3849 lamo,
465 3804 570 3857 qua
598 3788 741 3858 typis
757 3788 912 3855 editi,
942 3799 995 3843 et
1026 3792 1269 3859 Capitula
1302 3793 1403 3847 ista
1427 3791 1607 3847 forsan
1639 3794 1707 3847 ab
1731 3795 1852 3848 aliis

278 3887 531 3947 excerpta
564 3879 869 3935 iueruntex
910 3883 1267 3950 amplioribus
1289 3885 1637 3951 tractatibus,
1672 3887 1850 3939 homi-

278 3970 454 4033 liis,et
470 3972 770 4035 sententiis,
796 3974 1187 4043 responsisque
1216 3974 1283 4029 ad
1308 3976 1605 4047 ἐρωτήσεις
1628 3977 1847 4033 Patrum

279 4064 520 4126 illorum,
584 4065 662 4118 uti
700 4066 945 4133 Capitula
983 4067 1198 4121 diversa
1241 4068 1580 4123 diversorum
1626 4068 1848 4124 Patrum

277 4156 440 4209 simul
485 4158 867 4210 consarcinata
907 4166 960 4211 et
1009 4168 1365 4223 coacervata,
1418 4176 1650 4229 quorum
1692 4178 1853 4216 exor-

276 4247 423 4299 dium
456 4257 538 4300 est
563 4266 574 4300 :
600 4246 792 4301 Beatus
824 4248 1157 4318 Epiphanius
1199 4252 1369 4317 dixit;
1394 4263 1447 4305 et
1491 4253 1544 4305 in
1579 4252 1716 4309 Vitis
1747 4253 1851 4308 Pa-

1964 399 2332 469 potissimum.
2386 397 2457 451 At
2496 395 2647 450 Nilus
2689 397 2830 466 style
2866 394 3123 448 utebatur
3165 396 3370 461 aulico,
3400 397 3569 452 ideo-

1962 505 2069 560 que
2103 491 2269 544 dictio
2297 488 2403 543 Nili
2426 491 2736 559 castigatior
2757 496 2860 543 est.
2899 486 3262 543 Nihilominus
3296 498 3570 545 sanctum

1960 581 2223 637 Joannem
2259 580 2503 634 imitatur
2527 581 2579 634 in
2604 579 2892 634 Peristeria
2921 586 2976 633 et
3026 579 3080 632 in
3108 579 3374 633 vitiorum
3407 580 3571 635 inse-

1962 676 2225 738 ctatione,
2251 674 2501 729 eruditus
2533 672 2703 743 ipsius
2724 671 2922 738 λόγοις,
2956 671 3007 724 id
3033 679 3135 736 est,
3174 672 3569 734 sermonibus,

1961 781 2103 837 quos
2151 781 2317 835 penes
2343 780 2403 819 se
2436 766 2785 834 praescriptos
2834 763 3099 829 habebat,
3154 772 3213 816 ut
3272 764 3453 833 liquet
3491 779 3571 817 ex

1961 860 2120 930 epist.
2165 858 2293 920 295,
2333 858 2427 911 lib.
2484 874 2543 915 υ,
2603 855 2684 907 Ad
2710 854 3039 907 Zenodorum
3079 855 3363 919 decanum,
3402 864 3461 908 et
3492 871 3571 910 ex

1958 954 2118 1020 epist.
2150 952 2238 1017 15,
2266 950 2361 1003 lib.
2390 964 2473 1013 Ill,
2503 948 2572 999 ad
2598 947 2837 1000 Hierium
2869 948 3257 1015 presbyterum;
3286 948 3340 1001 in
3374 948 3569 1016 prima

1958 1044 2025 1098 de
2057 1043 2259 1098 Christi
2283 1040 2499 1095 Domini
2534 1040 2827 1108 baptismo,
2860 1040 3033 1107 deque
3063 1037 3267 1107 Spiritu
3312 1048 3565 1102 sancto;

1958 1134 2012 1187 in
2058 1132 2293 1188 secunda
2311 1133 2377 1186 de
2405 1129 2562 1195 Jobo,
2585 1144 2649 1183 ex
2680 1129 2785 1181 illis
2817 1142 3092 1197 promens,
3119 1129 3252 1197 agit.
3291 1127 3542 1181 Arctissi

1957 1239 2046 1278 ma
2093 1221 2520 1285 consuetudine,
2559 1217 2823 1272 charitate
2871 1218 3253 1271 ardentissima
3310 1217 3567 1271 devincti

1955 1323 2113 1369 erant
2142 1312 2318 1367 sancti
2369 1309 2605 1364 Joannes
2643 1316 2698 1361 et
2733 1305 2921 1371 Nilus;
2964 1307 3108 1361 unde
3142 1305 3301 1361 Nilus
3331 1308 3569 1377 egregie

1958 1414 2137 1460 tuetur
2159 1404 2333 1473 ipsum
2346 1416 2415 1465 ,et
2439 1399 2702 1455 Joannem
2718 1399 3029 1469 episcopum
3046 1398 3570 1468 Constantinopoli-

1954 1510 2141 1558 tanum
2187 1492 2441 1563 θεοφόρον
2483 1491 2673 1561 ἄνδρα,
2730 1505 2892 1559 quem
2929 1489 3229 1545 Sosthenes
3259 1490 3567 1550 Commen-

1954 1585 2206 1641 tariensis
2238 1584 2491 1653 culpabat
2522 1582 2599 1645 ὡς
2635 1581 2869 1652 ὀργίλον,
2929 1590 3061 1647 etc.,
3102 1590 3163 1635 ut
3197 1581 3561 1644 iracundum,

1955 1677 2256 1748 epist.509,
2286 1678 2376 1729 lib.
2410 1692 2445 1740 ι,
2479 1674 2547 1729 ad
2584 1673 2834 1729 eumdem
2890 1672 3235 1736 Sosthenem,
3268 1683 3567 1741 comparat

1954 1768 2146 1824 Joanni
2179 1767 2430 1836 Baptistae
2453 1774 2615 1833 atque
2631 1764 2876 1831 Christo;
2902 1773 2962 1817 ut
2994 1764 3089 1817 lib.
3126 1779 3186 1826 ιι,
3228 1764 3392 1832 epist.
3428 1762 3562 1827 185,

1953 1877 2077 1917 eum
2097 1861 2357 1924 dilaudal,
2396 1870 2449 1912 et
2476 1858 2869 1913 carbunculum
2908 1854 3165 1912 Ecclesia:
3200 1856 3270 1909 ob
3291 1856 3564 1924 splendo-

1955 1970 2065 2008 rem
2096 1953 2309 2021 pietatis
2332 1952 2398 2005 ad
2427 1949 2696 2004 Valerium
2733 1948 3163 2014 Cubicularium,
3202 1946 3372 2017 696
3416 1955 3560 2010 etc.,

1954 2044 2171 2109 recitat;
2195 2052 2248 2097 et
2268 2044 2359 2097 lib.
2382 2059 2463 2107 ιιι,
2478 2042 2638 2111 epist.
2658 2041 2779 2106 199,
2804 2040 3054 2094 eumdem
3076 2048 3235 2093 vocat
3250 2037 3559 2104 Entheum,

1955 2144 2009 2190 et
2051 2150 2145 2189 eos
2189 2135 2283 2204 qui
2320 2136 2623 2203 Augustum
2674 2131 3069 2185 εὐλαϐέστατον
3113 2132 3209 2185 καὶ
3229 2129 3561 2184 ἁπλούστα-

1953 2244 2063 2290 τον,
2104 2226 2584 2298 benignissimum,
2610 2233 2664 2280 et
2685 2224 3175 2295 simplicissimum,
3194 2234 3255 2277 ut
3271 2232 3557 2277 extorrem

1955 2318 2159 2375 faceret
2196 2319 2554 2389 impulerunt,
2590 2334 2621 2373 a
2656 2319 2767 2374 Deo
2806 2319 3028 2389 punitos
3056 2334 3123 2372 ex
3163 2334 3357 2372 eorum
3416 2333 3557 2372 cou-

1956 2411 2193 2467 fessione
2228 2412 2533 2466 invidentes
2562 2412 2851 2480 episcopos
2876 2420 3066 2465 narrat
3094 2410 3299 2465 Severo
3336 2426 3553 2465 excon-

1951 2498 2081 2557 suli.
2118 2502 2279 2557 Certe
2304 2511 2553 2557 sanctum
2583 2501 2849 2556 Joannem
2877 2502 2998 2557 Nilo
3024 2518 3154 2557 suas
3181 2504 3348 2557 etiam
3376 2503 3554 2558 visio-

1958 2612 2053 2649 nes
2113 2604 2276 2663 atque
2316 2595 2673 2649 revelationes
2764 2596 3205 2650 communicasse
3252 2596 3430 2665 liquet
3480 2610 3549 2649 ex

1959 2685 2119 2754 epist.
2154 2685 2375 2754 subseq.
2428 2684 2553 2738 294.
2586 2686 2681 2739 lib.
2724 2702 2797 2747 ιι,
2848 2686 2902 2737 in
2948 2701 3057 2755 qua
3108 2686 3284 2755 ipsum
3329 2701 3555 2755 magna

1961 2776 2274 2848 Byzantina:
2315 2777 2740 2831 illuminatorem
2800 2776 3061 2831 Ecclesiae
3117 2778 3549 2841 admirabilem,

1962 2870 2073 2923 imo
2110 2872 2278 2924 totius
2324 2870 2473 2925 orbis
2508 2871 2777 2932 nominat,
2810 2870 3055 2925 scribens
3086 2870 3149 2925 ad
3182 2871 3549 2925 Anastasian

1962 2962 2317 3030 episcopum,
2355 2962 2565 3015 scilicet
2610 2972 2853 3031 tempore
2896 2963 3231 3016 sacrosancti
3282 2963 3547 3017 sacriﬁcii

1959 3054 2027 3107 ab
2058 3054 2251 3107 eodem
2286 3062 2479 3108 sancto
2520 3051 2732 3107 Joanne
2759 3053 2909 3108 visos
2939 3054 3163 3123 angelos
3196 3055 3371 3108 altare
3415 3068 3543 3109 cum

1959 3145 2311 3199 veneratione
2363 3144 2768 3200 circumeuntes
2817 3145 2871 3199 in
2902 3145 3067 3200 domo
3117 3145 3359 3209 Domini,
3417 3162 3543 3200 cum

1957 3236 2216 3305 inciperet
2239 3237 2594 3298 oblationem.
2616 3252 2791 3306 usque
2814 3237 2882 3292 ad
2909 3238 3151 3309 mysterii
3180 3253 3544 3292 consumma-

1956 3328 2180 3394 tionem,
2213 3329 2280 3383 de
2313 3345 2420 3399 qua
2450 3329 2678 3397 epistola
2698 3344 2859 3399 supra
2895 3330 3228 3385 mihisermo
3262 3330 3387 3391 fuit,
3416 3346 3541 3399 pag.

1955 3419 2081 3482 6'55,
2113 3429 2169 3475 et
2200 3421 2291 3475 ubi
2336 3437 2623 3489 operarum
2673 3423 2873 3475 mendo
2903 3422 3028 3486 591,
3074 3434 3395 3477 numeratur
3422 3439 3437 3485 ;
3466 3422 3542 3477 ibi

1954 3512 2259 3582 διορατικὸς
2286 3513 2569 3583 ὑπάρχων,
2598 3528 2706 3566 non
2729 3515 3081 3582 exponendus
3103 3524 3242 3579 erat,
3272 3531 3394 3567 cum
3425 3517 3545 3568 acie

1955 3604 2227 3657 oculorum
2284 3605 2512 3670 valeret;
2566 3605 2659 3659 sed
2724 3605 2906 3674 potius
2950 3622 3068 3658 cum
3124 3606 3178 3659 in
3217 3607 3335 3660 visu
3381 3608 3542 3675 foret,

1954 3698 2066 3753 sive
2090 3698 2389 3762 boramate,
2413 3698 2479 3751 de
2506 3712 2617 3766 quo
2637 3698 2823 3751 Actor.
2848 3713 2966 3766 cap.
2996 3713 3107 3762 xrv,
3128 3713 3176 3750 v.
3202 3698 3256 3761 ὁ,
3283 3708 3401 3753 etc.
3424 3715 3537 3762 xvi,

1953 3808 2004 3845 v.
2041 3793 2095 3857 9,
2127 3792 2531 3846 eruditissimus
2583 3791 2896 3846 Holstenius
2944 3792 2996 3844 in
3025 3789 3177 3845 Notis
3216 3793 3278 3845 ad
3321 3795 3539 3861 passio-

1952 3899 2074 3939 nem
2112 3884 2214 3939 SS.
2248 3884 2525 3953 Perpetuae
2560 3894 2614 3939 et
2649 3884 2945 3939 Felicitatis
2968 3899 3035 3937 ex
3064 3885 3295 3938 Alcuino
3337 3896 3392 3940 et
3431 3887 3541 3940 Ad-

1956 3978 2175 4041 helmo,
2214 3993 2266 4045 p.
2317 3977 2439 4039 152,
2487 3978 2693 4047 ὅραμα,
2755 3977 2967 4046 θέαμα,
3018 3976 3267 4043 δπτασις,
3318 3978 3535 4047 ὅρασις,

1954 4067 2090 4135 εἶδος
2126 4072 2449 4139 φαντασίας,
2496 4073 2618 4126 Οέα.
2661 4073 2893 4143 Hesych.
2940 4072 3279 4143 διορατικός,
3328 4075 3534 4141 perspi-

1956 4180 2073 4229 cax,
2102 4162 2457 4229 Damasceno,
2487 4172 2543 4218 et
2580 4165 2887 4218 Alexandro
2918 4162 3301 4233 'Apbrodisaao,
3333 4165 3535 4218 inscri—

1957 4256 2168 4325 ptiones
2203 4257 2480 4321 Romanis,
2505 4271 2569 4309 ex
2611 4256 2731 4311 viso
2762 4266 2815 4310 et
2856 4255 2996 4310 visu.
3032 4255 3185 4309 Nilus
3224 4254 3441 4323 quidem
3480 4257 3533 4310 in

279 4348 419 4391 trum
456 4339 656 4394 similia
689 4341 1061 4407 inveniuntur,
1093 4353 1145 4397 et
1163 4344 1518 4412 plurimorum
1554 4345 1842 4416 Synopsim
1876 4349 1921 4403 D
1948 4349 2234 4418 praeceptis
2263 4348 2629 4402 exundantem
2675 4348 2960 4403 coercebat
3007 4348 3398 4417 eloquentiam,
3439 4364 3535 4401 ca-

276 4430 437 4482 vertit
464 4446 494 4483 e
523 4427 712 4483 Grteco
746 4430 799 4484 in
846 4429 1100 4486 Latinum
1126 4433 1178 4486 in
1216 4432 1337 4488 Vita
1367 4435 1547 4490 Basilii
1579 4440 1847 4504 monachi,

274 4525 329 4571 et
360 4518 597 4588 prmfecti
634 4520 804 4574 lauraa
839 4519 1076 4585 Malcini,
1118 4523 1461 4587 asceticaque
1483 4524 1852 4596 Descriptione

274 4606 511 4664 Jacobus
543 4608 820 4666 Pontanus
848 4609 1137 4668 Societatis
1164 4612 1313 4668 Jesu.
1340 4614 1467 4669 Vide
1495 4615 1847 4673 Sirmundum

277 4698 330 4749 in
354 4696 505 4751 Notis
527 4698 592 4751 ad
625 4697 1060 4764 Theodulphum,
1095 4717 1217 4770 pag.
1260 4704 1385 4759 274.
1416 4703 1673 4760 Vcrsarat
1698 4708 1850 4760 diur-

278 4799 345 4835 na
372 4793 750 4855 nocturnaque
792 4801 958 4841 manu
1008 4790 1185 4855 Nilus,
1228 4800 1285 4847 et
1322 4794 1577 4848 diuturna
1620 4795 1849 4851 lectione

278 4874 504 4928 triverat
542 4875 715 4932 libros
739 4893 948 4945 sacros,
993 4879 1127 4936 adeo
1158 4888 1219 4935 ut
1241 4881 1364 4938 illos
1396 4884 1676 4940 imbibisse
1698 4885 1847 4941 vide-

274 4966 607 5033 retur,locos
634 4983 826 5023 eorum
848 4971 981 5027 scite
1003 4983 1166 5044 atque
1187 4974 1768 5045 appositelapplicabat,
1797 4986 1852 5033 et

274 5058 581 5125 exponebat
609 5062 893 5127 concinne,
913 5077 1080 5132 seque
1110 5065 1164 5118 in
1198 5065 1282 5119 his
1316 5066 1848 5135 exercitatissimum,

272 5158 328 5202 et
365 5165 682 5219 germanum
730 5154 904 5208 sancti
934 5154 1161 5212 Joannis
1202 5157 1574 5230 Chrysostomi
1604 5166 1848 5236 discipu-

276 5240 388 5294 lum
422 5244 749 5309 exhibebat;
785 5248 876 5303 sed
929 5252 1181 5319 quamvis
1230 5266 1412 5310 sumat
1454 5272 1553 5326 pro
1604 5269 1851 5328 tempore

274 5333 359 5386 vel
389 5338 612 5390 materia
629 5337 784 5396 Nilus
814 5341 1059 5397 diversos
1079 5345 1401 5414 eloquentia:
1433 5351 1633 5413 vultus,
1666 5360 1846 5407 tamen

278 5426 455 5495 ipsius
479 5431 718 5497 pressior
751 5441 833 5486 est
860 5448 1022 5501 quam
1054 5436 1226 5490 sancti
1257 5435 1483 5493 Joannis
1516 5441 1706 5510 stylus.
1740 5442 1848 5497 Do-

276 5528 397 5571 ctor
444 5522 645 5576 etenim
685 5526 775 5579 ille
814 5536 1037 5581 sanctus
1078 5529 1377 5585 Antiochia:
1407 5540 1566 5587 natus
1609 5534 1849 5590 Asiatica

276 5619 493 5669 tumens
518 5614 790 5685 facundia,
825 5628 879 5675 et
914 5631 1166 5680 assuetus
1194 5623 1397 5684 forensi
1431 5628 1600 5697 copiae
1631 5629 1683 5683 in
1716 5644 1849 5684 eon-

1953 4454 2061 4508 que
2108 4440 2467 4494 contrahebat
2505 4439 2559 4492 in
2599 4438 2873 4509 Capitula,
2905 4439 3050 4493 unde
3078 4454 3277 4492 nomen
3306 4439 3533 4493 sortitus

1951 4540 2055 4596 est,
2092 4530 2507 4600 Κεφαλαιώτου,
2545 4531 2743 4601 stylum
2764 4545 3039 4600 usurpans
3068 4531 3311 4594 brevem,
3342 4544 3406 4584 ac
3426 4530 3534 4583 im-

1950 4625 2291 4694 perativum,
2344 4624 2648 4693 Epictetum
2696 4625 2858 4679 etiam
2912 4623 3217 4685 adhibens,
3272 4637 3435 4693 quem
3479 4634 3534 4677 et

1950 4717 2275 4772 Christiana!
2314 4717 2521 4787 aptavit
2584 4715 2945 4785 philosophia:
2969 4755 2984 4779 ,
3048 4716 3533 4782 austeritatemque
3564 4784 3571 4805 Γ

1952 4803 2259 4857 Stoicorum
2285 4803 2563 4858 duriorem
2589 4803 2871 4857 emollivit.
2906 4802 2967 4857 In
2996 4803 3307 4872 Διητήματι
3351 4812 3533 4857 autem
3564 4802 3569 4872 ξ

1953 4896 2157 4949 laxavit
2191 4894 2340 4949 lrena
2381 4895 2700 4959 elocutioni,
2758 4894 3003 4948 serviens
3038 4893 3255 4947 all‘ectui
3303 4908 3425 4957 suo,
3463 4894 3531 4947 ab

1951 5001 2126 5055 eoque
2173 4995 2385 5056 raptus,
2422 4994 2587 5053 utque
2621 4985 2853 5054 legimus
2885 4986 2942 5039 in
2973 4983 3180 5039 Menam
3217 4984 3361 5055 prid.
3406 4975 3573 5041 ldus:7

1951 5076 2211 5131 Novemb.
2239 5096 2252 5130 :
2294 5076 2626 5148 Ἑθρήνησεν
2651 5076 2767 5129 υἱὸν
2797 5076 2963 5130 αὑτοῦ
2991 5076 3335 5146 αἰχμάλωτον
3374 5076 3531 5130 πλέον
3572 5084 3576 5091 ³

1950 5172 2045 5224 τοῦ
2087 5170 2442 5241 καθήκοντος,
2472 5169 2654 5234 καθὼς
2683 5171 2742 5224 ὲν
2784 5170 2864 5240 τῷ
2901 5170 3034 5241 παρ’
3063 5168 3229 5223 αὐτοῦ
3258 5170 3533 5223 συντεθέν-

1953 5283 2003 5317 τι
2031 5263 2324 5332 γράμματι
2359 5263 2659 5333 ἐμφέρεται
2684 5278 2698 5291 ’
2730 5262 2783 5315 id
2827 5270 2929 5327 est,
2970 5260 3136 5315 Luxit
3166 5261 3335 5331 [illum
3379 5276 3528 5313 suum

1952 5357 2240 5425 captivum,
2264 5356 2544 5424 plusquam
2571 5357 2839 5419 decuerat,
2866 5355 3355 5424 quemadmodnme
3373 5352 3525 5418 libro,

1953 5467 2103 5517 quem
2143 5451 2204 5503 de
2232 5451 2325 5503 illo
2357 5449 2673 5519 composuit,
2702 5449 2939 5517 eﬂ'ertur,
2976 5458 3025 5500 et
3054 5448 3278 5514 floribus
3309 5446 3526 5499 rhetori-

1954 5544 2027 5592 cis
2054 5542 2367 5610 purpuravit
2406 5543 2621 5611 phrases
2652 5556 2795 5593 suas.
2828 5538 2903 5593 Ita
2939 5539 2992 5591 in
3022 5537 3142 5593 Jobi
3164 5537 3300 5606 justi
3348 5537 3523 5590 verbis

1954 5632 2111 5686 multi
2136 5647 2199 5687 ea
2224 5648 2330 5687 non
2354 5631 2686 5701 intelligunt,
2705 5640 2756 5685 et
2776 5628 3021 5698 quaedam
3051 5628 3121 5681 ibi
3146 5627 3222 5681 sic
3235 5624 3521 5693 accipiunt,
