3816 6220
107 340 248 404 1425

1408 358 1507 417 DE
1547 359 1712 418 VITA
1768 362 1842 422 S..
1886 365 2074 427 NILI.

3204 361 3340 424 1426

98 453 256 521 quasi
292 454 495 525 aliquid
545 457 745 513 durum
791 461 989 519 dixerit
1034 465 1142 521 J‘ob
1186 467 1239 521 in
1286 468 1489 533 Deum,
1540 486 1679 541 quos
1708 476 1750 532 Α
1783 473 1942 530 mista
1974 492 2101 531 vero
2142 486 2290 544 sunt,
2344 487 2400 531 et
2440 472 2816 546 paraphrasim
2866 472 3036 529 solam
3092 473 3336 543 sapiunt;

100 545 304 601 refutat
337 558 559 605 sanctus
596 554 933 624 Augustinus
976 559 1030 613 in
1064 559 1415 616 Enarratione
1460 561 1668 617 Psalmi

99 652 216 702 cur,
271 655 325 709 p.
355 640 501 697 ‘39:
534 644 856 716 eloquentiae
890 665 1108 720 quoque
1152 654 1261 707 vim
1316 655 1571 724 expandit
1620 654 1675 709 in

99 729 441 803 Panegyrico
463 737 676 792 Albiani
705 739 926 808 Galatae,
961 746 1263 816 nutritique
1284 747 1536 818 Ancyrae,
1563 747 1677 803 for-

100 824 266 888 mosi,
300 833 356 878 et
382 827 518 881 casti
548 847 562 882 :
603 845 726 884 cum
766 832 834 886 ad
869 848 1024 889 sacra
1070 837 1367 892 ministeria
1394 849 1680 894 vocaretur

100 915 209 981 ille,
247 916 305 971 in
331 933 571 975 eremum
608 924 674 977 ad
715 938 953 983 montem
988 930 1263 1000 confugit;
1303 932 1404 985 sub
1450 931 1679 989 Leontio

101 1008 439 1080 presbytero,
483 1021 599 1067 tum
634 1015 910 1088 episcopo,
947 1020 1204 1076 lustravit
1229 1039 1384 1079 sacra
1404 1024 1519 1079 loca
1551 1025 1676 1080 Hie-

103 1101 419 1171 rosolymis,
466 1105 676 1175 jejunio
718 1112 950 1178 vacavit,
999 1123 1052 1167 et
1090 1115 1484 1184 praedicationi,
1523 1133 1680 1171 num-

103 1205 254 1244 mum
308 1190 544 1251 Caesaris
592 1212 701 1252 non
746 1210 908 1256 norat
957 1212 1011 1257 et
1057 1204 1113 1258 in
1160 1205 1349 1260 Nitriae
1381 1207 1679 1263 solitudine

104 1284 438 1341 obdormivit
465 1288 518 1343 in
560 1290 808 1348 Domino.
840 1294 991 1350 Hanc
1021 1297 1078 1351 in
1115 1313 1312 1367 genere
1339 1300 1678 1356 demonstra-

103 1374 214 1428 tivo
254 1376 623 1434 laudationem
667 1383 1079 1442 numerisNilus
1129 1390 1384 1447 omnibus
1445 1393 1681 1448 absolvit

103 1465 529 1535 elegantissime,
562 1486 724 1540 quam
767 1473 831 1527 ii.
884 1476 945 1530 P.
986 1475 1246 1536 Possinus
1283 1480 1473 1538 Latine
1520 1484 1681 1537 vertit

103 1565 154 1608 et
180 1556 377 1611 edidit.
412 1558 646 1616 Sanctus
672 1562 968 1631 Gregorius
995 1565 1373 1628 Nazianzenus
1400 1574 1678 1629 characte~

104 1657 217 1697 rem
271 1643 582 1705 Polemonis
632 1652 889 1722 50phistae
936 1656 1088 1713 visus
1132 1670 1215 1714 est
1248 1676 1559 1731 usurpasse,
1598 1664 1677 1718 uti

106 1745 333 1793 sanctus
378 1737 757 1813 Hieronymus,
823 1756 877 1801 et
930 1747 1287 1819 Sophronius,
1337 1754 1429 1808 lib.
1483 1754 1670 1809 Dcvir.

1780 578 1902 632 quae
1920 580 2049 620 vero
2074 566 2433 639 meditabatur
2469 566 2525 619 in
2545 554 2867 621 Psalterium
2889 563 3074 619 nescio
3112 579 3180 618 au
3216 579 3341 633 per-

1780 653 1989 719 fecerit,
2018 666 2071 712 et
2097 672 2284 713 eorum
2306 656 2509 727 aliquid
2540 655 2776 726 supersit
2816 654 2872 709 in
2910 670 3043 711 mss.
3085 653 3197 723 jam
3229 655 3343 708 lau-

1781 746 1924 802 datis
1956 746 2061 803 BB.
2085 748 2188 802 BB.
2221 750 2489 818 pracipue
2517 748 2585 801 72
2609 747 2814 811 codice,
2843 745 2933 799 ubi
2954 745 3105 799 Νειλ.
3139 754 3220 799 est
3246 740 3344 799 ad-

1781 845 2022 891 notatum
2046 839 2409 905 vocabulum;
2446 839 2501 893 in
2528 837 2632 892 Job
2665 839 2848 893 etiam.
2876 836 3080 905 Ingenii
3126 836 3345 906 quidem

1783 944 1922 984 vena
1947 946 2055 985 non
2094 946 2306 1001 semper
2335 932 2402 985 ad
2440 940 2627 985 votum
2654 928 2966 1000 respondet,
3012 944 3188 998 neque
3227 928 3346 983 fru»

1784 1029 1897 1076 slra
1919 1022 2139 1092 quidam
2167 1022 2481 1093 praedicant,
2509 1021 2658 1076 claro
2679 1020 2765 1075 die
2795 1021 3001 1087 nitere;
3038 1020 3242 1089 pluvio,
3285 1036 3347 1076 ac

1782 1112 2033 1167 substillo
2064 1113 2199 1168 illud
2244 1114 2550 1169 ﬂacescere.
2585 1111 2815 1167 Habitus
2860 1111 3105 1181 corporis
3138 1110 3349 1167 confert

1780 1205 1844 1258 ad
1880 1205 2303 1269 lucubrationes,
2328 1204 2470 1259 sicut
2501 1211 2556 1258 et
2581 1204 2747 1258 animi
2774 1222 2787 1258 :
2822 1212 3089 1274 mgrotans
3125 1217 3345 1271 corpus,

1778 1312 1921 1367 aeger
1952 1298 2168 1353 animus
2196 1298 2332 1354 nihil
2350 1313 2546 1352 sanum
2578 1296 2831 1367 pariunt;
2861 1293 3185 1365 proveniunt
3207 1293 3347 1349 fetus

1785 1390 1984 1444 mentis
2023 1391 2382 1460 pulchriores,
2425 1391 2517 1460 qui
2572 1391 2911 1445 deducuntur
2940 1396 2993 1443 et
3024 1398 3350 1459 promuntur

1782 1494 1845 1532 ex
1881 1480 1968 1533 illa
2002 1495 2213 1547 serena,
2240 1482 2348 1535 imo
2387 1490 2707 1552 quaeruntur
2739 1480 2806 1535 ad
2838 1494 2933 1535 eos
2962 1479 3349 1550 parturientlos

1779 1572 1887 1626 otia
1913 1581 1965 1627 et
1996 1588 2263 1630 secessus.
2294 1573 2423 1629 Hor.
2460 1594 2474 1628 :

1912 1688 2151 1746 Boeotum
2181 1692 2238 1745 in
2264 1707 2442 1745 crasso
2459 1690 2670 1760 jurares
2701 1707 2817 1744 aere
2846 1698 3049 1744 natum.

106 1824 276 1880 illast.
330 1829 785 1898 animadvertunt,
839 1835 964 1891 licet
1018 1838 1108 1893 isti
1160 1842 1358 1910 stylum
1425 1842 1677 1897 Isocratis

1778 1824 1990 1879 Caelum
2032 1825 2403 1892 mitissimum,
2436 1826 2666 1896 ejusque
2712 1824 3018 1889 clementia,
3058 1833 3110 1879 et
3145 1832 3349 1890 tempe-

105 1931 165 1971 ac
204 1918 447 1989 ήδύτητα
494 1919 757 1981 Erasmus
805 1926 895 1981 ille
940 1940 1227 1999 su3pectus
1279 1933 1499 1988 criticus
1524 1935 1679 1990 aliin-

104 2018 209 2077 gat,
240 2010 478 2068 Basilius
524 2015 780 2084 exprimit
808 2016 1245 2088 Demosthenem,
1295 2023 1411 2078 sive
1466 2024 1681 2099 Thucy-

104 2099 325 2165 didem,
376 2112 431 2156 et
486 2104 577 2157 alii
629 2104 816 2163 Patres
862 2109 1058 2164 imitati
1118 2121 1244 2166 sunt
1292 2113 1428 2169 alios
1474 2116 1693 2185 priores.

104 2201 372 2259 oratores,
421 2195 503 2249 vel
543 2196 859 2255 historicos.
921 2200 1151 2256 Flaccus
1190 2203 1417 2260 Albinus
1454 2207 1536 2262 vel
1591 2205 1683 2262 Al-

106 2284 303 2338 cuinus
355 2285 555 2353 abbas,
592 2288 773 2344 Caroli
821 2291 890 2345 M.
945 2294 1265 2363 deliciosus,
1314 2297 1368 2351 id
1415 2309 1497 2353 est
1549 2300 1684 2355 dile-

105 2381 248 2440 ctus,
293 2386 365 2444 et,
399 2387 458 2432 ut
487 2379 677 2435 volunt
723 2382 910 2453 aliqui,
960 2385 1343 2447 auricularius.
1374 2389 1427 2442 id
1478 2399 1581 2455 est,
1613 2390 1683 2444 ab

102 2466 268 2537 697
292 2470 511 2527 areanis
535 2472 984 2542 confessionibus,
1006 2477 1223 2549 reliquit
1244 2480 1383 2534 inter
1403 2496 1563 2550 opera
1585 2498 1684 2538 sua

106 2556 293 2613 Caroli
312 2558 490 2632 Magni
508 2579 851 2634 responsum,
880 2566 934 2621 in
947 2582 1057 2638 quo
1083 2584 1240 2625 sensa
1259 2571 1343 2624 ille
1361 2587 1457 2627 sua
1476 2572 1681 2641 patefa-

103 2650 175 2703 cit
208 2666 467 2709 sermone
494 2658 785 2724 comatico,
810 2658 925 2713 sive
944 2662 1300 2731 χρωματικῷ,
1332 2664 1381 2716 id
1415 2675 1516 2729 est,
1543 2665 1680 2734 ligu-

102 2748 245 2805 rato,
275 2741 390 2797 sive
417 2744 756 2815 κοσμητικῷ,
778 2747 829 2800 id
872 2756 973 2813 est,
1011 2750 1292 2814 adornato,
1334 2762 1452 2822 post
1479 2754 1571 2808 lib.
1603 2754 1683 2809 De

102 2830 270 2885 divin.
302 2832 461 2903 Ofﬁc.
494 2852 546 2904 p.
579 2837 670 2891 84.
710 2836 767 2891 In
808 2837 1175 2897 Concionibus
1195 2843 1460 2913 ejusmodi
1501 2855 1582 2900 est
1617 2862 1681 2901 ea

102 2922 170 2977 de
192 2922 390 2993 gladiis
411 2926 643 2993 duobus,
672 2943 835 2997 quam
890 2928 1075 2985 Graace
1111 2930 1411 3003 Latineque
1452 2937 1678 3006 praebui,

104 3022 155 3067 et
179 3014 287 3068 illae
320 3013 440 3069 duae
477 3016 543 3070 de
576 3016 861 3082 Paschate,
894 3021 979 3075 vel
1013 3021 1429 3079 Hesurrcctione
1454 3026 1679 3093 Christi,

103 3118 337 3173 quorum
365 3102 691 3172 Epitomem,
728 3107 810 3160 vel
837 3106 1134 3177 fragmenta
1176 3110 1403 3165 inseruit
1431 3127 1531 3167 suo
1559 3115 1678 3167 Μυ-

1780 1916 1887 1972 ries
1936 1919 2227 1988 plurimum
2282 1919 2425 1973 valet
2477 1919 2543 1972 ad
2603 1928 2853 1972 ornatum
2906 1916 3062 1987 styli,
3111 1924 3165 1969 et
3214 1930 3348 1984 qua—

1780 2006 1847 2071 si,
1877 2016 1934 2061 ut
1956 2008 2027 2063 ita
2049 2009 2264 2080 loquar,
2298 2009 2364 2064 ad
2384 2008 2638 2065 dictionis
2664 2007 2954 2080 ήδύχρουν,
2975 2007 3028 2062 id
3058 2006 3347 2075 est,hedy-

1783 2100 2000 2163 chrum,
2025 2108 2109 2155 est
2138 2101 2266 2156 illud
2295 2111 2653 2170 unguentum,
2675 2100 2819 2170 quod
2849 2099 3039 2153 illitum
3073 2097 3228 2152 faciei
3259 2113 3349 2152 so-

1779 2190 1853 2244 let
1884 2190 2144 2245 inducere
2184 2191 2508 2245 suavitatem
2534 2190 2738 2256 odoris,
2793 2202 2847 2244 et
2884 2190 3155 2255 laevitatis,
3189 2188 3346 2242 Cice-

1781 2296 1913 2336 rone
1944 2290 2113 2346 teste,
2147 2282 2240 2337 lib.
2292 2299 2353 2337 nr
2383 2282 2677 2337 Tusculan.
2721 2297 2770 2337 c.
2800 2281 2889 2337 46.
2942 2281 3127 2350 Itaque
3162 2279 3347 2337 varius

1781 2382 1864 2430 est
1890 2374 1980 2430 ille
2026 2374 2078 2429 in
2110 2374 2227 2444 ejus
2254 2374 2512 2446 Epistolis
2541 2391 2639 2445 pro
2681 2376 2925 2431 locorum
2949 2414 2967 2442 ,
2996 2373 3345 2439 valetudinis,

1781 2482 2027 2532 casuum,
2064 2475 2117 2520 et
2146 2477 2449 2538 temporum
2478 2468 2798 2536 ditl‘erentia,
2837 2475 2892 2523 et
2921 2466 3059 2521 forte
3086 2481 3346 2520 nonnun-

1780 2574 1965 2627 quam,
1998 2560 2076 2614 uti
2096 2560 2347 2625 Roscius,
2378 2563 2597 2616 crudior
2643 2561 2762 2625 fuit.
2792 2560 2905 2617 Cic.
2938 2560 3032 2615 lib.
3095 2558 3173 2613 De
3205 2566 3341 2612 ornt.

1781 2666 1901 2721 cap.
1959 2652 2081 2705 124.
2135 2651 2421 2709 Liberatus
2469 2654 2634 2723 igitur
2673 2652 2969 2723 agitatione
3021 2652 3259 2715 mentis,
3295 2660 3349 2704 et

1780 2741 1948 2795 animi
1986 2743 2243 2802 motibus.
2278 2753 2440 2814 atque
2470 2745 2788 2814 passionum
2808 2743 3051 2809 aestibus,
3083 2750 3138 2796 et
3165 2739 3346 2795 ﬂucti-

1780 2834 1885 2889 bus
1909 2835 2136 2891 undosis
2160 2836 2328 2906 698
2352 2837 2635 2907 expeditus
2666 2835 2842 2900 Nilus,
2882 2843 3217 2906 tempestate.
3240 2849 3347 2903 qua

1777 2925 2013 2995 jactatus
2043 2925 2240 2993 fuerat,
2271 2928 2480 2994 sedata,
2515 2937 2834 2998 recuperato
2874 2943 2999 2984 cum
3030 2927 3140 2981 tilio
3171 2925 3349 2979 Theo-

1782 3017 1933 3082 dulo,
1967 3033 2027 3073 se
2065 3019 2269 3089 recepit
2315 3020 2374 3074 in
2413 3027 2632 3089 portum
2684 3018 2910 3089 quietis,
2966 3019 3020 3071 in
3071 3016 3347 3071 alcedonia

1784 3122 1902 3173 sua,
1949 3109 2039 3162 ubi
2064 3110 2293 3179 adeptus
2339 3110 2625 3180 εὐθυμίαν,
2672 3126 2765 3165 seu
2813 3108 3277 3179 tranquillitatem,
3319 3123 3349 3161 e

106 3171 369 3267 ριοσίὸλῳ
392 3171 640 3261 Photius,
668 3198 788 3252 cod.
817 3171 997 3263 276:a
1019 3202 1261 3257 selectas
1292 3217 1385 3257 eas
1402 3204 1676 3271 referens;
1704 3171 1747 3228 C
1784 3171 1989 3255 Sen-cca
2020 3217 2071 3256 ο.
2112 3171 2183 3267 2,-
2204 3202 2271 3257 ad
2326 3171 2621 3264 Severum.
2655 3202 2732 3255 De
2772 3202 2894 3256 vita?
2944 3171 3345 3271 tranquillitate.

102 3303 377 3358 purpuras
394 3288 593 3359 eloquii
614 3290 696 3345 sui
719 3291 977 3360 explicuit
1005 3294 1262 3349 resolutis
1284 3305 1504 3366 turgens
1522 3297 1679 3365 νιφά-

102 3380 275 3441 δεσσι,
318 3379 694 3452 elferbuitque,
746 3384 824 3438 uti
863 3383 1130 3441 Pindarus
1174 3388 1312 3457 apud
1371 3388 1677 3454 Horatium,

101 3468 378 3539 profundo
425 3472 726 3529 immensus
764 3487 881 3528 ore.
925 3474 1193 3530 Dicuntur
1223 3487 1427 3533 etesse
1470 3488 1581 3534 tres
1614 3480 1681 3534 de

102 3561 353 3617 Ascensu
389 3561 605 3617 Domini
636 3566 899 3619 hactenus
932 3565 1165 3629 ineditae,
1192 3583 1222 3621 a
1256 3580 1445 3623 sancto
1475 3568 1681 3624 Joanne

103 3651 442 3708 Damasceno
470 3654 525 3708 in
549 3655 787 3726 Eclogis,
825 3672 918 3711 seu
951 3656 1231 3713 Parallelis
1258 3660 1509 3715 iudicatae
1536 3662 1678 3731 apud

104 3746 321 3803 Sixtum
362 3748 680 3817 Senensem,
710 3761 762 3805 et
798 3766 828 3805 a
864 3750 1059 3806 Photio
1090 3753 1289 3808 ibidem
1319 3755 1502 3810 relatae
1527 3772 1673 3810 com-

102 3839 395 3906 pendiose;
436 3848 519 3895 est
558 3849 614 3894 et
675 3841 847 3908 Λόγος
892 3843 972 3905 εἰς
1014 3843 1112 3910 τὴν
1167 3845 1535 3916 προσκύνησιν
1576 3846 1678 3915 τῆς

102 3928 264 3995 ἁγίας
305 3929 545 3993 ἁλύσεως
570 3930 664 3982 τοῦ
721 3932 877 3999 ἁγίου
928 3934 1021 3985 καὶ
1048 3935 1347 4003 κορυφαίου
1402 3936 1511 3988 τῶν
1541 3936 1675 3989 ἀπο-

103 4022 310 4075 στόλων
349 4022 580 4093 Πέτρου,
636 4038 731 4078 seu
772 4025 1091 4095 ὑπόμνημα.
1118 4025 1311 4096 Incipit
1336 4045 1348 4081 :
1376 4027 1549 4081 Ὅσοι
1597 4029 1677 4093 τῷ

100 4113 205 4166 τοῦ
234 4114 567 4182 κορυφαίου
605 4113 725 4167 τῶν
749 4115 1108 4169 ἀποστόλων
1140 4117 1277 4183 θείῳ
1304 4117 1472 4186 ἔρωτι
1510 4119 1674 4187 γενό-

96 4221 267 4272 μενοι
295 4203 537 4274 κάτοχοι
580 4206 693 4260 MS.
723 4206 775 4260 in
799 4205 902 4262 BB.
924 4206 1026 4261 BH.
1057 4224 1110 4277 p.
1143 4209 1236 4263 151
1264 4209 1443 4264 eCod.
1472 4208 1670 4273 Vatic.,

100 4297 241 4353 1790
280 4310 313 4351 e
336 4296 601 4363 Lolliana,
636 4298 798 4353 etiam
827 4309 948 4368 post
980 4298 1082 4353 Nili
1112 4299 1179 4355 de
1208 4301 1352 4355 caede
1375 4303 1673 4357 monacho-

99 4402 219 4439 rum
244 4386 418 4440 instar
446 4386 784 4451 Lectionum,
825 4402 921 4442 seu
969 4404 1305 4445 sermonum.
1345 4389 1670 4460 lnscriptum

1782 3306 1881 3346 nec
1913 3295 2080 3359 enim,
2117 3294 2309 3349 scribit
2349 3295 2569 3349 moralis
2590 3294 2679 3348 ille
2721 3294 3097 3364 philosophus,
3149 3292 3348 3347 imitari

1781 3397 1835 3441 et
1865 3387 2156 3444 transferre
2186 3388 2349 3443 verba
2375 3388 2444 3443 ad
2464 3403 2652 3443 eorum
2684 3387 2916 3442 formam
2939 3401 3222 3441 necessum
3245 3393 3347 3451 est,

1782 3480 1927 3550 quod
1966 3480 2345 3550 appellationis
2379 3479 2563 3534 Graece
2604 3480 2714 3533 vim
2748 3478 2949 3534 habere
2992 3477 3169 3541 debet,
3206 3477 3347 3531 sicut

1779 3570 1891 3634 alii,
1920 3571 2013 3641 qui
2035 3571 2382 3639 tranquillum
2407 3570 2575 3625 animi
2598 3579 2895 3636 verterunt,
2918 3584 3017 3624 nec
3040 3568 3203 3622 etiam
3221 3580 3348 3636 apa-

1779 3662 1944 3715 thiam
1982 3661 2336 3727 Socraticam,
2370 3662 2437 3716 de
2466 3677 2572 3731 qua
2607 3661 2822 3731 Lipsius
2849 3670 2971 3731 post
3006 3660 3344 3720 Ciceronem,

1779 3750 1870 3803 lib.
1902 3766 1953 3804 IV
1992 3752 2287 3805 Academic.
2320 3750 2544 3816 ﬂuant,
2571 3767 2621 3807 c.
2656 3751 2758 3805 130
2787 3770 2801 3818 ;
2830 3751 3085 3813 Plinium,
3118 3749 3212 3803 lib.
3245 3764 3343 3811 vn,

1782 3838 1916 3893 Nat.
1954 3839 2159 3894 Histor.
2187 3857 2237 3896 c.
2268 3841 2369 3907 18;
2403 3840 2684 3905 Senecam,
2715 3841 2809 3895 lib.
2847 3858 2885 3906 ι,
2936 3841 3094 3909 epist.
3141 3838 3348 3903 104;et

1778 3928 1836 3984 S.
1869 3930 2154 4002 Augustin.
2184 3931 2279 3987 lib.
2311 3949 2399 3987 le
2428 3931 2506 3986 De
2535 3933 2676 3985 civit.
2710 3934 2825 3995 Dei,
2865 3946 2985 4000 cap.
3027 3931 3084 3997 9,
3120 3945 3348 4000 quaeque

1775 4022 2132 4088 impatientia,
2179 4024 2293 4078 sive
2340 4023 2749 4093 impassihilitas
2792 4022 2989 4077 dicitur
3012 4063 3027 4088 ,
3060 4032 3113 4077 et
3145 4022 3212 4076 de
3242 4038 3346 4091 qua

1776 4124 1999 4169 sanctus
2052 4112 2414 4185 Hieronymus
2449 4115 2609 4169 etiam
2664 4114 2728 4169 ad
2768 4113 3169 4183 Ctesiphontem
3200 4116 3343 4184 agit:

1778 4222 1885 4260 non
1916 4206 2134 4275 inquam
2164 4205 2319 4260 Nilus
2359 4205 2668 4260 sectabatur
2695 4220 2835 4268 eam,
2871 4204 2965 4259 sed
3008 4219 3150 4269 eam,
3185 4220 3347 4272 quam

1775 4299 1936 4366 epist.
1968 4298 2093 4359 179.,
2126 4298 2218 4351 lib.
2246 4314 2304 4362 ιι,
2330 4297 2393 4350 ad
2423 4296 2692 4351 Valeriqu
2720 4295 3128 4349 Cubicularium
3157 4294 3349 4364 ὑψηλο-

1772 4389 1939 4459 τάτην
1977 4389 2263 4452 ἀπάθειαν,
2319 4388 2371 4442 id
2422 4398 2506 4443 est
2533 4384 2959 4444 execlsissimam
2996 4388 3345 4442 indolentiam

97 4488 179 4533 est
194 4478 366 4544 enim,
385 4478 649 4547 Δέσποτα,
663 4480 976 4550 εὑλόγησον,
1010 4496 1105 4535 seu
1119 4480 1448 4552 Εὑλόγησον,
1471 4483 1666 4553 Κύριε,

1778 4498 1836 4534 ex
1864 4480 2132 4535 Allaliana
2182 4480 2429 4535 versione
2487 4481 2709 4545 vocitat,
2742 4489 2838 4534 aut
2879 4482 2955 4535 uti
2989 4482 3131 4549 apud
3170 4480 3346 4549 ipsum

100 4573 166 4628 ad
190 4570 501 4628 l6Januar.
522 4570 825 4628 Cardinalis
857 4572 1120 4630 Baronius
1151 4575 1207 4628 in
1241 4575 1397 4631 Notis
1430 4577 1497 4631 ad
1531 4576 1669 4630 Mar-

97 4661 427 4734 tyrologium
480 4662 787 4715 Romanum
835 4664 1096 4718 Kalendis
1141 4665 1369 4735 Augusti
1424 4665 1671 4720 meminit

99 4755 344 4809 homilize
373 4755 569 4809 habitae
602 4756 655 4809 in
690 4756 1000 4811 celebritate
1052 4764 1365 4813 catenarum
1410 4769 1466 4814 et
1507 4759 1666 4830 gladii

96 4852 274 4907 sancti
327 4849 493 4916 Petri,
546 4867 667 4921 qua:
700 4862 886 4907 sancto
931 4853 1125 4907 Joanni
1156 4854 1543 4925 Chrysostomo
1578 4855 1671 4909 tri-

58 4954 59 4973 ‘
96 4944 390 5007 buebatur,
419 4943 510 4997 sed
530 4945 709 5012 potius
731 4946 1021 4998 asserenda
1044 4955 1125 5000 est
1142 4954 1330 5001 sancto
1354 4945 1570 5011 Proclo,
1587 4948 1669 5001 vel

96 5043 291 5089 sancto
324 5032 611 5099 Germano,
656 5037 896 5089 nondum
923 5035 1067 5089 enim
1093 5046 1404 5090 catenarum
1433 5038 1669 5093 miracu-

94 5126 206 5180 lum
238 5126 544 5194 contigerat
580 5140 734 5180 :eam
771 5128 823 5180 in
874 5126 1123 5182 Latinum
1160 5145 1369 5185 versam
1402 5146 1431 5185 e
1480 5130 1668 5186 Graeco

58 5248 63 5267 π
96 5217 286 5271 retulit
317 5214 701 5285 Lipromanus,
734 5219 827 5273 sed
881 5217 1001 5273 Nilo
1034 5236 1152 5275 eam
1196 5238 1302 5275 non
1349 5222 1665 5293 adrogarem

58 5338 65 5367 ς
98 5316 206 5361 tam
243 5306 424 5361 facile.
455 5306 552 5362 Est
579 5317 633 5362 et
666 5310 1105 5366 Commentarius
1145 5312 1200 5365 in
1241 5322 1490 5368 sanctum
1536 5329 1669 5384 apo-

60 5428 67 5457 ι
98 5398 301 5452 stolum
328 5394 549 5452 Petrum
581 5399 634 5454 in
653 5397 916 5455 Lolliana.
949 5402 1006 5456 ln
1039 5403 1328 5473 exegeticis
1357 5405 1572 5460 brevem
1600 5407 1668 5461 il-

62 5488 211 5551 lum
257 5488 627 5555 crediderim;
673 5505 771 5545 nec
809 5491 953 5545 enim
1000 5492 1129 5556 vidi,
1176 5509 1297 5563 quae
1339 5493 1391 5547 in
1441 5493 1666 5551 Cantica

58 5644 61 5655 ι
98 5580 341 5650 scripsit,
372 5581 472 5635 nisi
498 5596 561 5636 ea
590 5597 711 5650 qua:
734 5597 857 5637 cum
886 5584 1117 5639 aliorum
1137 5585 1356 5640 Patrum
1380 5588 1667 5643 Commen-

62 5710 73 5727 ,ρ
98 5672 279 5737 tariis,
313 5681 443 5727 tom.
477 5672 515 5727 ll
549 5672 886 5730 Bibliotheca:
921 5673 1146 5730 Patrum
1189 5678 1525 5734 Graeco-Lat.
1560 5680 1664 5734 Pa-

58 5760 252 5841 rrisiis
300 5772 425 5818 sunt
471 5762 635 5829 edita,
685 5764 751 5823 de
778 5766 975 5836 quibus
1010 5784 1172 5839 supra
1222 5769 1312 5826 fol.
1347 5772 1467 5827 657.
1505 5773 1666 5828 (Iom-

1775 4576 2045 4631 verlebam
2085 4575 2379 4647 ἀτάραχον,
2410 4575 2911 4646 imperturbabilem,
2946 4576 3003 4629 in
3032 4573 3344 4645 Opusculis,

1772 4683 1894 4723 cum
1926 4684 1984 4723 se
2012 4668 2323 4737 praestiterit
2349 4669 2599 4738 deinceps
2620 4667 2793 4723 Nilus.
2826 4666 3044 4723 Homini
3087 4676 3231 4723 certe
3262 4667 3347 4721 ni-

1772 4762 1846 4816 hil
1873 4772 1953 4816 est
1975 4763 2147 4831 magis
2171 4763 2423 4831 optabile,
2442 4779 2604 4832 quam
2633 4778 2876 4833 prosper,
2892 4761 3191 4833 aequabilis,
3219 4776 3345 4831 per—

1768 4860 2068 4921 petuusque
2079 4851 2198 4905 vitae
2214 4862 2367 4906 tenor
2382 4851 2499 4907 sine
2513 4852 2621 4907 ulla
2637 4851 2956 4917 oﬂ’ensione,
2972 4852 3208 4908 secundo
3222 4866 3347 4906 cur-

1770 4956 1854 5007 su,
1874 4956 1996 4995 cum
2024 4943 2311 5011 tranquilla
2344 4952 2469 4997 sunt
2492 4944 2673 4998 omnia
2740 4952 2795 4997 et
2820 4943 3050 5014 placata,
3076 4958 3107 4999 e
3131 4942 3347 4999 Cicero-

1768 5046 1856 5105 ne,
1874 5041 2011 5086 orat.
2032 5032 2102 5085 27
2122 5032 2249 5086 Post
2277 5034 2502 5086 reditum
2531 5035 2599 5087 ad
2618 5033 2870 5100 Quirites,
2893 5033 2985 5089 lib.
3023 5051 3082 5089 ιι.
3110 5034 3345 5105 Contigit

1766 5104 1868 5175 iste
1886 5131 1992 5176 tam
2016 5120 2154 5184 Nilo,
2170 5138 2333 5191 quam
2354 5122 2656 5184 Theodulo,
2680 5134 2799 5193 post
2820 5124 3097 5180 incursum
3122 5104 3347 5182 Sarace-

1768 5221 2041 5274 norum,et
2055 5209 2232 5266 Nilum
2251 5214 2465 5284 quidem
2482 5214 2689 5284 expleto
2705 5216 3060 5285 quadraginta
3073 5218 3343 5273 curriculo

1767 5316 2035 5355 annorum
2080 5318 2269 5358 rursus
2295 5304 2349 5357 in
2380 5318 2587 5365 eremo,
2614 5305 2678 5360 ad
2700 5306 2927 5377 gloriam
2952 5308 3225 5365 caelestem
3254 5326 3343 5365 aro

1768 5392 1942 5448 bitror
1964 5406 2231 5459 evectum,
2266 5412 2390 5451 cum
2426 5398 2720 5469 nonaginta
2748 5400 2871 5469 plus
2905 5402 3086 5457 minus
3117 5418 3339 5473 percur-

1768 5494 1915 5539 reret
1935 5502 2127 5541 annos.

1837 5597 2241 5668 Longaaviorem
2269 5604 2533 5673 migrasse
2566 5606 2929 5661 contendebat
2953 5607 3059 5665 Leo
3084 5610 3336 5672 Allatius,

1768 5687 1848 5744 vit
1882 5687 2080 5743 Crmca:
2130 5690 2325 5761 lingua:
2351 5694 2711 5761 peritissimus
2745 5706 2798 5751 et
2835 5698 3101 5763 historiae;
3142 5700 3231 5753 sed
3262 5699 3333 5752 illi

1770 5777 2020 5832 assentiri
2068 5794 2297 5849 nequeo.
2351 5780 2483 5835 Nam
2516 5783 2657 5852 quod
2690 5785 2864 5854 arguit
2917 5788 2967 5841 in
3003 5786 3243 5842 Diatriba
3271 5791 3333 5842 de
