3816 6220
410 491 543 557 1427

1148 474 1296 537 JOS.
1332 464 1593 531 MARI/E
1632 449 1982 519 SUAIlESiI
2017 445 2250 507 LIBER
2286 427 2912 501 CHRON‘OLOGICUS

3519 401 3673 469 1428

413 517 537 557 uzr
1148 517 1296 537 υυυ.
1333 517 1593 531 ....-----_
1646 517 1662 519 _
1689 517 1707 519 _

413 606 556 664 Nilis
581 644 599 673 ,
641 618 695 673 p.
733 599 821 663 1'5,
859 597 913 650 ili
963 591 1101 647 vivis
1138 587 1317 642 adhuc
1368 580 1545 651 egisse
1596 586 1737 628 anno
1777 558 1976 620 Christi
2009 563 2055 615 A
2083 555 2307 610 sendum
2342 547 2533 604 nullibi
2564 547 2897 610 compertum
2930 532 3021 586 sit.
3049 525 3246 580 Moneo
3271 530 3457 576 tamen
3484 517 3661 571 lecto-

1579 671 1587 673 “
1625 667 1635 673 ‘
1694 662 1727 673 "
1870 658 1881 669 '
1942 671 1967 673 η
2090 660 2199 673 "me
2233 657 2318 673 ma
2346 655 2452 673 nnn
2489 636 2554 673 ml
2608 641 2839 673 nnalleln
2894 622 3185 673 vivuntque
3240 620 3510 669 resecare,
3557 616 3661 658 ne!

413 658 843 771 quingentesimo
903 702 971 742 ex
1025 682 1197 752 Epist.
1231 678 1319 741 70,
1363 673 1458 731 lib.
1507 667 1635 723 IAd
1688 658 1973 715 Zosarium

418 791 703 853 tribunum,
721 786 775 841 in
794 797 925 854 qua,
942 775 1121 839 Ἰδοὺ,
1138 770 1348 828 scribit.
1366 763 1584 821 λοιπὸν·
1604 764 1986 812 πεντακοσιο-

419 881 738 943 στὸνέτος,
778 852 882 931 etc.
908 870 1042 926 Ecce
1061 867 1299 932 deinceps
1321 852 1758 930 quingentesimus
1794 858 1985 903 annus,

423 988 603 1043 nempe
632 988 663 1024 a
687 983 804 1023 nece
830 961 1029 1019 Christi
1055 953 1265 1012 Domini
1314 966 1407 1019 pro
1438 944 1583 999 nobis
1622 941 1678 993 in
1705 950 1855 991 cruce
1884 944 1991 985 tam

424 1030 707 1120 crudeliter
735 1056 890 1127 afﬁxi
942 1060 991 1107 et
1020 1048 1215 1108 occisi;
1239 1058 1346 1097 non
1380 1037 1521 1110 quod
1570 1030 1861 1087 efﬂuxisset
1888 1039 1991 1078 an-

428 1166 534 1206 nus
564 1115 1054 1219 quingeiitesimus,
1103 1133 1198 1190 sed
1241 1128 1385 1200 quod
1426 1115 1994 1197 quadringentesimus

427 1241 647 1309 elapsus
677 1240 840 1293 esset,
886 1239 937 1284 et
983 1226 1049 1280 ad
1079 1216 1573 1293 quingentesimum
1619 1210 1996 1264 decurreretur

433 1330 714 1390 saeculum,
754 1325 914 1394 idque
948 1335 975 1373 a
1002 1313 1265 1388 particula
1286 1308 1472 1361 λοιπὸν
1500 1303 1633 1358 satis
1662 1297 1995 1366 designatur,

437 1388 558 1493 quae
581 1388 851 1489 signiﬁcat
886 1412 1161 1476 deinceps.
1199 1404 1383 1470 Itaque
1410 1400 1645 1464 deinceps
1671 1391 1787 1461 (ait)
1818 1388 1886 1441 ad
1908 1401 1996 1438 an.

432 1510 898 1587 quingentesimum
941 1502 1220 1572 vergimur.
1253 1496 1412 1550 Certe
1446 1491 1492 1546 si
1524 1486 1740 1542 Justino
1784 1480 2001 1551 iuniore

435 1571 735 1677 imperante
761 1616 851 1654 an.
882 1596 984 1653 567
1025 1571 1094 1648 C.
1124 1590 1193 1643 N.
1223 1585 1464 1655 reliquiae
1485 1587 1799 1636 sanctorum
1846 1571 2003 1626 istius

438 1695 648 1753 scilicet
682 1692 809 1755 Nili,
845 1684 1132 1747 Theoduli,
1181 1690 1234 1735 et
1281 1679 1510 1731 aliorum
1555 1668 2005 1724 anachoretarum

445 1779 973 1851 Constantinopolim
1001 1773 1273 1829 translatae
1300 1775 1446 1829 sunt,
1487 1770 1778 1829 antequam
1808 1752 2007 1807 Mauri-

442 1880 551 1934 tius
572 1845 846 1945 Augustus
863 1868 983 1924 iniit
1005 1862 1311 1932 imperium,
1334 1856 1544 1911 obierat
1567 1848 1737 1912 Nilus,
1757 1854 1810 1898 et
1829 1845 2009 1897 Theo-

368 2036 375 2045 δ
444 1969 606 2024 dulus
658 1964 834 2019 adhuc
877 1959 995 2028 eius
1045 1953 1231 2013 filius,
1288 1954 1345 2000 ut
1391 1960 1421 2000 e

440 2060 589 2137 pride
615 2065 756 2113 recte
790 2067 886 2124 pro
910 2046 1159 2110 Mauritio
1185 2040 1515 2096 Marcianum
1564 2034 1616 2085 in
1662 2045 1727 2084 eo
1769 2023 2013 2096 reposuit

451 2126 596 2206 ΚΡ.
619 2116 880 2202 Possinus
908 2142 961 2195 in
1000 2137 1153 2193 Notis
1187 2135 1252 2188 ad
1284 2132 1552 2197 Διήγημα,
1598 2138 1691 2178 seu
1736 2116 2013 2174 Narratio-

450 2258 578 2299 nem
617 2238 779 2295 caedis
806 2232 1219 2289 monachorum.
1242 2224 1349 2291 Ego
1376 2232 1504 2273 vero
1524 2222 1784 2286 praeterea
1829 2222 2015 2263 emen-

450 2335 695 2404 daripro
717 2329 810 2383 ἐπὶ
848 2319 1191 2397 Μαρκιανοῢ,
1243 2324 1297 2371 et
1336 2310 1619 2384 legendum
1648 2317 1868 2365 censeo,
1913 2300 2018 2361 ἓως

453 2389 795 2498 Μαρέιανοῦ,
817 2389 976 2489 usque
1006 2414 1074 2469 ad
1110 2410 1443 2466 Marcianum
1469 2418 1538 2457 ex
1572 2397 1814 2469 ejusdem
1855 2391 1919 2444 Β.
1959 2389 2016 2442 Ρ.

455 2515 664 2573 Possini
702 2523 968 2568 consensu
998 2525 1013 2562 :
1053 2503 1220 2561 moris
1237 2497 1436 2572 etenim
1463 2492 1595 2547 mihi
1630 2486 1873 2558 estquod
1901 2498 2019 2538 sum

457 2612 683 2664 daturus
708 2606 762 2659 in
793 2615 987 2657 manus
1008 2596 1314 2657 hominum,
1336 2599 1459 2647 ante
1489 2584 1789 2641 amicorum
1817 2576 2023 2647 iudicio

458 2700 794 2761 examinare,
832 2703 892 2748 ut
929 2690 1108 2745 verbis
1135 2696 1255 2741 utar
1284 2682 1439 2738 Plinii
1467 2676 1705 2731 Junioris
1729 2675 1783 2727 in
1820 2670 2026 2739 Episto-

460 2795 515 2848 ια
538 2793 607 2845 ad
645 2788 961 2850 Maximum,
983 2782 1075 2836 lib.
1107 2794 1225 2841 vni,
1263 2786 1316 2831 et
1348 2775 1401 2827 in
1444 2770 1631 2841 primis
1654 2765 1757 2820 viri
1779 2773 1885 2819 tam
1902 2777 2029 2817 eru—

463 2889 585 2952 diti,
605 2893 658 2941 et
690 2884 744 2937 in
782 2879 1015 2936 lectione
1076 2876 1436 2939 versioncque
1464 2850 1775 2921 Graecorum
1803 2856 2027 2913 histori-

465 2994 654 3037 corum
694 2975 831 3035 adeo
874 2969 1097 3030 versati.
1135 2965 1496 3033 Quamobrem
1550 2958 1749 3019 miror,
1797 2952 2029 3010 Leonem

466 3069 723 3129 Allatium
744 3083 809 3124 ex
834 3067 935 3119 hac
958 3061 1206 3132 epistola,
1237 3072 1400 3127 quam
1432 3068 1626 3107 rursus
1658 3046 1850 3117 ingerit
1870 3040 2035 3114 699

470 3166 758 3231 integram,
788 3157 1038 3225 colligere
1071 3151 1247 3205 Nilum
1286 3143 1652 3217 supervixisse
1686 3152 1887 3194 annum
1931 3132 2035 3188 500

470 3255 535 3310 C.
560 3227 653 3318 N.;
698 3250 929 3307 dilucide
965 3251 1111 3316 patet
1134 3256 1327 3309 nempe
1359 3238 1414 3292 in
1443 3253 1506 3291 ea
1560 3234 1766 3296 Nilum,
1799 3244 1924 3284 cum
1950 3227 2035 3281 in-

471 3344 759 3399 veheretur
776 3341 830 3393 in
857 3336 1093 3398 Judazos,
1118 3337 1488 3397 assereretque
1505 3326 1626 3379 illos
1657 3337 1796 3391 saepe
1824 3327 2041 3389 propter

476 3436 629 3493 varia
661 3433 867 3492 scelera
906 3430 1146 3499 captivos
1177 3424 1346 3480 fuisse
1380 3420 1666 3481 abductos,
1715 3427 1907 3467 verum
1933 3409 2043 3463 Deo

477 3534 773 3591 annuente,
804 3523 919 3596 μετ’
941 3521 1096 3589 ὀλίγα
1130 3516 1245 3586 ἐτη,
1277 3515 1328 3568 id
1371 3520 1453 3565 est
1482 3518 1603 3580 post
1637 3520 1838 3575 paucos
1874 3516 2046 3555 annos

480 3621 539 3678 in
589 3628 787 3674 terram
832 3608 1211 3684 promissionis
1248 3613 1528 3660 revocatos
1558 3613 1714 3663 esse;
1741 3605 1795 3649 at
1832 3600 2048 3663 propter

481 3728 679 3770 manus
709 3707 1001 3774 sacrilegas
1034 3703 1087 3755 in
1121 3698 1216 3753 Dei
1260 3695 1457 3755 Filium
1490 3690 1714 3760 iniectas
1745 3687 2052 3751 illatamque

484 3811 717 3859 mortem
757 3772 1188 3854 acerbissimam,
1229 3787 1514 3845 damnatos
1562 3776 1816 3832 παντελεί
1847 3772 2051 3843 πορθή-

488 3909 596 3959 σει,
626 3889 851 3947 omnino
880 3885 1087 3940 ultimae
1116 3874 1494 3937 devastationi,
1528 3872 1642 3927 sive
1673 3871 1753 3938 (ut
1795 3866 2054 3936 propheta

487 3958 752 4042 Jeremias
783 3982 928 4050 luget
972 3975 1275 4030 Lamentat.
1323 3984 1419 4024 seu
1452 3966 1655 4020 Thren.
1691 3979 1729 4027 ι,
1763 3977 1813 4015 v.
1842 3958 1927 4025 14)
1960 3958 2057 4011 da-

491 4089 581 4134 tos
605 4078 660 4133 in
691 4047 935 4135 manu-m,
959 4070 1025 4123 de
1053 4079 1161 4135 qua
1194 4076 1303 4116 non
1342 4063 1598 4130 poterunt
1630 4066 1871 4124 surgere.
1902 4047 2056 4103 Nilus

492 4170 763 4227 exclamat
797 4183 810 4218 :
858 4162 984 4216 Ἰδοὺ
1016 4157 1201 4211 λοιπὸν
1237 4146 1684 4207 πεντακοσιοστὺν
1709 4144 1827 4207 ἔτος
1846 4159 1859 4173 ·
1893 4142 1944 4196 id
1973 4149 2060 4195 est

498 4260 585 4319 Eu
641 4260 899 4325 deinceps,
952 4251 1028 4305 vel
1055 4249 1283 4317 reliquus
1338 4252 1437 4306 est,
1478 4248 1571 4295 aut
1602 4243 1835 4307 superest
1887 4249 2058 4287 annus

498 4322 960 4426 quingentesimus,
1004 4357 1111 4397 non
1139 4339 1285 4409 quod
1317 4335 1564 4403 expletus
1595 4338 1759 4393 esset,
1799 4326 1889 4381 sed
1920 4322 2065 4395 quod

502 4450 823 4518 properaret
881 4453 912 4491 a
958 4427 1492 4505 quadringentesimo
1554 4422 1621 4476 ad
1698 4417 2068 4490 quingentesi-

505 4551 679 4599 mum,
733 4531 847 4587 sive
901 4534 1157 4597 quartum
1213 4518 1469 4577 szeculum
1520 4512 1829 4568 absolutum
1879 4509 2071 4563 decur-

2090 660 2200 703 rem
2233 657 2319 696 me
2346 655 2453 694 non
2489 636 2555 689 ad
2608 641 2839 699 unguem
2894 622 3185 686 vivumque
3240 620 3510 669 resecare,
3557 616 3675 658 nec

2088 736 2154 788 ad
2182 733 2467 787 obrussam
2502 722 2614 777 veri
2634 719 2901 776 aﬂ‘ricare,
2931 711 2981 763 id
3002 716 3086 762 est
3108 701 3428 758 examinare
3454 695 3520 749 ad
3545 694 3683 746 lana

2091 840 2209 881 cem
2257 833 2313 878 et
2359 820 2425 874 ad
2452 816 2713 872 trutinam
2740 849 2757 872 ,
2807 816 2973 875 atque
3021 788 3319 855 momenta'
3347 788 3681 857 scrupulose

2094 879 2268 973 annos
2294 904 2679 979 computando,
2704 899 2799 955 sed
2829 890 3337 964 παχυμερέστερον,
3358 890 3422 935 ιιι
3441 879 3684 946 loquun-

2094 1020 2184 1063 tur
2213 996 2628 1072 iurisconsulti;
2676 989 2881 1048 sufﬁcit
2904 983 3142 1055 epochas
3167 976 3532 1048 prafecturaa,
3588 966 3683 1018 in-

2095 1054 2381 1150 eu—rs‘ion—i‘s'
2422 1054 2685 1147 Arabum,
2724 1093 2890 1150 quam
2937 1054 3079 1129 intra
3141 1066 3206 1122 C.
3260 1062 3326 1117 N.
3359 1058 3473 1115 450
3501 1054 3691 1112 et500

2098 1188 2287 1244 statuit
2316 1184 2576 1240 Possinus
2632 1176 2735 1233 sub
2762 1166 3073 1227 Theodosio
3101 1160 3351 1220 Juniore,
3382 1172 3441 1226 p.
3479 1153 3578 1207 {27
3631 1156 3693 1203 et

2100 1286 2223 1349 Δ167,
2260 1281 2324 1335 ad
2355 1277 2524 1332 Notas
2560 1274 2613 1327 in
2641 1265 3045 1326 Narrationem,
3074 1267 3127 1311 et
3148 1251 3441 1309 exordium
3472 1243 3691 1313 imperii

2104 1373 2366 1433 Marciani
2414 1371 2611 1439 ﬁgere,
2672 1377 2768 1430 per
2814 1369 2989 1412 annos
3038 1349 3275 1417 denique
3313 1337 3692 1411 quadraginta

2102 1470 2257 1524 Nilus
2286 1472 2563 1523 excoctus,
2583 1466 2637 1511 et
2672 1452 2928 1524 probatus
2958 1446 3011 1497 in
3044 1442 3133 1494 illa
3160 1434 3505 1492 incursione,
3526 1437 3696 1492 atque

2107 1570 2301 1619 auctus
2330 1550 2636 1610 sacerdotio
2665 1547 2733 1599 ab
2766 1543 3025 1612 episcopo
3052 1533 3313 1594 Elusano,
3345 1540 3446 1580 seu
3474 1519 3697 1591 presby-

2108 1660 2283 1708 teratu
2299 1648 2483 1709 etiam,
2514 1635 2862 1711 quantumvis
2884 1625 3286 1684 illustrissimus
3317 1612 3699 1683 archiepisco-

2106 1761 2209 1815 pus
2230 1735 2528 1795 lconiensis
2552 1724 2931 1799 Caryophilus,
2965 1724 3120 1787 neget
3138 1728 3261 1767 eum
3309 1708 3487 1761 fuisse
3510 1716 3699 1759 sacer-

2112 1792 2441 1896 :lolcm,seu
2474 1792 2852 1895 presbiterutn
2890 1828 2943 1881 p.
2984 1810 3038 1862 ll
3084 1802 3317 1859 Diatrib.
3366 1797 3565 1859 Allat.,
3598 1792 3700 1861 qui

1467 1884 1544 1906 ιαι
1567 1884 1737 1912 Lvuuo,
1757 1884 1810 1898 ιιυ
1844 1884 1995 1897 ιιινυν
2115 1884 2316 1896 ..-ν-μί,
2357 1884 2365 1885 ,
2477 1884 2493 1895 .
2644 1884 2660 1891 _

1467 1941 1671 1995 Memno
1716 1936 2007 2007 probatur;
2042 1935 2083 1988 Β
2112 1924 2411 1981 oscitanter
2432 1930 2574 1985 saepe
2599 1908 2809 1971 scribit,
2847 1914 2906 1957 ut
2936 1914 3062 1955 eum
3084 1890 3440 1965 reprehendit
3463 1884 3704 1939 Allatius

2675 2002 2686 2007 -
2748 2000 2759 2007 -
2935 1995 2946 2005 -
2972 1993 2985 2007 ι
3054 2000 3089 2007 κ-
3119 1984 3533 2007 ᾉ--λι.-.;ληλη.
3591 1991 3701 2007 ..ηη

2114 2016 2339 2089 passim,
2375 1984 2572 2065 mentis
2602 2000 2881 2073 pabulum,
2935 1993 2989 2047 id
3015 2000 3096 2045 est
3116 1984 3535 2042 meditationem
3591 1991 3705 2031 non

2113 2072 2370 2170 deseruit,
2412 2101 2544 2172 quin
2584 2072 2711 2151 cibo
2757 2090 2851 2144 illo
2890 2084 3070 2141 solido
3122 2078 3384 2154 pascebat
3426 2072 3706 2129 animum,

2123 2212 2178 2259 et
2203 2162 2536 2273 promulsida
2565 2182 3106 2257 degustabatasternae
3126 2166 3483 2227 beatitudinis
3511 2162 3713 2230 volup-

2118 2255 2338 2359 tateque
2377 2255 2801 2358 perfundebatur
2830 2271 3083 2328 attlterea,
3112 2255 3572 2327 contemplationi
3598 2268 3715 2307 cre-

2120 2385 2239 2442 lesti
2318 2344 2621 2447 saepissime
2677 2364 2948 2422 addictus,
3002 2356 3057 2409 in
3134 2367 3244 2421 qua
3310 2344 3719 2403 exardescebat

2123 2482 2336 2548 igneus,
2368 2478 2423 2523 et
2451 2458 2705 2535 quamvis
2756 2455 2814 2509 in
2841 2450 3003 2507 terris
3032 2447 3271 2516 degeret,
3305 2437 3571 2494 evolabat
3597 2449 3719 2487 ere-

2744 2547 2755 2548 ,
2965 2540 2977 2548 _
3216 2542 3228 2548 Δ
3291 2546 3317 2548 η
3360 2530 3408 2548 3-
3449 2526 3693 2548 “tum

2125 2567 2276 2621 brius
2305 2561 2369 2616 ad
2401 2556 2623 2615 coelum,
2653 2547 2794 2603 unde
2818 2540 3075 2614 prtevisas
3099 2550 3188 2589 res
3213 2542 3327 2587 tam
3359 2530 3415 2582 in
3443 2526 3719 2596 epistolis,

2125 2672 2287 2731 quam
2322 2655 2375 2705 in
2409 2644 2730 2704 tractatibus
2755 2638 2917 2691 verba
2950 2646 3055 2685 non
3090 2625 3258 2681 invita
3298 2617 3721 2689 sequebantur;

2858 2726 2907 2731 --
2965 2724 2976 2731 .
3037 2723 3049 2731 .
3088 2718 3123 2731 λ
3226 2718 3237 2727 .
3288 2710 3591 2731 ,γλ-,ε-κ,
3628 2706 3700 2731 η,

2127 2706 2383 2804 :isitahat
2417 2742 2673 2812 frequens
2702 2733 2819 2785 loca
2847 2723 3053 2782 Christi
3086 2715 3301 2772 Domini
3334 2710 3595 2778 vestigiis
3622 2706 3723 2759 cal-

2129 2855 2273 2906 cata,
2333 2849 2387 2892 et
2446 2846 2601 2888 sacro
2660 2837 2851 2881 cruore
2905 2827 3152 2885 respersa
3191 2805 3443 2864 :vicinia
3506 2813 3723 2867 nempe,

2132 2902 2360 2997 mosque
2388 2923 2597 2994 priscus
2647 2930 2767 2969 eum
2800 2906 3110 2969 alliciebat;
3149 2898 3458 2953 inoleverat
3522 2890 3725 2959 quippe

2134 3016 2471 3080 consuetudo
2499 3005 2769 3065 invisendi
2803 2995 3273 3064 Hierosolymam,
3299 3002 3332 3042 e
3357 2994 3560 3042 sancto
3591 2980 3727 3035 Gre-

2136 3075 2286 3184 gorio
2315 3108 2579 3178 Nysseno,
2612 3107 2665 3161 et
2706 3094 2922 3164 Magno,
2945 3089 3036 3158 qui
3089 3085 3381 3148 hucusque
3442 3075 3727 3146 perdurat.

2143 3169 2279 3261 LVide
2318 3169 2497 3256 Grets.
2534 3195 2606 3247 De
2634 3186 2952 3261 peregrinat.
2997 3177 3357 3243 lmtiatusque
3383 3169 3733 3240 presbytera-

2149 3298 2248 3357 tui,
2288 3290 2450 3364 700
2498 3283 2670 3341 sacris
2710 3280 2888 3338 litare,
2928 3270 3114 3327 divina
3144 3262 3383 3336 pangere
3433 3256 3733 3330 praeconia,

2149 3370 2468 3445 monachos,
2534 3383 2590 3430 et
2644 3383 2835 3427 omnes
2891 3361 3143 3435 populos,
3217 3364 3623 3424 magnatesque
3676 3347 3734 3401 ad

2151 3475 2354 3534 Christi
2380 3481 2619 3526 amorem
2644 3462 2903 3523 excitare,
2929 3452 3115 3509 laudes
3138 3449 3259 3519 eius
3291 3446 3595 3501 decantare
3632 3455 3734 3493 non

2154 3566 2403 3626 cessabat
2432 3575 2527 3635 per
2560 3570 2732 3611 annos
2763 3549 2852 3605 40.
2884 3545 2981 3601 Est
3026 3544 3080 3597 in
3114 3542 3328 3595 honore
3356 3536 3448 3590 hic
3472 3546 3739 3588 numerus

2155 3624 2645 3732 quadragenarius,
2674 3655 2835 3712 quem
2866 3634 3117 3691 Christus
3132 3629 3344 3701 ieiunio
3371 3624 3738 3695 quadraginta

2158 3721 2707 3807 dierum—decoravit:
2752 3732 2805 3786 id
2835 3725 3144 3783 observavit
3172 3721 3407 3791 Moyses,
3449 3726 3741 3786 postquam

2160 3842 2340 3896 divina
2364 3836 2451 3890 lex
2502 3832 2747 3902 ingressa
2793 3820 2959 3878 estin
2989 3818 3176 3871 orbem
3229 3820 3550 3873 terrarum;
3602 3808 3744 3860 Elia:

2161 3946 2227 3987 eo
2256 3929 2466 3983 dierum
2509 3930 2736 3975 numero
2784 3913 2950 3967 Deum
2993 3919 3259 3977 quaerens,
3303 3900 3424 3966 ejus
3478 3898 3745 3952 visionem

2164 4027 2494 4078 consecutus
2522 4020 2625 4075 est,
2662 4016 2723 4061 ut
2750 4002 2981 4058 orabant
3006 3995 3180 4053 sancti
3212 3990 3580 4063 quadraginta
3605 4001 3748 4041 mar-

2170 4128 2315 4189 tyres
2342 4114 2396 4167 in
2420 4120 2613 4178 stagno
2641 4101 2816 4172 rigido
2858 4097 2947 4152 die
2983 4096 3016 4149 9
3045 4089 3221 4146 Martii
3253 4086 3358 4143 sub
3406 4082 3633 4138 Licinio
3656 4081 3749 4133 im-

2170 4216 2438 4280 peratore.
2487 4202 2564 4254 Ita
2611 4202 2731 4266 post
2784 4200 3051 4245 annorum
3108 4178 3471 4251 quadraginta
3514 4174 3751 4244 spatium

2172 4312 2394 4361 sanctus
2450 4296 2613 4351 Nilus
2662 4301 2922 4346 coronam
2968 4280 3179 4349 accepit
3206 4272 3581 4331 confessionis
3622 4284 3750 4327 sum,

2173 4411 2362 4470 totque
2414 4392 2720 4450 facinorum
2768 4380 3135 4452 egregiorum,
3175 4382 3231 4427 et
3279 4370 3575 4431 virtutum,
3624 4377 3753 4434 quas

2171 4456 2290 4564 iani
2319 4481 2627 4559 percensui,
2655 4472 2955 4547 prtesertim
2985 4464 3313 4525 tolerantiae;
3347 4473 3531 4529 neque
3569 4456 3753 4511 dubito

511 4551 679 4599 mum,
733 4548 847 4587 sive
901 4548 1157 4597 quartum
1213 4548 1469 4577 3&5ququ
1520 4548 1829 4568 ανῠυιυιιυιιι
1879 4548 2034 4563 νυν...

511 4634 655 4684 reret
711 4622 779 4679 ad
817 4620 1089 4690 quintum,
1133 4611 1280 4683 quod
1331 4607 1603 4669 instabat;
1664 4619 1788 4657 nam
1826 4601 1979 4663 vixit,
2013 4616 2041 4654 u

2186 4584 2331 4656 quin,
2360 4593 2481 4648 quae
2514 4577 2736 4627 voverat
2763 4563 2993 4637 ieiunia,
3026 4566 3079 4613 et
3102 4554 3387 4610 δουλείαν
3412 4548 3753 4619 ἐγκρατείας

2264 4680 2275 4690 ι
2349 4676 2373 4686 ~
2460 4672 2481 4690 sv
2503 4674 2521 4690 ιι
2544 4672 2602 4690 ιι--
2622 4687 2639 4690 _
2674 4656 3073 4690 -......-..n~.aolnn
3123 4668 3204 4690 ηνν
3222 4647 3421 4690 παπ-γίνῃ
3456 4645 3512 4690 id
3539 4654 3628 4690 est
3660 4660 3753 4690 δεῖ·

509 4719 707 4790 δίιιρίυε
738 4715 871 4781 dixi,
904 4720 958 4766 et
984 4725 1049 4764 ex
1079 4706 1301 4776 cpoehis
1331 4700 1661 4770 praefectura:
1712 4712 1776 4749 ac
1810 4694 2077 4748 incursio-

512 4818 599 4873 nis
631 4818 861 4875 constat,
889 4807 995 4867 ἕως
1033 4797 1375 4870 Μαρκιανοῦ,
1424 4809 1593 4863 usque
1628 4791 1695 4845 ad
1724 4789 2076 4850 Marcianum,

514 4908 609 4979 qui
668 4888 985 4974 auspicatus
1008 4907 1092 4953 est
1120 4894 1481 4965 principatum
1517 4901 1660 4941 anno
1706 4882 1907 4938 Christi
1952 4881 2078 4934 451.

517 4970 635 5069 ipse
654 4970 897 5068 profecto
925 4990 1175 5050 Allatius,
1206 5001 1258 5054 p.
1289 4984 1375 5049 ut,
1407 4978 1604 5034 ibidem
1635 4974 1879 5046 agnoscit
1901 4970 2081 5026 Nilum

518 5102 812 5160 usurpasse
857 5097 1139 5139 numerum
1179 5080 1448 5146 integrum
1514 5081 1569 5127 et
1615 5068 1941 5137 completum
1988 5079 2087 5132 pro

523 5181 851 5252 incompleto
903 5186 1065 5246 atque
1109 5180 1382 5234 truncato,
1424 5178 1483 5221 ut
1528 5163 1873 5233 adiunctione
1923 5158 2085 5213 simili

524 5272 841 5329 conciliaret
889 5268 1279 5321 incrementum
1330 5266 1517 5313 contra
1569 5253 1783 5308 Iudaeos
1835 5265 1949 5304 sute
1996 5249 2090 5301 de-

529 5355 927 5441 tnonstrationi,
958 5352 1116 5422 cuius
1146 5346 1393 5416 exempla
1427 5346 1479 5397 in
1515 5342 1686 5397 sacris
1731 5352 1948 5408 quoque
1981 5334 2094 5389 Lit-

531 5453 662 5507 teris
689 5446 994 5519 frequentia
1020 5452 1179 5507 sunt;
1213 5455 1312 5493 nec
1345 5444 1500 5497 vacat
1524 5434 1785 5487 inhaerere
1805 5429 2008 5483 diutius
2040 5427 2096 5481 in

533 5544 675 5605 istis,
706 5541 790 5595 vel
823 5537 1084 5599 refellere,
1115 5532 1257 5604 quod
1285 5530 1512 5585 Allatius
1538 5533 1690 5596 putat
1718 5537 1891 5578 annos
1919 5519 2102 5588 trigin-

522 5647 592 5701 Ata
621 5634 723 5694 sub
762 5632 1021 5699 magistro
1056 5627 1449 5696 Chrysostomo
1498 5632 1678 5672 mores
1708 5616 1774 5670 ad
1821 5611 2103 5667 mollitiem

542 5723 766 5776 idoneos
798 5720 1034 5781 exuisse,
1068 5724 1197 5779 etc.,
1219 5728 1344 5767 cum
1391 5708 1591 5765 sederit
1639 5696 2104 5766 Constantinopoli

546 5822 767 5871 sanctus
798 5811 1216 5880 Chrysostomus
1245 5818 1419 5858 annos
1452 5814 1643 5853 novem
1676 5797 1796 5867 plus
1828 5774 2111 5853 minus,’et

554 5900 895 5959 Antiochiam
923 5899 1098 5955 Nilum
1149 5895 1450 5965 profectum
1481 5890 1649 5946 fuisse
1700 5886 1767 5942 ad
1813 5898 1937 5941 eum
1970 5880 2111 5935 invi-

2181 4645 2279 4735 ual
2447 4672 2643 4734 ἄλλης
2673 4656 3073 4719 κακοπαθείας
3123 4647 3423 4715 σκληρὰν,
3456 4645 3515 4698 id
3539 4654 3628 4699 est
3660 4660 3755 4695 scr-

2183 4774 2397 4827 uitutem
2429 4756 2809 4830 temperantiaz,
2842 4760 2889 4805 et
2916 4746 3139 4802 alterius
3180 4738 3477 4812 aﬂlictionis
3505 4735 3755 4788 austerio'

2322 4822 2605 4929 peregerit.
2646 4847 2815 4902 Multa
2861 4842 3009 4896 illius
3046 4848 3245 4909 genera
3274 4843 3438 4899 supra
3483 4842 3614 4897 pag.
3668 4822 3757 4878 660

2189 4952 2392 5013 notavi,
2416 4956 2470 5003 et
2496 4937 2821 4999 crediderim
2856 4932 3026 4987 fuisse
3050 4928 3152 4982 ista
3178 4923 3491 4981 verberum.
3523 4918 3642 4973 sive
3674 4914 3756 4969 fla-

2191 5008 2476 5118 gellorum,
2516 5049 2637 5105 quae
2664 5029 2971 5085 invaluerat
2989 5019 3132 5090 apud
3155 5012 3440 5085 ιΕςγρῑίος
3474 5010 3668 5073 etiam,
3696 5008 3757 5060 in-

2193 5125 2799 5198 cussio,nem.Palladius
2822 5124 2941 5189 eius
2963 5112 3209 5171 meminit
3228 5109 3523 5179 episcopus
3545 5100 3760 5156 Helenae

2197 5192 2491 5302 politanus,
2517 5224 2612 5276 lib.
2638 5235 2732 5273 vm
2768 5214 2870 5267 Vit.
2895 5211 3049 5264 Patr.
3078 5222 3200 5276 pag.
3224 5201 3348 5265 715,
3377 5198 3470 5252 ubi
3501 5192 3759 5251 Rosweid.

2198 5285 2377 5381 Crets.
2408 5330 2461 5374 et
2481 5285 2683 5371 'Rader.
2715 5308 2952 5364 Joannes
2982 5303 3257 5357 Climacus
3283 5308 3404 5361 cap.
3429 5293 3466 5345 5
3495 5288 3573 5342 De
3608 5285 3761 5357 prmi-

2203 5413 2367 5468 tentia
2401 5424 2516 5473 eos,
2557 5404 2651 5476 qui
2681 5396 3014 5469 ἀποροῦντες
3063 5397 3219 5445 erant
3257 5381 3515 5453 δακρύων
3546 5374 3763 5446 (scribit)

2206 5504 2431 5565 ἑαυτοὺς
2475 5496 2828 5560 κατέκοπτον,
2888 5488 2980 5557 qui
3022 5498 3129 5537 non
3171 5483 3421 5549 poterant
3470 5467 3763 5539 lacrymari.

2208 5596 2529 5663 semetipsos
2555 5582 2932 5645 discindebant
2956 5574 3205 5645 ﬂagellis,
3232 5578 3289 5624 ut
3317 5567 3468 5622 Elias
3509 5558 3765 5623 Cretensis

2210 5708 2274 5747 ex
2282 5682 2678 5761 ponit,éausob;
2692 5672 3003 5746 πληκτικῶς
3026 5661 3427 5739 βάλλοντεςνκαίι
3439 5658 3765 5727 ram-nom.

2216 5786 2431 5855 seipsos_
2450 5775 2693 5833 feriendo
2726 5766 3107 5841 percutientes,
3144 5767 3305 5826 atque
3335 5752 3478 5805 adeo
3514 5749 3766 5804 ferientes.

2220 5875 2365 5951 quod
2392 5847 2512 5930 cum
2536 5868 2653 5923 Nilo
2678 5880 2771 5936 per
2794 5869 3006 5917 aetatem
3039 5854 3177 5909 foret
3202 5847 3393 5904 durius
3442 5852 3615 5913 atque
3640 5851 3768 5909 aspe-
