3816 6220
161 243 301 311 1429

1504 254 1601 315 DE
1630 258 1806 317 VlTA
1848 256 1905 316 S.
1948 254 2132 314 NlLI.

3297 248 3435 312 1430

157 358 296 419 rius,
329 356 551 423 partim
582 354 756 411 voluit
777 354 965 426 junior
990 364 1045 411 et
1065 355 1293 411 validior
1319 355 1632 415 Theodulus
1662 377 1751 415 su-
1781 369 1826 423 Α
1856 371 2003 430 pacta
2031 359 2337 415 fueruntvin
2366 373 2459 414 eos
2485 359 2666 414 omnia
2693 355 2797 412 Nili
2822 355 3043 427 Opera?
3069 370 3139 411 an
3169 356 3280 411 duo
3309 365 3435 411 tan-

154 446 273 499 bire
291 460 361 499 ac
384 448 627 516 exsequi
647 462 778 512 ;nec
800 448 948 503 enim
969 457 1177 502 tantum
1201 449 1339 516 Περὶ
1364 448 1472 515 τῆς
1496 454 1749 504 κατανύ-

1861 462 1974 506 tum
2003 458 2159 505 erant
2189 450 2337 514 libri,
2387 449 2477 520 qui
2516 457 2786 503 ternorum
2844 448 2998 502 titulo
3035 446 3436 517 designantur?

153 537 303 600 ξεως
328 537 583 605 ψυχῆς,
617 537 669 591 id
693 546 802 604 est,
843 538 921 594 De
950 540 1341 608 compunctione
1370 542 1581 607 animat,
1603 543 1755 596 Nilus

1866 544 1924 598 [ἰ.
1960 542 2022 598 Ρ.
2068 542 2255 597 Labbe
2291 541 2580 596 Societatis
2611 540 2760 606 Jesu,
2790 538 2946 593 Tom.
2979 537 3067 602 ill,
3093 555 3145 609 p.
3180 539 3281 593 125
3311 537 3433 592 Dis-

152 625 405 693 seripsit,
448 637 520 681 ut
538 628 650 696 jam
689 627 919 685 iudicavi
950 646 1072 701 pag.
1101 630 1204 685 637
1228 632 1529 700 superioris
1558 634 1757 689 Indicis

152 717 480 784 librorum;
533 720 626 773 sed
681 730 735 775 et
778 721 845 776 de
895 723 1143 793 corporis
1193 725 1558 779 maceratione
1605 724 1758 781 Nilus

96 870 103 893 ε
153 818 361 864 tractat
394 812 633 880 copiose
664 813 716 867 in
744 814 995 883 epistola,
1021 800 1187 885 quam
1216 816 1366 871 dedit
1394 816 1463 871 ad
1491 815 1759 873 Thauma-

90 896 104 957 Σ
151 902 301 956 sium
336 906 710 969 monachum,
741 921 862 975 qua}
887 906 979 962 lib.
1009 909 1043 961 3
1104 917 1421 963 numeratur
1448 910 1537 974 5‘5,
1562 919 1673 965 tum
1702 912 1759 964 in

152 994 285 1057 alia,
314 1009 456 1063 qua:
491 997 809 1052 inscribitur
837 997 1073 1053 Charicli
1114 1000 1428 1071 presbytero
1450 1002 1637 1057 eodem
1664 1002 1758 1057 lib.

153 1100 241 1149 ιιι,
274 1101 339 1140 ιι.
366 1086 513 1152 245,
546 1088 638 1141 ubi
668 1087 804 1156 Περὶ
827 1087 947 1142 τῶν
966 1088 1497 1159 κατανενυγμένων
1541 1091 1762 1145 conclu-

153 1175 282 1241 dit;
323 1185 385 1231 et
448 1178 672 1232 demum
725 1178 780 1231 in
828 1178 920 1232 lib.
962 1194 1015 1231 iv
1044 1178 1287 1247 epistolis
1333 1180 1398 1234 de
1445 1178 1763 1242 κατανύξει

154 1267 450 1337 discipulo
489 1268 711 1323 directis
735 1270 789 1334 1,
810 1268 865 1334 2,
903 1270 956 1335 5,
982 1270 1037 1334 4,
1070 1270 1123 1335 5,
1152 1270 1209 1323 6.

226 1358 311 1414 Ex
364 1360 489 1415 illis
539 1362 785 1429 epistolis
829 1361 1094 1431 pellucide
1140 1362 1436 1433 colligitur,
1484 1361 1663 1416 Nilum
1694 1362 1762 1415 ab

152 1451 453 1521 episcopis
485 1454 795 1509 consultum
850 1462 906 1509 et
949 1455 1018 1509 ab
1052 1456 1232 1510 omnis
1258 1455 1394 1509 artis
1439 1454 1764 1525 professori-

158 1542 288 1609 bus,
342 1545 625 1613 pmelare
653 1545 846 1614 pieque
870 1546 1236 1616 reSpondisse,
1272 1560 1370 1600 nec
1410 1546 1633 1601 dubium
1660 1553 1763 1609 est,

160 1638 352 1706 ipsum
384 1639 600 1694 divinis
628 1638 682 1692 iu
713 1639 964 1694 laudibus
994 1638 1279 1694 assiduum
1307 1638 1499 1700 fuisse,
1528 1639 1767 1693 tandem-

1859 646 1984 690 sert.
2046 636 2268 703 theolog.
2322 634 2376 688 in
2405 634 2545 689 hanc
2571 634 2891 688 sententiam
2922 632 3140 687 scribit:
3183 652 3200 683 ι
3237 630 3433 686 Omnia

1857 724 1963 779 Nili
2003 725 2265 796 opuscula
2314 725 2552 778 nondum
2588 723 2877 794 quisquam
2929 721 2984 775 in
3036 736 3199 774 unum
3234 736 3434 789 corpus

1861 818 2100 887 redegit;
2150 816 2296 887 quod
2346 814 2524 870 luerat
2573 814 2870 884 Optandum
2920 814 2974 867 iu
3009 811 3121 867 γι.
3154 811 3256 866 PP.
3301 812 3431 869 edit.

1860 907 2145 963 Colonien.
2188 915 2242 961 et
2273 904 2539 961 Parisien.
2588 904 2847 959 Biblioth.
2893 904 3156 973 Pleraque
3188 902 3299 972 jam
3337 918 3435 956 ex-

1861 1011 2024 1066 stant,
2055 1000 2156 1055 alia
2187 1000 2519 1069 reperientur
2546 998 2599 1052 in
2624 997 2904 1063 Bavarica,
2946 995 3230 1058 Vaticana,
3274 1015 3292 1047 ι
3327 1002 3431 1049 etc.

1861 1092 2219 1162 Alpbabetum
2245 1090 2457 1145 abbatis
2494 1089 2621 1153 Nili,
2664 1105 2773 1159 quo
2799 1089 3085 1144 erudiebat
3138 1088 3435 1142 monachos

1864 1200 1992 1238 suos
2022 1183 2087 1237 ad
2126 1182 2454 1253 symbolicas
2486 1183 2787 1238 locutiones
2825 1182 3005 1250 lingua
3038 1180 3321 1251 Copthica,
3352 1180 3435 1233 in-

1864 1274 2065 1328 dicavit
2099 1273 2229 1325 niihi
2262 1274 2323 1326 lt.
2363 1272 2423 1326 P.
2455 1272 2681 1326 Kircher
2706 1272 3094 1335 amicissimus.
3139 1281 3193 1325 et
3222 1272 3435 1341 lingua-

1864 1380 1984 1417 rum
2021 1364 2406 1434 peritissimus,
2435 1380 2499 1418 ex
2524 1380 2697 1433 eoque
2727 1363 2981 1417 idiomate
3020 1378 3343 1419 conversum
3379 1362 3435 1417 in

1864 1457 2110 1511 Graecum
2146 1456 2268 1511 fuit.

1934 1550 1990 1603 lu
2026 1548 2310 1620 Horologio
2342 1547 2522 1603 ϐιαίου
2552 1548 2696 1603 edito
2724 1546 2964 1603 Venetiis
2996 1546 3154 1612 1565,
3199 1546 3251 1600 in
3284 1546 3433 1601 deci-

1870 1657 1959 1695 mo
1990 1650 2162 1703 sexto,
2198 1640 2266 1695 ad
2298 1642 2436 1695 diem
2474 1641 2537 1693 12
2565 1639 2887 1694 Novembris
2914 1655 2926 1690 :
2958 1637 3073 1692 Τοῦ
3107 1639 3280 1691 ὁσίου
3318 1642 3435 1691 Πα-

159 1745 272 1798 que
304 1731 367 1785 in
402 1741 598 1787 monte
628 1731 759 1787 Sina
794 1732 1138 1801 grandaevum
1182 1732 1359 1786 vivere
1383 1731 1638 1786 desiisse:
1671 1732 1761 1785 diu

1871 1731 2009 1799 τρός
2040 1730 2207 1799 ἡμῶν
2228 1733 2446 1784 Νείλου
2476 1730 2810 1795 κατάλυσις
2846 1729 3015 1781 οἴνου
3072 1727 3169 1781 καὶ
3204 1728 3432 1783 ἐλαίου.

159 1822 314 1876 enim
354 1823 524 1888 vixit,
552 1823 644 1893 qui
673 1824 813 1878 bene
843 1824 1007 1886 visit;
1052 1823 1191 1879 sicut
1228 1821 1331 1878 Job
1373 1823 1556 1877 omnia
1588 1822 1766 1891 dupli-

161 1912 249 1966 cia
300 1913 461 1969 bona
514 1924 640 1985 post
685 1916 1039 1969 tentationem
1087 1916 1328 1984 accepit,
1375 1915 1449 1968 ita
1496 1914 1767 1982 duplicem

161 2002 329 2060 Nilus
374 2008 615 2076 gratiam
651 2008 876 2077 adeptus
903 2023 1027 2061 cum
1061 2006 1219 2071 foret,
1259 2017 1421 2076 atque
1452 2007 1618 2060 vitam
1643 2020 1768 2061 san-

163 2104 319 2150 ctam
355 2098 741 2167 transegisset,
772 2113 893 2153 cum
924 2098 1068 2163 aliis,
1096 2096 1209 2151 ﬁlio
1230 2098 1457 2162 scilicet,
1500 2106 1554 2151 et
1580 2111 1767 2150 mona-

163 2186 291 2243 chis
324 2188 722 2245 exercentibus
740 2204 860 2244 sese
887 2190 1070 2251 simul,
1094 2190 1150 2243 in
1180 2198 1379 2244 aeterna
1399 2188 1568 2259 gloria
1598 2189 1767 2243 victu-

166 2293 288 2345 rus,
304 2281 380 2335 ad
396 2280 714 2335 an.Christi
742 2280 970 2336 45οείιέ
990 2282 1112 2346 451,
1137 2290 1301 2351 atque
1323 2281 1409 2335 ubi
1437 2285 1537 2335 tria
1570 2280 1767 2335 sarcula

163 2367 528 2436 perfecisset,
554 2369 787 2426 sivetres
800 2378 985 2425 aetates
1015 2369 1165 2441 (nam
1191 2369 1445 2439 quzelibet
1473 2368 1654 2436 γενεά,
1671 2383 1766 2421 seu

167 2468 307 2514 :etas
327 2460 557 2532 triginta
568 2462 807 2516 continet
822 2476 927 2516 ann
936 2460 1039 2532 os),
1059 2462 1274 2517 transiit
1289 2461 1354 2516 ad
1369 2461 1556 2516 caelica
1572 2462 1767 2530 gaudia

167 2550 361 2620 Nilus,
386 2554 585 2609 relicto
604 2550 1010 2623 Theodulo,qui
1041 2562 1319 2622 parentem
1345 2552 1604 2615 imitatus,
1626 2551 1766 2621 jam-

171 2660 287 2714 que
324 2646 540 2708 τέλειος
568 2645 894 2715 καλόγηρος,
934 2643 1208 2714 perfectus
1241 2658 1431 2707 senex,
1482 2658 1545 2697 ac
1573 2657 1765 2697 mona-

171 2739 320 2795 chus
348 2740 548 2809 plenus
583 2740 798 2793 dierum
853 2754 919 2792 ac
948 2740 1289 2801 meritorum,
1334 2738 1506 2806 patris
1553 2736 1766 2805 regulas

175 2830 493 2886 observans
545 2839 600 2885 et
622 2830 849 2895 monita,
878 2829 1126 2899 jejuniis,
1157 2828 1519 2892 orationibus,
1554 2843 1617 2881 ac
1639 2828 1766 2881 divi-

174 2924 267 2978 nis
296 2924 579 2993 alloquiis,
608 2933 663 2978 et
687 2921 963 2978 exercitiis
990 2922 1257 2986 intentus,
1291 2920 1526 2989 denique
1551 2920 1763 2988 requie-

177 3014 258 3069 vit
283 3014 458 3071 etiam
486 3014 541 3068 in
570 3028 722 3084 pace.

250 3126 437 3181 Ambo
468 3126 523 3179 in
551 3132 737 3179 monte
775 3122 905 3178 Sina
939 3121 1304 3191 exspirarunt.
1327 3119 1577 3189 Deposita
1596 3129 1649 3173 et
1680 3129 1763 3173 tu-

179 3218 401 3271 mulata
428 3214 914 3284 luerunt,701ac
950 3212 1076 3266 inde
1100 3208 1628 3278 Constantinopolim
1662 3207 1765 3263 sub

176 3307 428 3377 iuniore,
457 3323 555 3363 seu
604 3306 908 3376 posteriore
934 3301 1151 3358 Justino
1184 3304 1513 3371 imperatore
1562 3300 1627 3355 ad
1664 3314 1764 3353 an-

181 3413 318 3455 num
352 3399 457 3455 567
486 3398 549 3453 P.
587 3398 659 3451 Μ.
694 3397 977 3465 deportata
1000 3407 1229 3463 corpora
1261 3392 1527 3462 ipsorum,
1553 3399 1607 3445 et
1633 3389 1766 3443 alio-

184 3502 312 3542 rum
356 3499 671 3545 sanctorum
695 3486 1086 3541 monachorum
1116 3491 1448 3547 ascetarum,
1475 3490 1533 3536 ut
1562 3488 1764 3535 testan-

188 3586 278 3632 tur
316 3579 492 3635 Graici
520 3579 809 3647 scriptores
838 3574 1150 3644 Menologii,
1179 3582 1235 3627 et
1277 3570 1637 3641 Nicephorus,
1667 3570 1763 3624 lib.

187 3668 397 3725 Eccles.
436 3669 642 3725 Hister.
682 3684 793 3731 xiv,
834 3682 885 3720 c.
935 3665 1022 3719 M.
1064 3664 1218 3717 Libet
1256 3678 1402 3717 nunc
1458 3661 1762 3723 adnectere,

185 3777 315 3831 qua:
349 3766 602 3835 leguntur
639 3761 695 3815 in
726 3758 971 3814 Romano
1003 3757 1389 3826 Martyrologio
1427 3754 1599 3823 pridie
1637 3752 1764 3806 ldus

190 3849 538 3919 Novembris,
590 3867 687 3908 seu
719 3851 808 3906 die
843 3848 1165 3904 duodecimo
1194 3864 1209 3898 :
1252 3864 1270 3897 ι
1299 3842 1763 3911 Constantinopoli

190 3947 373 4002 sancti
406 3944 511 4000 Nili
543 3943 779 4007 abbatis,
835 3943 929 4011 qui
981 3956 1047 3995 ex
1098 3937 1350 4008 praefecto
1393 3936 1544 3991 urbis
1590 3934 1766 3989 factus

192 4040 499 4093 monachus
572 4038 677 4093 sub
736 4034 1047 4091 Theodosio
1097 4031 1344 4097 Juniore,
1403 4029 1650 4083 doctrina
1711 4035 1767 4080 et

192 4131 484 4184 sanctitate
504 4129 735 4195 claruit;
760 4147 778 4179 ι
798 4127 891 4181 ubi
906 4124 1195 4181 cardinalis
1216 4121 1513 4186 Baronius;
1541 4118 1765 4173 Michael

192 4215 447 4274 Neander
476 4219 839 4281 Soraviensis,
861 4225 1147 4285 suspectus
1171 4215 1295 4268 licet
1326 4222 1538 4279 auctor,
1562 4213 1616 4265 in
1646 4226 1763 4265 me-

192 4314 415 4383 nologio
472 4311 747 4366 Basiliano
803 4310 862 4364 Β.
938 4308 1118 4364 Nilum
1176 4314 1441 4361 memorat
1513 4306 1567 4358 in
1631 4304 1765 4358 urbe

192 4404 795 4475 Constantinopolitana
852 4402 1127 4472 quondam
1197 4399 1514 4468 eparchum,
1577 4398 1628 4450 id
1680 4405 1839 4472 esto

192 4495 529 4563 praefectum.
584 4494 814 4551 Sirletus
848 4496 901 4548 in
959 4492 1275 4561 Menologio,
1333 4490 1659 4545 Possevinus
1705 4489 1761 4542 in

194 4585 468 4652 Apparatu
484 4600 656 4649 sacro,
688 4583 873 4637 Sixtus
903 4584 1099 4635 Senen.
1129 4581 1183 4633 in
1204 4580 1529 4633 Bibliotheca
1551 4588 1761 4641 sancta,

194 4672 485 4727 cardinalis
519 4672 876 4725 Bellarmiuus
909 4672 982 4723 De
1011 4668 1350 4735 scriptoribus
1373 4667 1759 4731 ecclesiasticis,

193 4775 318 4832 pag.
352 4762 473 4827 125,
502 4762 765 4815 Simlerus
795 4760 847 4813 in
872 4760 1112 4828 Epitome
1143 4757 1488 4812 Bibliotheca}
1514 4756 1761 4822 Gesneri,

195 4855 432 4924 suspecti
459 4855 657 4919 etiam;
698 4852 757 4904 P.
783 4851 1054 4906 Combeﬁs
1084 4852 1151 4905 de
1184 4850 1533 4921 Cyriacorum
1566 4850 1764 4903 inimu-

195 4944 385 5011 nitate,
434 4962 487 5015 p.
544 4946 679 5011 ηπ
727 4942 963 4997 Gretser.
1016 4941 1089 4994 De
1122 4956 1271 4993 cruce
1301 4941 1394 4993 lib.
1429 4954 1466 5004 ι,
1513 4952 1631 5006 cap.
1671 4937 1759 5000 55,

197 5034 425 5093 Vossius
454 5037 547 5092 lib.
581 5053 641 5101 ιι,
668 5036 740 5089 De
768 5035 956 5087 histor.
986 5031 1153 5087 Graec.
1177 5046 1196 5083 .‘
1222 5031 1336 5084 Bail
1365 5032 1416 5083 in
1444 5028 1763 5082 Bibliotheca

196 5130 486 5182 concionat.
532 5145 588 5198 p.
626 5128 747 5182 i96.
784 5124 1105 5189 ilahediesu,
1141 5122 1478 5191 metropolita
1538 5121 1761 5183 Sohem,

197 5217 488 5275 Latinitate
529 5222 759 5274 donatus
808 5218 875 5271 ab
902 5215 1209 5271 Abrahamo
1244 5213 1571 5277 Echellensi,
1628 5211 1761 5265 mihi

198 5313 328 5367 olim
357 5312 655 5383 peramico,
688 5312 743 5364 in
770 5310 1025 5378 Catalogo
1063 5307 1321 5363 librorum
1356 5306 1758 5368 Chaldzrorum,

198 5406 290 5474 qui
320 5413 532 5475 prostat
562 5402 749 5457 Romae
783 5416 926 5455 anno
952 5398 1089 5455 1655
1140 5411 1375 5452 excusus
1418 5396 1470 5448 in
1502 5394 1760 5449 duodeci-

200 5513 308 5563 mo,
338 5513 391 5568 p.
418 5498 507 5561 41,
534 5496 735 5551 indicat
762 5492 1048 5563 Evagrium
1072 5491 1398 5545 monachum
1421 5488 1560 5543 duos
1585 5497 1761 5541 tomos

202 5590 592 5661 composuisse,
623 5595 679 5641 at
706 5585 884 5641 Nilum
927 5584 1249 5639 monachum
1294 5582 1432 5637 duos
1468 5579 1762 5633 admirabi—

205 5678 298 5749 les,
340 5692 393 5736 et
427 5694 668 5737 ereiuum
702 5678 917 5731 illorum
953 5674 1120 5730 fuisse
1178 5671 1458 5728 Lucinam.
1492 5669 1572 5723 Au
1606 5684 1756 5724 com-

1791 3058 1833 3116 C

1870 1824 2202 1878 Κοντάκιον
2233 1823 2336 1876 τοῦ
2371 1824 2567 1885 ὁσίου,
2586 1818 2733 1890 ἦχος
2762 1824 2865 1873 πλ.
2896 1820 2933 1872 δ
2952 1839 2963 1850 ·
3002 1818 3079 1887 Τῇ
3113 1818 3436 1887 ὑπερμὰχῳ

1871 1915 2179 1985 στρατηγιῖ)
2225 1914 2331 1979 τὰς
2368 1913 2769 1994 φρυγανώδεις
2796 1911 2929 1979 τῶν
2959 1911 3165 1965 παθῶν
3206 1911 3326 1964 τῶν
3365 1911 3433 1962 ἐκ

1868 2008 1975 2061 τοῦ
1996 2006 2268 2076 σώματος
2301 2004 2763 2070 ἐπαναστάσεις,
2784 2000 3095 2073 τμητικῶς,
3122 2002 3297 2056 Νεῖλε
3319 2018 3435 2070 μα-

1869 2098 2052 2166 κάριε,
2068 2100 2137 2151 ἐν
2162 2099 2443 2167 ἁγρύπνῳ
2455 2113 2570 2151 σου
2587 2091 2939 2165 συνέκοψας
2964 2095 3182 2162 ίκεσίςν
3205 2096 3340 2149 ἀλλ’
3354 2095 3435 2157 ὡς

1866 2190 2021 2259 ἒχων
2041 2191 2383 2259 παρρησίαν
2405 2190 2554 2256 πρὸς
2577 2189 2683 2241 τὸν
2707 2188 2925 2254 Κύριον
2952 2187 3021 2240 ἐκ
3039 2188 3339 2239 παντοίων
3358 2201 3435 2253 με

1866 2281 2162 2335 κινδύνων
2177 2281 2604 2347 ὲλευθέρωσον,
2641 2279 2740 2331 ἵνα
2761 2276 2944 2346 κράζω
2960 2293 3060 2332 σοι
3083 2295 3095 2308 ο
3121 2274 3431 2347 Χαίροι[ςι,

1866 2372 2058 2438 Πάτερ
2110 2372 2465 2439 παγκόσμιε.
2520 2370 2571 2424 id
2627 2380 2728 2435 est,
2785 2378 2845 2424 ut
2910 2370 3254 2437 interpretor,
3311 2365 3435 2420 Nile

1868 2464 2011 2516 beate
2068 2464 2123 2514 in
2174 2461 2318 2530 vigili
2372 2474 2461 2513 tua
2501 2460 2882 2529 supplicatione
2932 2457 3210 2512 concidisti
3255 2458 3434 2511 cresim

1867 2552 2068 2604 cremiis
2096 2552 2295 2604 similes
2323 2552 2615 2617 passiones,
2636 2565 2752 2619 quia
2776 2557 3098 2618 consurgunt
3126 2564 3152 2601 e
3184 2564 3432 2615 corpore;

1864 2661 2041 2698 verum
2070 2645 2145 2696 uti
2176 2644 2373 2711 pollens
2407 2644 2717 2696 auctoritate
2736 2643 2876 2711 apud
2899 2640 3205 2705 Dominum,
3235 2656 3298 2693 ea:
3324 2656 3435 2693 om-

1866 2736 2068 2804 nigenis
2100 2734 2265 2787 libera
2294 2749 2374 2787 me
2398 2733 2667 2801 periculis,
2694 2742 2750 2786 ut
2776 2732 2844 2785 ad
2877 2743 2924 2786 te
2949 2731 3287 2801 proclamem,
3318 2730 3429 2784 sal-

1865 2843 1943 2893 ve,
1976 2825 2141 2879 Pater
2170 2826 2380 2878 omnino
2407 2825 2680 2878 adornate.
2712 2824 3054 2893 Quantopere
3072 2822 3314 2893 jucunda
3346 2838 3433 2877 es-

1866 2927 1947 2971 set
1987 2915 2185 2970 natalis
2214 2914 2388 2968 sancti
2421 2912 2529 2968 Nili
2563 2914 2881 2969 solemnitas
2922 2913 3005 2967 vel
3034 2912 3161 2967 hinc
3202 2913 3432 2983 conjice.

1866 3006 2012 3077 quod
2039 3007 2226 3060 vinum
2259 3005 2313 3059 in
2342 3020 2405 3059 ea
2463 3004 2754 3074 oleumque
2796 3003 3214 3059 distribueretur
3241 3019 3433 3057 mona-

1865 3102 1983 3155 chis
2015 3116 2055 3155 θ.
2092 3098 2478 3169 paracellariis,
2519 3107 2573 3152 et
2606 3096 2944 3164 Contacium,
2992 3106 3246 3168 tanquam
3288 3113 3433 3167 prea-

1866 3208 1935 3246 na
1964 3200 2258 3257 canerent,
2304 3191 2650 3258 sonitumque
2708 3188 2933 3258 plausus
2988 3190 3229 3252 ederent,
3278 3188 3436 3258 quasi

1867 3297 2123 3352 supremo
2146 3281 2433 3351 pugnatori
2484 3289 2538 3333 et
2558 3278 2837 3333 exercitus
2864 3278 2990 3334 duci
3014 3279 3326 3349 psallentes.
3355 3277 3435 3331 Eu

1865 3376 2026 3429 etiam
2062 3390 2092 3428 e
2125 3371 2329 3427 Menaeo
2354 3369 2611 3425 Biblioth.
2644 3369 2954 3426 Barberinaa
2974 3369 3047 3425 Μ.
3088 3370 3146 3426 S.
3179 3373 3299 3426 cod.
3330 3372 3430 3426 201

1866 3482 1921 3536 p.
1955 3467 2079 3520 255.

1868 3559 2027 3629 702
2056 3556 2213 3624 Μηνὶ
2237 3557 2553 3626 Νοεμϐρίῳ,
2570 3563 2639 3608 ια’
2662 3557 2870 3626 ἡμέρᾳ,
2895 3554 3099 3626 μνήμη
3129 3555 3234 3609 τοῦ
3261 3555 3435 3623 ἁγίου

1862 3648 2090 3716 Πατρός
2143 3646 2312 3716 ἡμῶν
2357 3646 2656 3713 Θεοδώρου
2696 3646 2801 3699 τοῦ
2854 3646 3181 3699 Στουδίτου
3208 3662 3221 3677 ο
3255 3645 3307 3697 id
3352 3656 3436 3698 est

1866 3743 2031 3809 (sicut
2080 3742 2136 3794 in
2169 3742 2377 3805 edito):
2409 3740 2605 3794 Mensis
2657 3738 2969 3793 Novembris
3023 3737 3301 3791 undecima
3346 3738 3433 3792 die

1866 3832 2117 3883 memoria
2146 3833 2314 3882 sancti
2350 3828 2532 3881 Patris
2560 3827 2814 3881 Theodori
2840 3826 3066 3883 Studita:
3090 3845 3109 3893 ;
3137 3836 3190 3880 et
3212 3843 3262 3895 p.
3283 3826 3385 3881 256
3414 3846 3429 3881 :

1866 3921 2021 3988 Μηνὶ
2041 3921 2359 3988 Νοεμϐρίῳ,
2379 3917 2452 3983 ιβ’
2472 3917 2660 3986 ἡμέρᾳ
2670 3916 2874 3987 μνήμη
2893 3917 2997 3971 τοῦ
3013 3919 3183 3985 ἁγίου
3205 3917 3433 3985 Πατρός

1864 4011 2032 4083 ἡμῶν
2044 4012 2263 4065 Νείλου
2277 4010 2379 4064 τοῦ
2398 4011 2711 4076 Ἀσκητοῦο
2728 4011 2777 4064 id
2790 4019 2871 4065 est
2887 4027 2901 4063 :
2915 4008 3110 4063 Mensis
3126 4007 3431 4063 Novembris

1866 4109 1948 4161 die
1996 4106 2302 4159 duodecima
2353 4106 2604 4159 memoria
2661 4104 2833 4157 sancti
2875 4101 3056 4156 Patris
3119 4104 3285 4157 nostri
3314 4100 3431 4155 Nili

1865 4201 2249 4255 exet-citatoris.

1944 4296 2238 4360 Αἴγυπτον
2272 4290 2435 4358 ἄρδει
2458 4290 2672 4355 Νεῖλος
2696 4306 2710 4319 ·
2741 4288 2902 4341 ἀλλὰ
2937 4286 3035 4340 καὶ
3066 4288 3268 4341 κτίσιν

1939 4393 1976 4437 Λ
1990 4387 2149 4449 όγοις
2180 4383 2455 4450 κατάρδει
2475 4382 2570 4434 καὶ
2602 4379 2797 4434 θανὼν
2827 4379 3039 4443 Νεῖλος
3054 4378 3265 4447 μέγας.

1936 4478 2141 4530 Perluit
2171 4475 2441 4529 exundans
2473 4472 2763 4542 A'Igyptum
2798 4470 2976 4533 Nilus,
3012 4482 3063 4524 at
3095 4485 3298 4523 omnem

1938 4569 2177 4621 Mortuus
2204 4566 2288 4618 hic
2326 4563 2483 4617 Nilus
2515 4562 2840 4616 sermonibus
2871 4563 3063 4631 irrigat
3092 4559 3290 4613 orbem.

1866 4659 2053 4726 Οὗτος
2069 4660 2259 4725 πολὺς
2286 4662 2354 4713 ἑν
2379 4659 2573 4726 λόγοις
2609 4658 2704 4710 καὶ
2726 4657 2795 4708 ἐν
2814 4656 3028 4724 ἔργοις,
3050 4654 3159 4718 ἕως
3183 4650 3293 4721 τῆς
3317 4654 3429 4715 βα-

1864 4760 2101 4821 σιλείας
2135 4754 2478 4824 Μαρκιανοῦ
2509 4752 2619 4806 τοῦ
2643 4751 2950 4816 ,ϐασιλέως
2976 4752 3239 4818 ἔπαρχος
3268 4752 3429 4808 Κων-

1863 4852 2423 4913 σταντινουπόλεως
2449 4845 2887 4915 γνωριζόμενοςε
2904 4840 3101 4911 σεμνῇ
3136 4841 3205 4894 δὲ
3225 4858 3431 4909 γυναι-

1867 4946 1925 4995 arl
1983 4940 2354 5008 συζευχθεὶς,
2394 4938 2491 4992 καὶ
2545 4938 2654 4991 δύο
2702 4938 2905 4996 τέιινα,
2945 4935 3126 5001 ἄρρεν
3146 4932 3243 4985 καὶ
3272 4931 3429 4998 θῆλυ

1864 5030 2195 5092 ἁποτεκὼν,
2246 5032 2363 5093 τὴν
2403 5025 2622 5079 ἑαυτοῦ
2674 5025 2966 5089 πεποίηκε
3008 5022 3270 5089 σύζυγον
3318 5020 3431 5086 τὴν

1862 5119 2505 5175 Κωνσταντινούπολιν
2540 5113 2911 5175 καταλιπεῖν,
2953 5112 3052 5165 καὶ
3078 5113 3148 5165 ἐν
3181 5110 3303 5174 τοῖς
3331 5112 3429 5163 Αι-

1862 5214 2091 5280 γύπτου
2114 5208 2541 5278 μοναστηρίοις
2566 5202 3049 5271 κατασκηνῶσαι,
3067 5201 3431 5270 μερίσασθαι

1862 5321 1926 5357 τε
1954 5302 2025 5355 τὰ
2056 5300 2255 5363 τέκνα,
2284 5298 2381 5351 καὶ
2412 5298 2553 5362 τοὺς
2574 5297 2883 5363 ἐκγόνους,
2906 5293 3039 5348 υἱὸν
3068 5294 3165 5346 καὶ
3190 5292 3432 5359 τὸνμὲν

1863 5390 2231 5460 παραλαϐεῖν
2253 5390 2359 5442 τὸν
2383 5389 2515 5441 υἱὸν
2543 5387 2897 5451 Θεόδουλον,
2920 5384 3035 5452 τὴν
3062 5383 3130 5437 δὲ
3156 5384 3271 5450 τὴν
3297 5382 3432 5435 ἐαυ-

1862 5484 1968 5537 τοῦ
1996 5482 2303 5552 θυγατέρα·
2338 5482 2431 5532 καὶ
2468 5462 2655 5542 οὕτως
2695 5476 3063 5542 ποιήσαντες
3097 5474 3433 5541 διέστησαν

1862 5575 1961 5627 ἀπ’
2002 5572 2307 5640 ἀλλήλων.
2355 5570 2511 5624 Ἐπεὶ
2542 5566 2658 5623 οὖν
2706 5572 2736 5622 ό
2782 5558 3073 5637 μακάριος
3105 5565 3316 5630 Νεῖλος
3367 5564 3431 5617 τὸ

1865 5666 2000 5733 ὅρος
2035 5663 2291 5731 κατῆλθε
2327 5662 2430 5717 τοῦ
2459 5660 2599 5717 Σινᾶ
2631 5660 2727 5714 καὶ
2759 5657 2957 5727 συνῆν
2990 5658 3105 5725 τοῖς
3144 5658 3433 5725 Hatram,
