3816 6220
382 280 513 349 1431

1142 274 1289 336 JOS.
1331 268 1598 334 MARIE
1634 224 1987 329 spinosa
2016 258 2248 324 LIBER
2283 251 2915 319 CHRONOLOGICUS

3494 241 3635 309 1432

378 386 671 459 Βάρόαροί
695 392 853 450 τινες
879 381 1171 451 ἐξαίφνης
1201 380 1483 442 ἐλθόντες
1505 377 1586 443 ὠς
1608 372 1809 444 θῆρες,
1842 370 1949 424 τὸν

2061 366 2119 421 ab
2147 366 2267 434 ipso
2295 362 2459 417 Petro
2490 369 2545 415 et
2571 358 2739 413 Paulo
2782 354 3155 427 apostolorum
3187 353 3543 424 principibus.
3565 357 3633 411 ad

385 481 523 537 υίὸν
574 476 912 533 Θεόδουλον
960 472 1180 527 ἔλαϐον
1214 468 1336 524 σὺν
1386 468 1598 533 ἀλλοις
1637 465 1948 528 πλείστοις

375 568 789 640 αἰχμαλώτοις,
822 564 895 619 ὃν
922 564 1002 631 ὡς
1032 564 1413 633 αἰχμάλωτον
1438 556 1738 627 ἐθρήνησε
1758 555 1949 609 πλέον

374 661 483 717 τοῦ
507 658 895 725 καθήκοντος,
931 652 1123 721 καθὼς
1154 654 1224 707 ἐν
1247 650 1325 717 τῷ
1352 652 1485 719 παρ’
1510 648 1695 703 αὐτοῦ
1732 662 1948 702 συντε-

378 751 539 808 θέντι
581 748 874 820 γράμματι
915 744 1243 815 ἐμφέρεται.
1290 741 1405 811 Τῆς
1443 741 1607 807 θείας
1654 735 1767 794 οὖν
1809 755 1949 792 κατ-

375 842 650 908 αξιωθεὶς
687 837 1037 907 ἱερωσύνης.
1064 833 1163 889 καὶ
1190 836 1415 903 λόγους
1440 828 1807 898 ἀσκητικοὺς
1838 828 1950 882 πά-

376 947 498 999 σης
526 929 766 998 σοφίας,
789 924 887 979 καὶ
911 922 1240 989 συνέσεως,
1271 919 1371 975 καί
1410 918 1701 989 ὠφελείας
1727 918 1945 983 ἐκθεὶς,

376 1018 627 1090 δυνάμει
649 1020 833 1087 λόγου
882 1014 979 1068 καὶ
1010 1014 1182 1082 ἁγίου
1217 1013 1561 1081 Πνεύματος
1586 1009 1778 1079 χάριτι
1801 1012 1952 1079 πρὸς

378 1111 647 1178 ἄσκησιν
672 1106 1129 1173 ἐπαλείφοντας,
1159 1100 1486 1167 ἐπιστολάς
1526 1116 1590 1153 τε
1645 1101 1744 1153 καὶ
1769 1099 1951 1169 κεφά-

376 1214 521 1264 λαια
572 1205 831 1259 πλεῖστα
883 1201 1162 1267 συνθεὶς,
1208 1200 1306 1254 καί
1352 1198 1627 1265 πολλοὺς
1679 1198 1760 1265 τῷ
1817 1200 1951 1263 θείῳ

377 1300 547 1369 ἔρωτι
599 1295 678 1362 τῷ
721 1294 953 1363 Χριστῷ
996 1291 1070 1345 δι’
1096 1289 1295 1345 αὐτῶν
1326 1289 1822 1359 προσοικειώσας,
1883 1290 1953 1343 ἐν

376 1388 584 1460 εἰρήνῃ
634 1386 989 1442 τελειοῦται,
1025 1382 1220 1437 Κεῖται
1271 1382 1359 1448 δὲ,
1390 1380 1472 1448 ὥς
1504 1398 1715 1451 φασιν,
1749 1380 1950 1446 αὐτὸς,

378 1481 477 1535 καὶ
501 1484 535 1535 ό
570 1479 902 1545 Θεόδουλος
926 1480 1056 1546 υίὸς
1072 1474 1408 1545 αὐτοῦ,μεθ’
1432 1471 1648 1541 ἐτέρων
1672 1469 1955 1539 ἀσκητῶν

376 1570 538 1636 ἐντῷ
549 1569 854 1638 σεδασμίῳ
872 1568 997 1635 ναῷ
1019 1567 1136 1621 τῶν
1147 1566 1360 1638 Ἀγίων
1387 1562 1771 1619 Ἀποστόλων
1789 1562 1860 1615 ἐν
1874 1559 1955 1625 τῷ

359 1660 897 1737 1Ὀρςρανοτροεοείῳ
968 1657 1248 1715 ὑποκάτω
1339 1654 1773 1721 θυσιαστηρίου
1833 1653 1953 1707 ὑπὸ

2055 455 2580 529 orphanotrophium
2617 462 2699 505 est
2723 457 3125 512 constructum,
3177 447 3376 514 templo
3416 447 3631 517 reposi-

2048 560 2167 607 tum
2217 548 2391 603 fuisse
2439 544 2691 600 aﬁirmat.
2732 541 3118 613 Apostolorum
3150 539 3438 593 ecclesiam
3490 539 3636 592 Con-

2048 639 2320 699 stantinus
2337 636 2407 691 Μ.
2440 650 2584 691 anno
2616 632 2826 703 imperii
2868 630 3131 686 vicesimo
3159 628 3491 693 construxit,
3526 628 3638 681 En-

2055 736 2172 790 seb.
2213 732 2307 787 lib.
2352 745 2407 785 1v
2432 728 2512 783 De
2564 729 2656 795 vit.
2685 724 3054 787 Constantini,
3091 736 3211 790 cap.
3244 720 3313 775 58
3346 729 3403 774 et
3430 720 3543 786 59;
3572 736 3640 775 ex

2051 838 2229 894 eoque
2256 823 2524 878 Baronius
2559 816 2874 884 cardinalis,
2905 823 2961 870 et
2981 828 3014 869 e
3048 812 3273 867 Socrate
3300 811 3369 866 ad
3428 825 3638 865 annum

2050 916 2251 972 Christi
2280 915 2391 969 nati
2419 912 2525 968 330
2573 911 2634 965 P.
2674 909 2768 976 M.;
2800 907 3121 963 instauravit
3146 903 3513 960 Constantius
3538 918 3638 956 an-

2050 1022 2122 1062 no
2150 1006 2293 1066 338;
2340 1004 2627 1059 dicebatur
2658 1000 3044 1071 Apostolmum.
3090 994 3635 1066 Orphanotmphium

2052 1109 2233 1154 autem
2266 1097 2475 1167 primus
2525 1093 2767 1149 condidit
2801 1088 3291 1157 Constantinopoli,
3331 1097 3388 1141 et
3437 1087 3636 1156 hujus-

2052 1189 2201 1246 modi
2230 1188 2449 1259 pietatis
2478 1185 2756 1241 adinvenit
2785 1183 3019 1238 cilicium
3047 1201 3059 1236 :
3086 1180 3325 1245 Zoticus,
3369 1194 3402 1233 e
3428 1178 3471 1233 1.
3507 1176 3637 1232 0m-

2054 1284 2134 1337 nis
2165 1284 2254 1348 54,
2290 1281 2354 1337 C.
2387 1281 2463 1336 De
2494 1280 2770 1351 episcopis,
2818 1286 2871 1332 et
2904 1277 3145 1338 clericis;
3195 1284 3309 1328 tum
3338 1273 3542 1329 Nicon.
3571 1272 3639 1327 de

2054 1375 2258 1446 quibus
2284 1374 2473 1444 Cujac.
2503 1373 2595 1428 lib.
2642 1388 2681 1435 ι,
2714 1386 2834 1440 cap.
2878 1370 2946 1424 12
2981 1367 3251 1423 Οὺδεττιιε.
3286 1366 3436 1435 jur.;
3466 1363 3638 1419 Justi-

2054 1468 2252 1521 nianus
2283 1465 2560 1535 Augustus
2588 1463 2655 1518 ad
2699 1461 3113 1518 Demosthenem
3142 1458 3203 1513 P.
3241 1457 3306 1512 P.
3338 1458 3395 1512 in
3436 1458 3477 1511 ι.
3508 1473 3637 1511 san-

2054 1560 2242 1623 cimus,
2273 1558 2334 1612 C.
2363 1556 2443 1610 De
2472 1562 2795 1609 sacrosanct.
2814 1551 2996 1607 eccles.
3024 1552 3179 1603 Anna
3206 1546 3513 1611 Comnena,
3542 1545 3637 1599 lib.

2058 1649 2128 1705 15
2153 1649 2430 1703 Αίεπὶαάίε
2459 1648 2603 1702 circa
2629 1646 2916 1701 ecclesiam
2955 1645 3135 1698 Sancti
3161 1641 3315 1697 Pauli
3346 1639 3637 1711 Orphano-

362 1731 366 1797 ξ
388 1752 726 1809 Ἰουστίνου
739 1752 847 1807 τοῦ
857 1752 1165 1818 ,βασιλέως
1180 1765 1331 1804 κατα
1345 1745 1805 1821 [τε]θέντες.Ειεί
1823 1744 1954 1801 Pos-

2061 1744 2332 1814 trophium
2361 1758 2389 1797 a
2422 1751 2571 1813 patre
2614 1755 2717 1795 suo
2745 1738 3022 1794 conditum
3071 1737 3232 1790 tradit
3276 1735 3459 1790 instar
3489 1732 3639 1787 urbis

378 1844 533 1900 sinus
554 1857 620 1897 ex
634 1841 938 1913 Menologio
964 1841 1276 1896 Graecorum
1306 1838 1449 1894 istud
1470 1833 1953 1905 edideritElogium

380 1935 569 1992 Sancti
593 1935 760 2006 hujus
785 1932 914 1999 Nili,
943 1933 1187 2004 prompsi
1219 1942 1398 1986 tamen
1428 1945 1527 2000 ego
1555 1943 1621 1983 ex
1645 1928 1773 1991 alio,
1806 1929 1952 1997 quod

377 2035 661 2084 exaratum
720 2027 932 2083 calamo
992 2026 1047 2080 in
1092 2026 1280 2080 charta
1323 2035 1625 2093 papyracea
1676 2020 1869 2073 visitur
1901 2023 1956 2073 in

377 2116 483 2172 BB.
510 2116 612 2171 BB.
639 2116 729 2171 cui
755 2116 970 2171 rubrica
1015 2114 1342 2183 inscriptum
1374 2120 1479 2175 est,
1500 2108 1586 2178 Τῇ
1625 2108 1779 2178 αὐτῇ
1815 2106 1957 2177 mte-

370 2226 475 2279 ρᾳ,
513 2223 710 2278 nentpe
756 2209 875 2278 ipsa
923 2208 1111 2263 eadem
1139 2205 1227 2261 die
1259 2202 1346 2275 ιβ’,
1376 2202 1584 2273 μνήμη
1633 2201 1739 2256 τοῦ
1783 2201 1958 2255 όσίου

377 2297 549 2371 ἡμῶν
586 2300 807 2354 Νείλου
860 2298 967 2353 τοῦ
998 2296 1311 2366 Ἀσκητοῦ,
1351 2310 1459 2365 qua
1503 2295 1591 2349 die
1629 2292 1955 2356 celebratur,

374 2390 582 2462 μνήμη
597 2389 976 2460 τοῦένάγίοις
986 2387 1214 2456 Πατρός
1225 2386 1395 2458 ἡμῶν
1408 2385 1678 2441 Ἰωάννου
1693 2384 1959 2452 ἀρχιεπι-

378 2483 618 2538 σκόπου
657 2478 1117 2548 Ἀλεξανδρείας
1144 2478 1253 2533 τοῦ
1293 2478 1693 2547 Ἐλεήμονος’
1722 2476 1958 2545 scriptor

382 2575 530 2630 illius
557 2583 671 2630 erat
691 2573 904 2629 Blasius
926 2575 1250 2637 monachus,
1276 2581 1332 2625 et
1352 2571 1418 2625 ad
1445 2569 1745 2639 marginem
1774 2566 1958 2622 varias

382 2665 643 2721 lectiones
705 2664 981 2728 adnotavi,
1029 2664 1217 2733 sicque
1276 2662 1330 2715 in
1379 2660 1630 2715 Latinum
1683 2658 1955 2713 converti:

386 2756 491 2811 Hic
553 2755 738 2825 (Nilus
770 2757 970 2825 nempe)
1007 2756 1204 2808 multus
1237 2754 1341 2823 fuit
1371 2754 1427 2807 in
1456 2752 1800 2816 sermonibus,
1828 2760 1876 2803 et
1905 2750 1961 2802 in

384 2849 625 2918 operibus
654 2861 814 2914 usque
861 2848 929 2899 ad
974 2847 1251 2916 imperium
1282 2845 1614 2914 imperatoris
1674 2841 1957 2907 Marciani,

383 2932 661 3004 prtefectus
719 2929 1207 2998 Constantinopolis
1274 2928 1504 2982 innotuit
1565 2928 1584 2995 (
1628 2940 1757 2981 nam
1817 2925 1960 2996 ἀρχὴ

383 3026 557 3096 ἄνδρα
622 3022 863 3077 δείκνυσι
897 3062 912 3085 ,
964 3023 1019 3075 id
1076 3030 1154 3076 est
1183 3060 1200 3087 ,
1247 3021 1599 3092 magistratus
1646 3022 1822 3073 virum
1876 3020 1961 3072 in-

385 3117 572 3187 dicat).
610 3114 855 3169 Honesta:
874 3128 993 3169 vero
1027 3113 1234 3166 mulieri
1263 3113 1599 3165 matrimonio
1628 3112 1956 3180 conjunctus,

386 3198 856 3270 duosqueliberos,
902 3197 1196 3251 musculum
1220 3207 1268 3250 et
1315 3196 1584 3265 feminam,
1645 3194 1957 3262 suscipiens,

386 3292 579 3360 effecit,
603 3300 660 3345 ut
681 3290 847 3360 ipsius
894 3289 1088 3357 coniux
1119 3289 1376 3341 desereret
1423 3284 1958 3354 Constantinopolim,

386 3390 438 3437 et
465 3382 522 3443 in
548 3376 768 3451 Egypti
793 3378 1115 3431 monasteria
1142 3375 1393 3430 secederet
1419 3392 1437 3439 ;
1466 3375 1756 3443 partiretur
1796 3383 1845 3425 et
1890 3371 1962 3424 li-

390 3474 586 3543 beros;
636 3483 686 3528 et
732 3473 844 3543 ipse
886 3469 1097 3541 quidem
1145 3468 1365 3537 suscepit
1406 3466 1575 3535 ﬁlium
1615 3462 1958 3527 Theodulum,

390 3570 490 3627 illa
513 3584 632 3623 vero
657 3566 829 3638 ﬁliam
858 3570 1048 3630 suam;
1079 3562 1259 3629 hisque
1289 3559 1536 3629 peractis,
1568 3557 1787 3611 invicem
1817 3572 1961 3625 sepa-

391 3662 499 3716 rati
525 3669 669 3713 sunt.
700 3657 992 3727 Postquam
1020 3654 1185 3725 igitur
1222 3653 1399 3706 beatas
1444 3648 1603 3704 Nilus
1633 3658 1862 3704 montem
1890 3647 1960 3702 ad

393 3751 523 3808 Sina
551 3740 800 3821 perrexit,
826 3757 875 3803 et
901 3756 1234 3801 conversatus
1260 3752 1337 3797 est
1380 3758 1497 3796 cum
1534 3741 1784 3795 Patribus
1808 3741 1958 3803 inibi,

397 3842 619 3897 barbari
662 3840 879 3912 quidam
926 3839 1191 3907 derepente
1237 3834 1669 3903 supervenientes,
1712 3833 1792 3885 uti
1838 3832 1962 3900 ferte

394 3934 600 3998 bellare,
625 3947 743 3985 eum
771 3928 1013 4000 pluribus
1038 3927 1158 3981 aliis
1185 3927 1427 3994 captiuis,
1458 3924 1631 3993 ﬁlium
1662 3924 1774 3992 ejus
1805 3922 1963 3976 Theo-

393 4024 576 4078 dulum
594 4031 858 4092 ceperunt,
876 4037 1025 4091 quem
1043 4021 1124 4073 uti
1144 4019 1404 4087 captivum
1424 4018 1477 4071 in
1495 4017 1797 4071 servitutem
1816 4015 1964 4068 reda-

395 4126 558 4182 ctum,
584 4114 742 4185 703
769 4114 902 4168 luxit
923 4113 1201 4182 plusquam
1228 4111 1496 4176 decuerat,
1518 4107 1961 4179 quemadmodum

394 4212 450 4264 in
476 4209 609 4261 libro
632 4223 787 4277 super
809 4223 872 4261 ea
902 4222 956 4260 re
978 4205 1262 4274 composito
1289 4203 1592 4272 praefertur.
1619 4200 1807 4255 Divina
1861 4200 1961 4269 igi-

397 4312 483 4355 tur
507 4300 697 4369 dignus
720 4296 928 4351 habitus
956 4296 1318 4373 presbyteratu
1364 4294 1471 4363 ipse
1496 4291 1656 4348 Nilus
1686 4291 1961 4347 Sermones

395 4391 459 4446 de
489 4390 784 4444 monastica
812 4389 1201 4453 exercitatione,
1242 4388 1385 4441 omni
1414 4387 1694 4456 sapientia,
1732 4384 1961 4454 pruden-

398 4483 497 4546 tia,
520 4494 568 4536 et
605 4480 841 4536 utilitate
868 4480 937 4534 ad
956 4479 1384 4534 exercitationem
1434 4479 1648 4532 idoneos
1697 4476 1959 4547 exposuit,

395 4574 486 4643 qui
516 4573 563 4626 vi
593 4572 838 4637 rationis,
862 4582 911 4625 et
936 4569 1163 4641 Spiritus
1210 4570 1382 4625 sancti
1426 4568 1605 4640 gratia
1648 4576 1962 4637 perungunt,

398 4662 690 4734 Epistolas,
731 4674 779 4718 et
830 4662 1077 4730 Capitula
1112 4662 1431 4725 composuit;
1467 4659 1736 4729 plerosque
1786 4658 1964 4712 divino

394 4758 559 4813 etiam
584 4771 762 4809 amore
784 4772 875 4826 per
904 4756 1019 4824 ipsa
1040 4754 1249 4809 Christo
1275 4771 1394 4809 cum
1419 4754 1751 4818 admovisset,
1780 4753 1834 4806 in
1861 4769 1960 4822 pa-

392 4864 453 4904 ce
482 4846 819 4900 obdormivit.
864 4845 1017 4900 Jacet
1048 4862 1165 4901 vero
1198 4844 1278 4917 (ut
1317 4845 1488 4916 aiunt)
1535 4847 1662 4913 ipse,
1715 4860 1777 4897 ac
1816 4845 1963 4899 illius

397 4939 541 5009 (ilius
578 4937 873 4993 Tlteodulus
898 4954 1015 4992 eam
1041 4937 1163 4993 aliis
1203 4939 1415 5002 ascetis,
1445 4938 1498 4990 id
1525 4948 1622 5001 est,
1655 4938 1967 4991 exercitato-

399 5030 544 5086 ribus
575 5032 632 5084 in
679 5033 970 5085 venerando
1007 5040 1310 5085 sanctorum
1350 5028 1717 5100 Apostolorum
1774 5029 1965 5099 templo

402 5123 623 5192 inferius
671 5122 765 5177 sub
828 5123 989 5176 altari
1036 5123 1299 5193 deportati
1356 5132 1404 5176 et
1449 5122 1715 5176 translati.
1768 5120 1967 5175 Verum

397 5216 626 5270 Allatius
652 5228 869 5284 quoque
902 5212 1108 5285 profert
1131 5214 1317 5269 eadem
1360 5214 1549 5281 ferme,
1584 5228 1707 5284 quae
1762 5214 1970 5269 scilicet

400 5302 689 5371 exscripsit
724 5317 755 5356 c
792 5302 1091 5371 Meuologio
1120 5301 1327 5369 Graeco,
1376 5302 1470 5358 sed
1516 5312 1802 5365 truncata;
1835 5304 1970 5357 nihil

399 5392 544 5448 enim
577 5394 645 5446 de
671 5393 938 5462 sepulcro,
975 5408 1028 5462 p.
1064 5394 1098 5448 9
1147 5393 1380 5448 Diatrib.
1419 5393 1483 5447 de
1506 5392 1667 5448 Nilis.
1701 5393 1968 5463 Nicepho-

403 5498 501 5539 rus
548 5498 693 5547 \ero,
727 5483 821 5538 lib.
853 5500 966 5549 xw,
1002 5501 1052 5539 c.
1086 5485 1171 5551 54,
1206 5485 1384 5541 Nilum
1434 5487 1543 5541 vita
1587 5485 1903 5542 defunctum
1938 5501 1967 5540 a

406 5576 619 5632 Justino
653 5579 972 5646 posteriore,
1006 5581 1130 5634 inde
1158 5581 1295 5647 (sive
1330 5598 1359 5637 a
1393 5591 1574 5636 monte
1602 5581 1758 5644 Sina)
1792 5591 1971 5635 trans-

398 5666 571 5723 latum
602 5660 654 5723 in
679 5669 1027 5725 fundamento
1048 5670 1357 5727 sacrationis
1387 5686 1609 5742 mensae,
1641 5671 1697 5728 in
1728 5686 1793 5727 eo
1826 5670 1973 5741 quod

2056 1831 2295 1901 amplum
2325 1832 2466 1884 istud
2499 1832 2556 1883 ὲν
2584 1830 2697 1892 τοῖς
2727 1829 2863 1899 πρὸς
2891 1828 2993 1897 τὴν
3046 1824 3348 1896 ἀκρόπολιν
3383 1823 3635 1894 μέρεσιν,

2056 1924 2184 1978 ἔνθα
2213 1923 2310 1977 καὶ
2356 1923 2416 1976 τὸ
2450 1922 2623 1992 στόμα
2652 1920 2746 1974 τοῦ
2765 1920 2967 1974 Πόντου
2991 1919 3285 1986 ἀνοίγεται,
3312 1925 3374 1970 ut
3404 1930 3497 1970 me
3524 1930 3641 1969 mo-

2059 2018 2180 2071 nuit
2215 2015 2545 2071 reverendus
2581 2013 2739 2067 Pater
2772 2012 3057 2074 Possinus,
3090 2011 3184 2080 qui
3215 2009 3378 2063 vertit
3407 2008 3467 2062 in
3499 2007 3639 2063 Lati-

2058 2118 2186 2162 num
2217 2118 2271 2176 p.
2297 2102 2402 2160 482
2430 2104 2498 2158 ad
2527 2102 2651 2158 485.
2678 2099 2802 2155 Fuit
2827 2109 2882 2155 et
2899 2100 3083 2153 Romae
3102 2096 3639 2167 Orphanotrophintn

2058 2198 2335 2254 conditum
2371 2210 2401 2250 a
2438 2194 2704 2263 Gregorio
2733 2192 2804 2247 Μ.
2852 2193 2909 2246 in
2937 2190 3104 2245 Notit.
3134 2188 3268 2244 Voc.
3302 2187 3519 2243 Eccles.
3552 2187 3640 2240 ubi

2060 2306 2206 2345 nunc
2256 2288 2443 2343 Sancti
2482 2286 2745 2357 Stephani
2794 2284 3022 2340 ecclesia
3063 2289 3169 2347 est,
3213 2290 3270 2335 et
3328 2279 3639 2349 Hospitium

2061 2382 2382 2451 Ethiopum
2429 2380 2543 2435 sive
2599 2378 2854 2433 Indorum
2885 2416 2900 2441 ,
2966 2373 3255 2429 Alexandri
3286 2370 3351 2425 Ill
3410 2384 3642 2425 munere

2059 2474 2204 2530 haud
2238 2472 2430 2543 procul
2462 2486 2494 2525 a
2523 2469 2756 2525 Basilica
2802 2467 2987 2523 Sancti
3019 2466 3188 2530 Petri,
3215 2475 3270 2520 et
3301 2464 3499 2519 Sancti
3526 2462 3643 2517 Ste-

2058 2564 2223 2639 phani
2248 2561 2529 2617 ecclesiam
2557 2558 3067 2619 Cata-Barbarae,-et
3089 2553 3420 2611 Gala-Gallae
3462 2564 3640 2618 vocat,

2058 2672 2090 2711 e
2118 2654 2419 2719 Grimaldo,
2447 2663 2501 2708 et
2531 2652 2942 2706 MartinelloAd
2967 2648 3343 2705 illustrandum
3367 2649 3642 2703 narratio-

2058 2761 2205 2811 nem,
2233 2755 2286 2799 et
2312 2745 2476 2800 vitam
2515 2742 2620 2797 Nili
2674 2740 3071 2807 elucidandam,
3104 2740 3247 2794 haud
3298 2739 3409 2794 erit
3456 2739 3557 2795 abs
3588 2755 3644 2794 ne

2061 2853 2181 2909 quae
2208 2840 2461 2908 leguntur
2490 2837 2543 2889 in
2567 2836 2867 2904 Menologio
2911 2835 3040 2903 imp.
3076 2832 3255 2888 Basilii
3296 2842 3430 2888 ante
3472 2848 3645 2889 annos

2062 2928 2186 2995 727,
2218 2927 2331 2984 MS.
2354 2929 2499 2999 quod
2536 2926 2739 2981 Paulus
2804 2924 2849 2979 ν
2884 2923 3022 2979 Bibl.
3060 2923 3235 2980 Vatic.
3267 2924 3483 2989 intulit,
3531 2924 3646 2981 cui-

2061 3035 2167 3090 que
2206 3021 2263 3075 in
2292 3019 2536 3089 margine
2567 3016 2632 3071 C.
2671 3017 2726 3083 7,
2748 3015 2842 3069 τοῦ
2874 3016 2973 3086 βλα
3014 3016 3070 3071 id
3092 3024 3197 3078 est,
3227 3015 3421 3071 codice
3446 3015 3480 3067 7
3505 3024 3645 3070 tem-

2063 3113 2137 3182 pli
2191 3110 2550 3166 Blachernen.
2599 3107 3111 3177 Constantinopoli,
3149 3115 3205 3161 et
3262 3123 3391 3178 qua
3437 3108 3645 3163 contuli

2061 3220 2184 3260 cum
2216 3204 2405 3260 codice
2438 3203 2528 3265 74,
2552 3203 2679 3256 item
2696 3218 2800 3257 ms.
2822 3200 2929 3254 BB.
2949 3199 3055 3253 BB.
3086 3214 3142 3270 p.
3173 3200 3265 3266 45,
3305 3200 3643 3271 appingerd:

2067 3292 2145 3362 Τῇ
2180 3291 2331 3361 αὐτῇ
2363 3291 2552 3360 ἡμέρᾳ
2585 3290 2656 3343 ιδ’
2694 3288 3055 3357 Ἰανουαρίου
3088 3287 3299 3357 μνήμη
3328 3289 3442 3342 τοῦ
3473 3291 3646 3344 ὁσίου

2059 3382 2293 3451 Πατρός
2329 3381 2498 3451 ἡμῶν
2551 3379 2909 3434 Θεοδούλου.
2952 3373 3140 3443 Οὗτος
3202 3377 3490 3447 ὑπῆρχεν
3521 3380 3647 3441 υίὸς

2058 3475 2280 3528 Νείλου
2327 3472 2433 3527 τοῦ
2480 3471 2678 3540 σοφοῦ
2723 3469 2832 3524 τοῦ
2874 3472 3185 3540 γεγονότος
3216 3470 3339 3538 μὲν
3377 3470 3647 3541 ἐπάρχου

2062 3564 2752 3627 Κωνσταντινουπόλεως
2770 3601 2787 3627 ,
2820 3561 3260 3627 καταλιπόντος
3288 3561 3363 3614 δὲ
3398 3563 3522 3630 τὴν
3553 3563 3647 3616 δό-

2060 3657 2180 3721 ξαν
2199 3656 2305 3709 τοῦ
2327 3655 2579 3724 κόσμου,
2607 3653 2705 3708 καὶ
2726 3653 3120 3717 ἀπελθόντος,
3143 3652 3241 3706 καὶ
3255 3654 3648 3721 μονάσαντος

2059 3747 2131 3803 ἑν
2173 3746 2253 3812 τῷ
2294 3746 2420 3816 ὄρει
2454 3744 2603 3814 Σινᾷ
2625 3745 2778 3815 μετὰ
2811 3743 2923 3799 τοῦ
2954 3743 3089 3798 υἱοῦ
3118 3743 3309 3798 αὐτοῦ
3336 3762 3351 3775 ·
3385 3745 3513 3799 τῶν
3543 3747 3647 3800 δύο

2058 3838 2129 3892 δὲ
2166 3838 2561 3906 ὑπαρχόντων
2603 3838 2841 3903 ἔπειτα,
2874 3836 2972 3890 real
3001 3837 3117 3903 τὴν
3143 3837 3502 3905 ἀσκητικὴν
3545 3856 3643 3891 πο-

2058 3932 2291 3986 λιτείαν
2314 3931 2644 4000 διαγόντων
2670 3929 2964 3999 ἐξαίφνης
2990 3931 3408 3984 ἐπιπεσόντων
3424 3932 3647 4000 Βαρϐά-

2052 4039 2198 4091 ρων,
2243 4021 2344 4075 καὶ
2395 4021 2748 4091 ἀρξαμένων
2804 4019 3210 4089 κατασφάξειν
3252 4021 3400 4088 τοὺς
3442 4024 3646 4092 ἁγίους

2062 4113 2346 4183 Πατέρας,
2380 4116 2412 4167 ό
2438 4113 2555 4182 μὲν
2594 4111 2810 4178 Νεῖλος
2832 4113 2913 4178 ὡς
2933 4112 3209 4180 ἠδυνήθη
3242 4113 3550 4184 ἐφυτςν,ό
3583 4115 3645 4167 δὲ

2063 4206 2194 4272 υίὸς
2215 4205 2402 4261 αὑτοῦ
2418 4204 2749 4271 Θεόδουλος
2774 4205 3072 4275 ἐκρατήθη
3102 4205 3486 4274 αίχμάλωτος
3504 4208 3646 4278 μετὰ

2062 4296 2269 4366 ἑτέρου
2301 4296 2441 4363 ἑνὸς
2471 4295 2627 4363 υίοῦ,
2654 4294 2753 4349 καὶ
2783 4294 3055 4362 δεθέντες
3074 4296 3409 4361 ἁπήτοντοι
3440 4300 3643 4365 εὑρόν-

2061 4406 2179 4443 των
2202 4386 2365 4461 Ὶοά,
2385 4387 2454 4441 δὲ
2474 4388 2595 4442 τῶν
2618 4387 2937 4457 Βαρϐάρων
2961 4389 3150 4442 τόπον
3167 4388 3452 4458 χλοερὸν,
3481 4390 3645 4444 κατέ-

2062 4494 2310 4534 παυσαν
2340 4522 2355 4546 ,
2382 4479 2483 4534 καί
2508 4480 2832 4534 ἐϐούλοντο
2855 4479 3083 4549 σφάξαι
3106 4481 3249 4546 τοὺς
3267 4481 3455 4547 νέους
3494 4522 3511 4547 ,
3554 4482 3646 4535 και

2062 4569 2244 4624 θῦσαι
2272 4568 2352 4636 τῷ
2373 4570 2486 4639 πρὸ
2511 4570 2615 4625 τοῦ
2642 4572 2823 4639 ἡλίου
2854 4572 3253 4626 ἀνατέλλοντι
3292 4574 3524 4642 ἄστρῳ,
3554 4575 3644 4627 ual

2060 4660 2461 4731 βουλομένων
2506 4662 2617 4715 τοῦ
2648 4664 2801 4731 πρωῒ
2849 4662 3077 4732 σφάξαι
3116 4663 3259 4729 τοὺς
3301 4665 3511 4730 νέους,
3554 4667 3643 4718 καὶ

2062 4754 2392 4825 προσάγειν
2432 4756 2655 4809 θυσίαν
2697 4755 2776 4820 τῷ
2817 4755 3019 4823 ἄστρῳ
3032 4756 3287 4824 πρωΐνῷ,
3321 4758 3423 4809 καὶ
3466 4761 3503 4809 ό
3538 4758 3647 4826 μὲν

2064 4839 2152 4909 εἷς
2177 4842 2421 4914 ἔφυγεν,
2448 4847 2502 4897 οί
2524 4842 2593 4896 δὲ
2615 4843 2900 4912 Βάρϐαροι
2921 4844 3320 4914 κοιμηθέντες,
3338 4845 3451 4899 τοῦ
3472 4848 3648 4915 ἡλίου

2064 4935 2496 5002 ἀνατείλαντος
2540 4935 2643 4989 καὶ
2688 4935 2797 4990 τοῦ
2841 4935 3068 5005 ἄστρου
3123 4936 3453 5004 κρνὸέντος
3472 4979 3489 5003 ,
3536 4940 3644 4993 οὐκ

2066 5027 2347 5096 ἔσφαξαν
2364 5029 2473 5081 τὸν
2486 5028 2841 5082 Θεόδουλονο
2859 5029 3160 5099 ,ϐουλόμεν
3171 5047 3229 5083 οι
3251 5030 3321 5083 δὲ
3343 5029 3644 5097 πωλῆσαι,

2062 5119 2178 5173 δύο
2194 5121 2422 5189 μόνους
2446 5121 2782 5189 χρυσίνους
2806 5120 3169 5190 ἐλάμϐανον,
3199 5121 3296 5175 καί
3328 5122 3645 5191 γυμνώσας

2066 5214 2101 5266 ό
2134 5206 2222 5277 εἷς
2246 5212 2310 5264 τὸ
2339 5211 2510 5279 ξίφος
2546 5211 2725 5279 ἤθελε
2750 5211 3000 5281 σφάξαι·
3055 5212 3188 5266 τοτὲ
3216 5213 3528 5281 ἠγόρασεν
3548 5217 3645 5268 αὺ-

2066 5302 2179 5356 τὸν
2232 5303 2603 5369 Ἐπίσκοπος
2625 5342 2642 5368 ,
2684 5305 2781 5358 καί
2812 5304 3115 5370 ἀπέλυσε,
3148 5306 3245 5359 καὶ
3279 5304 3485 5374 καλῶς
3508 5307 3641 5370 ,ϐιώ-

2073 5412 2192 5462 σας
2215 5396 2527 5464 ἐκοιμήθη.
2557 5395 2713 5462 Quae,
2754 5410 2841 5451 me
2872 5398 3185 5467 interprete,
3216 5400 3514 5454 itasonant
3548 5397 3641 5452 ιε.

2062 5489 2188 5544 ἰὶηο
2232 5487 2481 5542 :Eadem
2524 5489 2608 5541 die
2638 5490 2840 5542 decima
2861 5503 3054 5559 quarta
3095 5488 3349 5542 Januarii
3395 5491 3641 5544 mer-mis

2072 5582 2245 5634 sancti
2273 5578 2458 5635 Patris
2489 5583 2654 5635 nostri
2678 5580 2950 5635 Theoduli.
2970 5579 3094 5633 Fuit
3117 5584 3217 5634 iste
3241 5580 3389 5650 ﬁlius
3416 5579 3537 5635 Nili
3558 5598 3638 5633 so-

2070 5674 2280 5751 pigttis,
2306 5674 2627 5751 quiggstiti:
2650 5673 2929 5752 prafectus
2961 5673 3445 5742 Constantinopolis
3465 5713 3481 5738 ,
3526 5674 3609 5743 qui
