3816 6220
160 252 310 322 1433

1458 252 1557 314 DE
1592 252 1773 314 VITA
1818 254 1879 314 S.
1923 254 2110 316 NILI.

3273 261 3413 327 1434

155 383 262 439 que
288 364 568 435 dereliquit
603 363 831 437 gloriam
856 363 1061 429 mundi,
1084 370 1136 418 et
1164 362 1297 417 abiit
1314 361 1373 416 in
1391 373 1621 417 montem
1646 360 1735 416 Si-
1765 368 1811 422 Α
1836 372 1890 418 et
1922 378 2045 432 quae
2070 363 2277 420 inserui
2323 378 2488 435 supra
2540 381 2660 437 pag.
2683 366 2787 423 679
2833 378 2886 424 et
2906 369 3031 435 668,
3058 385 3153 440 per
3186 370 3413 444 ὕστερον

160 474 254 519 na,
278 455 452 523 ibique
480 470 598 508 cum
631 453 744 522 ﬁlio
775 452 1146 507 monachatum
1172 451 1439 521 professus
1462 460 1557 513 est.
1589 467 1735 504 cum-

157 566 258 619 que
275 548 352 601 ibi
366 545 515 599 ambo
542 546 870 608 exsisterent,
888 552 937 597 et
955 547 1116 598 vitam
1133 542 1563 597 exercitateriam
1581 541 1740 594 duce-

158 651 302 706 rent,
321 658 388 694 ea:
402 639 681 709 improviso
698 636 1083 690 incurrentibus
1103 635 1343 688 barbaris
1392 645 1441 688 et
1454 634 1736 704 aggressis,

153 733 410 804 jugulare
436 741 645 786 sanctos
679 727 886 782 Patres.
938 727 1099 781 Nilus
1132 727 1343 798 quidem
1366 728 1537 797 potuit
1580 726 1740 796 aufu-

158 843 305 897 gere,
354 827 465 896 ejus
507 835 682 879 autem
725 823 870 893 ﬁlius
917 824 972 876 in
1016 830 1327 891 potestatem
1366 836 1545 875 eorum
1594 822 1731 874 venit

159 923 406 991 captivus
437 936 553 972 cum
573 934 675 972 uno
702 916 810 971 alio
834 916 1176 980 adolescente,
1214 925 1264 969 et
1293 915 1462 985 ligati,
1488 916 1666 977 tracti,
1690 922 1741 968 et

160 1014 384 1066 abducti
418 1013 654 1082 fuerunt.
700 1011 768 1063 At
815 1007 1031 1062 barbari
1075 1024 1193 1061 cum
1226 1008 1537 1062 invenissent
1566 1007 1737 1060 locant

159 1106 435 1168 virentem,
470 1101 854 1170 requieverunt,
884 1096 1220 1166 uolebantque
1257 1094 1509 1163 jugulare
1558 1093 1738 1145 adole-

158 1205 388 1258 scentes,
420 1203 470 1248 et
492 1192 795 1261 sacriﬁcare
828 1189 1008 1245 Stellae
1030 1189 1218 1243 orienti
1240 1197 1360 1241 ante
1392 1186 1575 1250 solem,
1594 1201 1739 1238 cum-

160 1305 258 1359 que
288 1294 582 1341 statuerent
604 1300 756 1337 mane
776 1281 1028 1352 jugulare
1068 1280 1440 1345 adolescentes,
1473 1288 1523 1333 et
1551 1278 1738 1348 offerre

158 1380 493 1449 sacriﬁcium
517 1376 701 1433 Stella:
740 1374 1031 1439 matutina,
1071 1390 1208 1428 unus
1248 1372 1458 1443 quidem
1511 1371 1738 1440 effugit;

164 1471 382 1526 barbari
430 1486 587 1541 porro
634 1469 1087 1530 indormiscentes,
1139 1475 1323 1521 exorto
1346 1468 1473 1529 sole,
1509 1474 1558 1518 et
1587 1464 1738 1517 stella

158 1564 271 1633 iam
295 1562 592 1625 recondita,
637 1561 852 1614 minime
884 1557 1208 1614 Theodulum
1234 1556 1589 1627 jugularunt;
1618 1571 1734 1608 cum

164 1665 344 1708 autem
365 1653 641 1707 diuendere
663 1651 871 1714 uellent,
900 1650 1031 1704 duos
1086 1658 1294 1703 tantum
1323 1664 1507 1702 aureos
1534 1662 1737 1715 compe-

1843 455 2126 527 πρότερον,
2148 457 2309 528 705
2325 466 2379 511 et
2395 458 2687 524 ἅνωκάτω,
2713 459 2879 526 idest,
2893 477 2983 516 sus
3000 465 3163 533 deque
3183 466 3415 531 integra;

1842 563 1967 603 nam
2010 548 2208 618 Photii,
2238 549 2550 620 Nicopbori,
2582 562 2634 607 et
2666 553 2895 608 aliorum
2929 554 3257 625 scriptorum
3293 557 3415 612 loca

1842 642 2090 699 laudibus
2130 644 2302 699 sancti
2336 642 2440 698 Nili
2493 646 2842 715 personantia
2876 661 3166 717 congerere
3190 647 3412 717 longum

1841 736 2003 792 nimis
2029 746 2084 792 et
2121 736 2367 806 putidum
2417 734 2606 791 foret:
2657 752 2720 792 ea
2773 746 3033 807 praeterea
3077 747 3186 793 tam
3239 740 3308 795 R.
3348 740 3410 795 Ρ.

1840 828 2122 896 Possinus,
2157 845 2321 901 quam
2351 828 2582 885 Allatius
2630 829 2750 886 fuse
2799 831 3198 901 premiserunt.
3231 830 3413 887 Unum

1839 927 2160 993 observabo,
2192 936 2456 997 martyres
2486 926 2614 980 olim
2649 937 2939 995 antequam
2965 927 3179 996 publica
3202 927 3309 983 illis
3326 943 3414 982 vc-

1840 1020 2047 1075 neratio
2066 1020 2467 1083 decerneretur,
2494 1019 2678 1087 illique
2716 1018 2771 1072 in
2796 1018 3071 1073 Cauonem
3097 1018 3296 1082 Missa,
3316 1035 3413 1074 seu

1841 1112 2272 1183 Liturgiaesacrae
2295 1111 2555 1182 Diptycha
2573 1110 2926 1177 referrentur,
2946 1110 3138 1167 solitos
3152 1111 3415 1166 vindicari

1840 1208 1939 1263 abs
1960 1205 2254 1277 episcopis,
2277 1203 2371 1274 qui
2396 1204 2681 1273 diligenter
2714 1203 3061 1272 inquirebant
3087 1219 3211 1259 cum
3239 1203 3413 1274 plebi-

1838 1300 1961 1361 bus.
1979 1315 2045 1354 ex
2068 1298 2261 1367 Optato
2284 1296 2616 1357 Milevitano,
2635 1296 2729 1350 lib.
2759 1296 2780 1347 1
2807 1293 3007 1349 Contra
3040 1294 3410 1363 Parmenian.,

1838 1402 1891 1448 et
1910 1407 1940 1447 e
1969 1402 2157 1445 sancto
2177 1390 2482 1459 Augustino
2506 1389 2558 1442 in
2588 1387 2787 1445 Brevic.
2811 1400 2927 1459 post
2952 1388 3246 1455 collation.,
3280 1406 3415 1459 sup-

1839 1483 1985 1554 plicii
2040 1492 2203 1552 atque
2260 1482 2411 1537 necis
2442 1496 2690 1545 causam,
2740 1498 2862 1552 quae
2898 1480 3030 1536 facit
3076 1491 3409 1553 martyrem;

1838 1588 2017 1643 neque
2072 1586 2199 1627 vero
2234 1586 2334 1641 pro
2384 1581 2624 1641 martyre
2664 1570 2806 1625 Deus
2838 1570 3123 1636 orabatur,
3177 1586 3244 1624 ne
3278 1571 3409 1625 huic

1839 1666 2036 1736 injuria
2089 1666 2274 1732 ﬁeret;
2326 1665 2419 1720 sed
2454 1662 2500 1717 is
2527 1664 2838 1731 rogabatur,
2869 1671 2929 1717 ut
2953 1678 3054 1732 pro
3084 1663 3242 1718 nobis
3273 1678 3407 1718 exo-

161 1748 396 1811 riebant,
430 1755 480 1799 et
510 1760 644 1798 unus
698 1743 970 1798 denudans
993 1759 1191 1806 ensem,
1220 1741 1420 1795 volebat
1458 1749 1734 1803 mactare;
1765 1778 1808 1833 Β
1837 1769 1984 1815 mret
2036 1758 2227 1824 Deum,
2280 1765 2398 1812 tum
2459 1771 2626 1824 super
2674 1755 2792 1824 ejus
2846 1764 3259 1811 monumentum
3311 1770 3410 1810 ει,

165 1848 278 1893 tum
303 1838 578 1907 episcopus
616 1850 732 1888 eum
772 1834 1009 1897 redemit,
1052 1841 1102 1885 et
1141 1830 1404 1894 liberavit;
1452 1838 1506 1883 at
1542 1830 1632 1883 ille
1662 1830 1736 1883 vi-

161 1948 286 1987 vens
319 1928 577 2001 prteclare
601 1926 901 1981 obdormiit.
929 1924 1394 1993 Adnotategregie
1413 1921 1477 1978 Β.
1512 1921 1576 1977 Ρ.
1606 1923 1737 1978 Pos~

162 2025 324 2082 sinus
363 2036 581 2091 semper
612 2017 1044 2082 laudatissimus,
1076 2031 1125 2086 p.
1168 2016 1264 2071 181
1336 2013 1484 2070 Nott.
1520 2015 1606 2072 bis
1656 2016 1740 2070 di-

160 2114 468 2177 venditum,
509 2125 572 2165 ac
600 2109 795 2180 legitur
840 2108 895 2162 in
934 2107 1104 2162 altero
1155 2107 1348 2161 codice
1398 2122 1541 2161 ms.:
1580 2106 1733 2159 Αὐτὸ

161 2208 277 2280 τὰρ
303 2203 716 2264 θεοποιοῦνται
734 2205 788 2257 οἱ
813 2202 1073 2273 μάταιοι,
1095 2200 1371 2270 ἠδυνήθη
1388 2199 1603 2269 φυγεῖν
1622 2194 1737 2266 εἷς·

162 2298 398 2369 συνέϐη
428 2315 493 2352 τε
523 2298 619 2351 καὶ
659 2297 828 2362 ὕπνῳ
855 2295 1090 2361 πρωΐνῳ
1125 2291 1632 2360 κατασκεσθῆναι,
1671 2292 1743 2346 ἐν

163 2412 229 2450 τε
261 2392 587 2463 παρελθεῖν
613 2390 723 2445 τὸν
747 2388 993 2456 άστερα,
1020 2387 1058 2455 ἢ
1087 2385 1398 2441 ἀνατεῖλαι
1418 2387 1525 2439 τὸν
1545 2385 1741 2452 ἣλιον,

164 2486 263 2540 καὶ
301 2481 654 2540 καταλιπεῖν
683 2480 789 2535 τοῦ
818 2479 1046 2548 σφάξαι
1076 2477 1185 2531 τὸν
1224 2477 1575 2539 Θεοδουλον,
1606 2476 1747 2530 ὅθεν

165 2578 443 2647 ἕαθησαν
466 2578 654 2631 αὑτὸν
681 2578 768 2642 εἰς
789 2573 1031 2645 πράσιν.
1058 2576 1162 2639 Eli;
1184 2577 1366 2627 πόλιν
1386 2588 1521 2626 τινα
1542 2573 1747 2626 ἐλθόν·

167 2685 268 2736 τες
299 2666 500 2739 μηδὲν
522 2667 730 2735 ἕτερον
767 2665 1050 2736 φέροντες
1072 2666 1179 2720 τοῦ
1202 2663 1538 2719 Θεόδούλον
1574 2666 1625 2718 εὶ
1657 2662 1745 2732 μὴ

166 2759 278 2815 δύο
306 2759 639 2829 χρυσίνους
665 2759 1021 2828 ἐγύμνωσαν
1059 2760 1127 2812 τὸ
1154 2758 1349 2827 ξίφος,
1393 2755 1492 2811 καὶ
1527 2756 1750 2811 ἔθεσαν

168 2852 267 2907 ἐπὶ
319 2852 429 2906 τὸν
484 2850 790 2921 τράχηλον
831 2850 1019 2905 αὑτοῦ
1067 2849 1444 2918 άπηλοῦντες
1491 2848 1745 2917 σφάξαι,

168 2944 360 2999 αὐτοῦ
428 2943 498 2997 δὲ
579 2943 954 3008 ἱκετεύοντος
1030 2941 1338 3011 ἠγοράσθη
1409 2940 1568 3009 παρὰ
1639 2939 1748 2994 τοῦ

171 3035 509 3090 ἐπισκόπου
544 3051 560 3067 ο
620 3034 879 3101 ὕστερον
949 3031 1018 3085 δὲ
1068 3035 1099 3085 ό
1157 3033 1352 3100 πατὴρ
1396 3030 1580 3085 αὐτοῦ
1633 3032 1749 3085 άπ-

1839 1852 2099 1911 struendo
2142 1852 2313 1906 altare
2361 1849 2491 1915 Deo,
2528 1850 2582 1903 in
2616 1849 2799 1902 album
2857 1856 2912 1903 et
2942 1864 3230 1902 numerum
3277 1861 3410 1901 san-

1838 1956 2051 2002 ctorum
2082 1960 2205 2000 eum
2227 1944 2585 1999 asciscehant.
2615 1953 2673 1996 ut
2694 1942 2928 1996 aﬂirmat
2963 1942 3125 1996 etiam
3154 1941 3412 1996 Nicolaus

1838 2034 2193 2099 Alemannus,
2236 2031 2461 2085 Dissert.
2497 2031 2563 2085 de
2583 2030 2899 2085 Lateranen.
2954 2030 3156 2085 Pariet.
3205 2045 3260 2100 p.
3306 2029 3407 2096 54;

1839 2139 1903 2179 ex
1952 2131 2141 2178 sancto
2174 2122 2475 2190 Augustino
2514 2134 2679 2175 serm.
2718 2120 2821 2175 H5
2856 2120 2931 2173 De
2959 2121 3151 2174 divers.
3183 2129 3239 2175 et
3274 2136 3323 2175 c.
3359 2135 3413 2175 γι

1841 2212 2130 2283 Apocalyp.
2199 2209 2400 2267 Verum
2438 2209 2542 2265 iste
2583 2213 2722 2265 ritus
2757 2210 3032 2266 adhibitus
3060 2209 3165 2265 fuit
3194 2219 3247 2264 et
3276 2226 3413 2267 con-

1841 2304 2145 2361 fossoribus
2180 2318 2247 2358 ex
2275 2302 2435 2358 Petro
2488 2302 2749 2357 Damiano
2782 2302 2836 2356 in
2877 2300 2981 2356 Vit.
3015 2300 3075 2357 S.
3105 2300 3414 2367 Romualdi,

1843 2413 1893 2453 c.
1929 2397 2017 2463 72,
2046 2405 2104 2451 et
2130 2396 2361 2467 epistola
2416 2397 2486 2451 29
2520 2398 2587 2451 ad
2611 2395 2903 2451 Henricum
2939 2395 3414 2466 archiepiscopum

1845 2490 2190 2554 Ravennat.,
2247 2498 2410 2559 atque
2474 2488 2753 2543 cardinale
2800 2486 3058 2552 Barouio,
3113 2500 3237 2556 cap.
3287 2486 3322 2541 5
3358 2486 3415 2541 in

1844 2583 2230 2656 MartyroIOgio
2280 2581 2550 2637 Romano.
2595 2581 2748 2637 Unde
2788 2580 3144 2635 canonizatos
3171 2580 3293 2645 hos,
3324 2578 3420 2633 Ni-

1846 2678 1959 2733 lum
1984 2675 2188 2732 scilicet
2207 2684 2366 2744 atque
2390 2671 2755 2736 Theodulum,
2781 2671 2950 2725 fuisse
2976 2670 3166 2739 liquet,
3200 2668 3420 2738 quando

1848 2768 1952 2823 sub
1986 2765 2141 2821 altari
2196 2764 2418 2819 fuerunt
2464 2776 2653 2816 eorum
2695 2760 2985 2814 recondita:
3009 2758 3286 2828 reliquiae;
3320 2757 3418 2814 de-

1848 2856 2196 2912 clarabantur
2246 2854 2390 2908 enim
2441 2854 2544 2907 hoc
2594 2854 2700 2905 ritu
2740 2850 2862 2905 illos
2913 2849 3137 2913 vixisse,
3162 2863 3225 2903 ac
3258 2847 3419 2901 rebus

1851 2948 2015 3017 gestis
2050 2946 2318 3001 meruisse
2346 2944 2621 2999 ccelestem
2654 2942 2987 3005 beatitatem,
3021 2951 3073 2995 et
3105 2939 3419 2994 facultatem

1850 3055 1949 3110 pro
2006 3038 2165 3093 nobis
2218 3052 2314 3092 eos
2362 3035 2749 3091 invocantibus
2804 3033 2943 3102 apud
2980 3032 3149 3087 Deum
3185 3033 3420 3085 interve-

169 3127 392 3183 ἔλαϐον
446 3128 654 3191 αὑτὸν,
722 3127 822 3181 καὶ
886 3126 954 3179 τὸ
1014 3124 1230 3179 λοιπὸν
1291 3123 1404 3192 τῆς
1441 3123 1591 3193 ζωῆς
1647 3139 1778 3181 κα-⁴

1851 3129 2057 3185 niendi.
2086 3127 2224 3183 Sunt
2253 3127 2453 3198 quippe
2482 3127 2677 3195 phialae
2694 3140 2872 3179 aureae
2901 3125 3071 3193 plenae
3098 3124 3421 3178 odoramen-

172 3219 292 3287 ,ιὼς
345 3219 580 3285 ⁶ϐιώσας
618 3219 689 3273 ἐν
730 3216 938 3286 εἰρήνῃ
978 3214 1309 3284 ἐτελειώθη.
1338 3216 1393 3269 1d
1438 3224 1557 3269 est:
1585 3213 1748 3268 Illam

173 3317 314 3371 enim"
335 3316 545 3370 stellam
576 3312 909 3384 fatui-Deum
928 3327 1038 3366 esse
1067 3312 1292 3381 ﬁngunt,
1326 3312 1491 3377 potuit
1523 3310 1744 3380 aufuge-

176 3423 231 3461 re
250 3423 415 3469 unus.
449 3405 663 3475 contigit
693 3412 743 3457 et
766 3419 947 3457 somno
983 3403 1243 3456 matutino
1270 3401 1512 3454 distineri
1547 3399 1745 3452 barba-

175 3516 285 3566 ros,
317 3511 367 3555 et
393 3500 600 3554 interim
626 3499 865 3559 Astrum,
887 3512 979 3551 seu
997 3496 1222 3551 Stellam
1247 3496 1536 3565 pra'terire,
1568 3494 1747 3549 Solem

176 3610 294 3649 vero
344 3595 563 3659 exoriri,
610 3593 1021 3661 destiteruntque
1053 3590 1137 3643 illi
1185 3590 1249 3642 ab
1296 3589 1537 3658 incepto,
1586 3604 1747 3657 neque

180 3686 508 3743 Theodulum
530 3684 889 3756 jugularunt;
912 3681 1049 3735 unde
1077 3680 1227 3733 illum
1254 3680 1323 3733 ad
1349 3679 1761 3734 venundandam.

178 3785 428 3852 sospitem
478 3779 840 3849 reliquerunt,
897 3775 1153 3829 venientes
1218 3782 1393 3827 autem
1448 3772 1515 3825 ad
1566 3771 1746 3824 urbem

178 3872 483 3943 quamdam,
514 3871 644 3925 nihil
673 3868 843 3935 aliud,
866 3870 969 3923 nisi
991 3870 1119 3921 duos
1140 3882 1325 3921 aureos
1360 3881 1454 3934 pro
1481 3861 1748 3917 Theodulo

178 3966 563 4038 proferentibus
593 3964 696 4028 his,
719 3964 809 4034 qui
839 3962 1094 4027 emebant,
1127 3960 1510 4014 distrinxerant
1550 3973 1743 4021 ensem,

180 4070 229 4113 et
246 4076 401 4130 super
422 4056 585 4127 ipsius
605 4056 797 4111 collum
822 4063 1128 4126 posuerunt,
1149 4053 1447 4106 minitantes
1470 4066 1578 4105 sese
1595 4049 1748 4103 illum

181 4163 530 4206 mactaturos.
562 4150 679 4219 Ipse
702 4165 820 4204 vero
866 4149 1107 4219 supplex,
1139 4156 1189 4201 et
1232 4162 1455 4200 exorans
1485 4153 1747 4212 coemptas

183 4243 285 4311 fuit
336 4242 400 4297 ab
437 4243 701 4313 episcopo,
734 4242 856 4295 dein
893 4241 1007 4310 ejus
1053 4248 1203 4308 pater
1242 4239 1411 4307 ipsum
1447 4236 1655 4305 recepit,
1699 4243 1750 4289 et

180 4335 513 4402 postmodum
542 4333 838 4389 Theodulus
866 4334 1028 4388 vitam
1058 4331 1314 4402 reliquam
1347 4340 1523 4384 sancte
1557 4328 1747 4382 tradu-

1852 3231 2028 3278 torum
2062 3220 2333 3275 orationes
2360 3229 2674 3273 sanctorum
2702 3233 2747 3273 c.
2782 3234 2838 3281 ν,
2871 3232 2921 3271 v.
2954 3216 2987 3270 8
3016 3215 3305 3286 Apocalyp.
3327 3232 3343 3280 ;
3368 3225 3422 3269 et

1850 3315 2071 3368 multum
2104 3313 2240 3367 valet
2271 3313 2568 3382 deprecatio
2585 3312 2722 3379 justi
2755 3310 2996 3374 assidua,
3032 3324 3063 3363 e
3100 3308 3278 3363 sancti
3323 3305 3419 3362 Ja-

1846 3404 2229 3475 cobiEpistola
2257 3420 2307 3460 c.
2334 3420 2384 3470 v,
2437 3420 2489 3458 v.
2527 3404 2616 3458 16.
2652 3404 2916 3457 Torreute
2951 3415 3188 3470 namque
3228 3398 3423 3470 volup.

1847 3498 1975 3553 tatis
2024 3505 2282 3566 potantur
2306 3497 2360 3550 in
2390 3495 2642 3565 paradiso
2665 3494 2863 3556 sancti.
2896 3503 2949 3548 et
2977 3493 3031 3547 in
3062 3493 3268 3549 lumine
3298 3493 3423 3548 bea-

1850 3586 1995 3643 tiﬁco
2026 3587 2209 3641 vident
2236 3587 2409 3641 lucem
2439 3585 2891 3653 inaccessibilem,
2922 3592 2978 3641 et
3006 3585 3190 3641 lumen
3222 3586 3419 3643 indeli-

1847 3677 2018 3742 ciens,
2054 3691 2119 3733 ac
2147 3677 2374 3743 deliciis,
2408 3677 2733 3748 gaudiisque
2758 3678 2976 3733 arcanis
3010 3676 3126 3743 Dei,
3163 3694 3283 3748 qua:
3310 3695 3418 3734 non

1846 3772 1977 3827 licet
2003 3770 2211 3825 homini
2245 3770 2415 3839 loqui,
2435 3771 2539 3825 hoc
2564 3778 2647 3825 est
2670 3770 3133 3825 inenarrabilibus
3164 3770 3281 3825 sine
3313 3772 3420 3826 line

1846 3864 2220 3936 perfruuntur.
2240 3862 2424 3919 Gloria
2438 3864 2547 3919 hac
2562 3873 2641 3919 est
2655 3863 2895 3919 omnibus
2907 3864 3103 3919 sanctis
3113 3865 3251 3934 ejus,
3273 3868 3421 3920 canit

1847 3958 2036 4024 David,
2063 3957 2211 4015 Psal.
2242 3973 2424 4018 cxm.
2450 3974 2505 4013 ν.
2534 3957 2588 4025 9,
2613 3959 2678 4012 ad
2707 3972 2870 4027 quam
2900 3956 3219 4027 benignilica
3243 3956 3417 4027 gratia

1846 4051 2157 4107 miserentis
2178 4050 2441 4106 Altissimi
2468 4064 2569 4106 nos
2598 4057 2657 4104 ut
2683 4050 2894 4116 evehat,
2927 4049 3236 4119 redemptos
3260 4063 3419 4104 sacro

1847 4145 2113 4217 sanguine
2141 4143 2263 4198 Filii
2315 4142 2401 4198 sui
2452 4142 2669 4197 Domini
2702 4143 2876 4200 nostri
2903 4140 3032 4197 Jesu
3063 4141 3290 4205 Christi,
3326 4139 3420 4195 Ni-

1845 4238 1959 4294 lum
1993 4246 2049 4293 et
2076 4236 2438 4301 Theodulum,
2466 4237 2765 4306 beatosque
2794 4249 2989 4291 omnes
3025 4233 3254 4304 spiritus
3274 4233 3417 4289 votis

1848 4330 2121 4386 continuis
2175 4328 2374 4382 obnixe
2430 4327 2718 4397 deprecor,
2772 4336 2832 4381 ut
2882 4342 2977 4396 per
3006 4339 3120 4391 eos,
3152 4334 3207 4381 et
3234 4322 3415 4378 Nilum

181 4428 282 4491 sit,
304 4443 367 4480 ac
405 4428 459 4480 in
492 4441 619 4496 pace
663 4432 1056 4477 consummatus
1103 4430 1201 4476 est.
1255 4419 1495 4475 Plurima
1528 4433 1748 4489 quoque
1782 4484 1817 4496 λ
1848 4420 2139 4491 praecipue,
2171 4418 2328 4488 cujus
2357 4418 2449 4473 hic
2469 4419 2632 4472 vitam
2658 4417 2713 4471 iu
2742 4416 2900 4473 terris
2925 4415 3211 4483 delineavi,
3237 4414 3417 4468 vivam

183 4517 273 4571 lux
291 4517 543 4574 Historia:
557 4516 777 4571 Niliaca:
792 4513 1064 4585 ali‘ulgebit
1082 4528 1149 4567 ex
1171 4512 1273 4575 his,
1294 4527 1415 4581 qua:
1433 4512 1486 4565 in
1505 4509 1746 4564 Meuolo-

185 4610 271 4681 gio
284 4619 635 4667 recensentur
653 4608 720 4665 de
734 4607 1036 4673 monachis,
1068 4620 1206 4677 quos
1225 4613 1488 4660 necarunt
1507 4603 1746 4669 barbari,

1851 4523 2110 4568 aeternum
2147 4510 2201 4565 in
2238 4510 2398 4575 coelo,
2429 4518 2483 4565 et
2512 4510 2652 4564 inter
2680 4524 2776 4564 eos
2805 4508 2938 4561 mihi
2964 4523 2994 4562 e
3024 4505 3263 4578 peccatis
3282 4505 3418 4560 meis

1853 4603 2148 4673 emergenti
2198 4604 2351 4658 locus
2380 4617 2600 4657 sursum
2635 4602 2963 4657 inveniatur.

1514 4775 2113 4804 -ψη

258 4939 510 5011 Sequitur
568 4943 708 5010 apud
757 4940 1063 5011 Suaresium
1113 4948 1411 5011 erratorum

1488 4938 1648 4991 series
1694 4953 1811 5007 qua:
1876 4953 1968 5007 per
2019 4937 2243 5005 paginas
2295 4932 2382 5000 l7,
2417 4934 2652 5005 in-folio,
2698 4944 2758 4990 ut
2795 4934 2968 5001 aiunt,
3045 4932 3417 5002 exspatiatur;

188 5006 575 5077 prteniittunlur
603 5006 779 5068 uersus
808 5010 996 5083 quibus
1025 5007 1257 5063 Lectoris
1286 5008 1668 5078 indulgentiam
1708 5006 1899 5060 Editor
1932 5007 2188 5061 sollicitat
2215 5021 2235 5059 .'

995 5142 1305 5197 Humanum
1343 5155 1422 5197 est
1449 5157 1648 5213 errare,
1674 5158 1883 5213 manus
1936 5159 2137 5213 quoque
2185 5140 2391 5196 lubrica
2420 5141 2568 5211 fallit

1132 5213 1295 5285 .Sunt
1350 5212 1566 5285 fragiles
1599 5211 1792 5265 calami
1822 5211 2171 5281 difﬁcilesque
2211 5214 2339 5282 typi.

1002 5282 1207 5356 Ingenii
1263 5282 1358 5338 est
1390 5283 1572 5338 eadem
1622 5297 1724 5356 non
1765 5299 1992 5356 semper‘
2016 5282 2447 5356 uenasremittt't

1140 5357 1309 5409 Arcus
1368 5363 1588 5418 tensus;
1643 5352 1825 5407 hebent
1875 5353 2127 5421 ancipites
2158 5354 2343 5424 gladii.

995 5426 1212 5493 Corrige
1264 5424 1340 5477 sic
1376 5440 1496 5493 ergo
1553 5440 1753 5478 errores
1788 5439 1879 5492 per
1928 5422 2180 5492 opuscula
2220 5422 2358 5490 Nili,

1128 5443 1147 5477 ι
1186 5443 1212 5477 e
1264 5443 1340 5477 διε
1376 5443 1496 5493 ergo
1553 5443 1753 5478 errores
1788 5443 1879 5492 per
1928 5443 2180 5492 opuscutu
2220 5443 2335 5477 mu

1128 5443 1328 5552 ﬁgancta
1377 5504 1453 5551 tot
1502 5494 1650 5551 illius
1694 5495 1785 5565 qui
1828 5492 2139 5549 documenta
2186 5494 2338 5566 legis.
