3816 6220
394 263 533 329 1435
1898 244 1957 304 S‘.
1998 242 2048 304 N

2126 242 2171 303 .1‘
3519 233 3679 299 11135-

389 387 3659 447 Μ

1467 538 1698 627 ΤΟΥ
1779 536 2127 626 ΛΓΙΟΥ
2174 535 2597 625 ΝΕῘΛΟΥ

473 750 831 867 ΠΕΡΙ
869 751 1172 864 ΤΩΝ
1218 747 1645 864 ΟΚΤΩ
1717 746 2021 860 ΤΗΣ
2093 746 2691 861 ΚΑΚΙΑΣ
2736 737 3591 862 ΛΟΓΙΣΜΩΝ.

1648 1042 2064 1138 SANCTI
2138 1044 2397 1135 NILI-

646 1246 828 1360 DE
908 1241 1289 1359 OCTO
1401 1239 2036 1356 VITIOSIS
2144 1238 3425 1360 COGITATIONIBUS.

1366 1441 1698 1503 (Cornutus,
1727 1442 2034 1491 Monumenta
2062 1439 2290 1492 Ecclesiae
2310 1444 2512 1501 ercw,
2540 1448 2574 1491 t.
2602 1441 2713 1503 ΙΙΙ.)

1994 1598 2059 1609 -

1852 1706 2228 1767 MONITUM.

478 1862 570 1924 Ex
623 1859 873 1922 duobus
920 1856 1314 1929 tractatibus,
1375 1870 1544 1935 quos
1573 1870 1768 1935 super
1798 1853 2047 1935 eodem
2081 1858 2483 1935 argumento,
2508 1851 2611 1935 _de_
2642 1860 2789 1935 octo
2833 1853 3425 1935 vitiis,_composuit
3454 1859 3523 1920 Β.
3557 1862 3689 1921 Ni-

401 1942 528 2016 lus,
585 1938 852 2002 alterum
917 1936 1261 1999 ediderunt
1300 1930 1748 2016 ac'Latinitate
1776 1930 2179 2016 donaverunt
2212 1932 2341 2016 duo
2402 1931 2523 2016 viri
2574 1930 3691 2016 doeti,_Franciscus'Combeﬁsius

404 2022 475 2083 in
510 2009 802 2081 Auctario
842 2034 957 2078 suo
993 2018 1427 2095 postremo,et
1462 2012 1779 2095 Iosephus
1830 2012 2018 2074 Maria
2063 2011 2391 2095 Suaresius
2437 2013 2506 2095 in
2563 2009 2941 2095 Collectione
2994 2013 3460 2095 opusculorum
3502 2019 3674 2078 Nili:

410 2099 836 2176 eamdemque
890 2089 1109 2176 rursus
1146 2093 1345 2176 praedo
1395 2089 1733 2176 commisit,
1793 2109 1935 2153 cum
1984 2089 2583 2176 antiqua_versione
2638 2089 2922 2176 nondum
2948 2089 3109 2176 visa,
3156 2110 3285 2154 non
3317 2094 3459 2156 sine
3494 2099 3679 2160 laude

404 2167 856 2240 memorandus
894 2167 1216 2253 Emericus
1258 2171 1538 2250 Bigotius
1566 2177 1827 2253 ;_ex_stat
1866 2176 2082 2253 autem
2131 2167 2197 2230 in
2224 2168 2493 2253 duobus
2545 2167 2793 2249 scriptis
2845 2169 3169 2253 codicibus
3214 2174 3439 2253 Regia:
3483 2193 3677 2253 gazae,

406 2257 545 2327 348,
595 2264 658 2317 et
698 2254 869 2321 1386.
908 2271 1020 2315 seu
1051 2252 1229 2325 2425,
1271 2247 1541 2332 quorum
1595 2249 1662 2332 in
1701 2248 1837 2332 hoc
1876 2249 2111 2327 volupe
2154 2247 2309 2332 mihi
2344 2247 2461 2308 fuit
2509 2247 2770 2310 cernere
2823 2249 3186 2326 praeclaram
3225 2247 3403 2313 illam
3450 2247 3678 2318 léctio4

404 2354 577 2408 nem,
624 2352 815 2414 quam
863 2343 1035 2395 tomo
1086 2326 1402 2414 superi—ori
1436 2347 1511 2390 ex
1536 2329 1797 2414 antiquo
1822 2326 2048 2414 interpi

2126 2344 2169 2414 ,β
2191 2326 2596 2414 colleg_eram_,
2621 2338 3129 2414 ταπεινὸεὲκεῖνος,
3150 2340 3245 2414 καὶ
3376 2345 3678 2413 μετέωρος.

405 2407 583 2476 Alter
629 2407 775 2475 vero
822 2407 1283 2491 tractatusfbic
1313 2425 1567 2491 nempe,
1600 2408 1811 2469 Latine
1852 2407 2092 2491 prodiit
2133 2407 2200 2468 in
2230 2407 2531 2491 operibus
2559 2407 2824 2491 Joapnis
2862 2408 3231 2491 Damasceni
3271 2412 3351 2473 ab
3377 2407 3682 2475 accurato

406 2495 719 2573 scriptore
752 2492 987 2554 Iacobo
1044 2484 1652 2573 Billio_translatus;
1708 2484 1884 2573 nunc
1929 2487 2145 2573 Graece
2194 2484 2516 2573 profertur
2546 2485 2851 2573 ad__ﬁdegn
2900 2488 3171 2551 duorum
3217 2492 3693 2573 exemplarium

410 2563 785 2652 Regiorum,
827 2588 1004 2633 num.
1048 2566 1406 2631 1770-1662.
1468 2570 1674 2645 Atque
1711 2566 1940 2627 horum
1982 2563 2575 2646 primo—praefigitur
2612 2563 2977 2642 distichum,

1045 2713 1242 2797 ἕείλου
1279 2713 1670 2797 μὲννποταμοῖο
1703 2709 1826 2797 ῥόος
1862 2708 2029 2797 χθόνα
2071 2704 2494 2797 οῖδὶθποξίζειψ

1043 2783 1240 2835 Νείλου
1274 2774 1320 2835 δ’
1343 2783 1413 2836 αὖ
1444 2774 1712 2853 μοναχοῐο
1735 2774 1895 2849 λόγος
1927 2779 2130 2852 φρένας
2149 2774 2289 2832 οἶδεν
2312 2780 2524 2835 ίαίνειν.

410 2903 549 2965 Hoc
588 2906 702 2973 est,
736 2897 918 2959 Billio
949 2897 1296 2976 interprete
1325 2912 1339 2969 ;

1060 3026 1199 3078 Arva
1230 3025 1366 3094 rigat
1402 3022 1562 3094 Nilus

1594 3023 1787 3091 [lui-ius
1825 3037 1843 3071 :
1874 3022 1963 3077 sed
1996 3029 2212 3092 pectora
2249 3038 2442 3090 sermo,

1055 3096 1136 3149 Ea:
1168 3092 1412 3148 monac/ii
1448 3092 1563 3146 Nili
1588 3096 1676 3164 qui
1704 3094 1824 3161 ﬂuit
1861 3108 1970 3158 ore,
2000 3095 2159 3164 rigat.

1062 3328 1141 3384 De
1178 3329 1325 3399 gula.

482 3431 561 3486 De
598 3435 723 3483 octo
755 3423 971 3481 vntiosis
1004 3423 1433 3495 cogitationibus
1465 3436 1563 3478 seu
1606 3420 1989 3477 aﬂ‘ectionibus

412 3522 658 3581 scribere
678 3517 941 3588 aggressi,
962 3517 1123 3587 gulae,
1157 3516 1406 3585 inquam,
1437 3512 1838 3582 fornicationis,
1865 3529 1995 3568 ava-

412 3616 573 3678 ritiae,
613 3616 729 3679 ira},
762 3611 1018 3675 tristitiae,
1060 3609 1285 3673 acediaz,
1333 3608 1512 3663 inanis
1557 3608 1768 3679 gloriae,
1813 3615 1867 3663 et
1899 3622 1995 3663 su-

411 3708 633 3781 perbiae,
669 3704 822 3775 prius
855 3704 922 3757 de
956 3702 1161 3757 ventris
1195 3701 1551 3768 continentia,
1583 3716 1614 3754 a
1661 3716 1768 3770 qua
1809 3699 1994 3772 gulam

411 3815 654 3873 quoque,
694 3806 753 3852 ut
777 3794 1171 3857 adversariam,
1219 3793 1590 3848 internoscere
1615 3793 1855 3861 proclive
1886 3797 1993 3857 est,

412 3895 580 3950 verba
626 3891 916 3946 faciemus.
969 3885 1158 3940 Patres
1202 3885 1389 3955 itaque
1428 3900 1538 3939 non
1585 3900 1751 3939 unam
1796 3881 1995 3954 jejunii

413 3985 682 4055 regulam,
716 3995 893 4050 neque
929 3994 1092 4033 unam
1121 3991 1175 4032 et
1212 3977 1460 4032 eamdem
1505 3976 1844 4047 percipiendi
1887 3974 1996 4031 cibi

415 4078 650 4134 formam
706 4085 1130 4141 mensuramque
1188 4068 1561 4133 tradiderunt;
1599 4067 1746 4137 quod
1796 4066 1882 4120 vel
1924 4066 1995 4121 ob

408 4176 653 4230 aetatem,
691 4165 774 4219 vel
824 4163 896 4218 ob
945 4160 1405 4225 imbecillitatem,
1443 4160 1529 4214 vel
1581 4160 1655 4214 ob
1699 4156 1994 4228 quemdam

410 4258 665 4330 corporis
695 4256 966 4317 habitum,
1000 4270 1111 4308 non
1151 4268 1344 4308 omnes
1390 4253 1579 4307 eodem
1614 4252 1813 4307 robore
1854 4265 1996 4321 prte—

412 4351 517 4405 diti
552 4349 679 4406 sint.
733 4347 803 4401 At
842 4361 973 4401 vero
1006 4361 1175 4399 unum
1223 4343 1479 4399 omnibus
1514 4358 1740 4411 scopum
1791 4357 1995 4413 propo-

415 4448 670 4505 suerunt,
699 4438 1001 4508 ingluviem
1031 4434 1222 4507 fugere
1252 4442 1308 4489 et
1340 4434 1695 4489 saturitatem
1727 4433 1993 4488 aversari.

418 4532 597 4589 Unius
620 4548 785 4604 porro
815 4530 920 4586 diei
948 4530 1222 4600 jejunium
1254 4528 1443 4583 utilius
1481 4542 1601 4582 esse
1638 4534 1995 4593 censuerunt,

418 4642 585 4697 quam
637 4625 770 4680 illud
817 4622 966 4693 quod
1007 4629 1103 4676 aut
1146 4621 1287 4676 duos
1338 4629 1434 4674 aut
1484 4627 1593 4674 tres
1639 4628 1734 4673 aut
1760 4628 1998 4688 quatuor

418 4720 561 4783 dies,
600 4725 696 4771 aut
740 4717 904 4771 etiam
951 4728 1127 4785 usque
1170 4713 1239 4768 ad
1291 4711 1683 4767 hebdomadam
1730 4711 1844 4765 sine
1886 4710 2002 4765 cibo

420 4808 783 4882 protrahitur.
839 4807 1009 4861 Aiunt
1059 4805 1207 4859 enim
1258 4818 1382 4859 eum
1435 4802 1528 4872 qui
1572 4800 1809 4855 inediam
1859 4801 2003 4855 ultra

421 4902 645 4959 modum
681 4899 980 4971 protendit,
1027 4900 1170 4963 ultra
1221 4897 1444 4953 modum
1489 4896 1655 4952 etiam
1690 4894 2004 4965 frequenter

420 4994 562 5051 cibis
589 4994 702 5061 uti;
736 4993 974 5064 hincque
1004 4992 1143 5059 ﬁeri,
1169 5001 1229 5047 ut
1253 4990 1528 5047 interdum
1561 4989 1780 5060 quidem
1810 4988 2004 5045 fraude

423 5103 523 5143 seu
553 5103 779 5143 excessu
811 5086 1030 5165 inediae,
1057 5101 1260 5155 corpus
1290 5084 1530 5151 fatiscat,
1564 5094 1725 5155 atque
1750 5084 1815 5140 ad
1841 5084 2003 5154 spiri-

424 5180 592 5235 lualia
645 5180 832 5234 munia
866 5180 1120 5234 obeunda
1168 5179 1470 5250 pigrescat;
1532 5177 1806 5233 interdum
1879 5194 2004 5232 rur—

425 5289 526 5329 sus
554 5273 800 5329 alimenti
847 5274 1004 5345 c0pia
1047 5273 1407 5344 depressum,
1452 5270 1693 5327 animam
1752 5271 1821 5326 ad
1876 5286 2003 5325 ace—

422 5364 571 5420 diam
619 5364 1043 5436 languidamque
1092 5364 1381 5422 mollitiem
1429 5362 1614 5420 ducat.
1681 5362 1761 5418 Ac
1805 5361 2004 5418 deinde

2564 3334 2703 3403 Περὶ
2724 3334 3209 3405 γαστριμαργίας.

2174 3424 2310 3495 Περὶ
2339 3423 2448 3477 τῶν
2490 3424 2635 3479 ὀκτὼ
2659 3424 2758 3496 τῆς
2803 3425 3000 3490 κακίας
3025 3426 3306 3499 λογισμῶν
3338 3430 3465 3501 ἦτοι
3511 3432 3701 3487 παθῶν

2102 3517 2549 3587 ἐπιχειρήσαντες
2567 3516 2798 3588 γράψαι,
2822 3521 3270 3590 γαστριμαργίας
3289 3522 3439 3592 λέγω
3461 3526 3559 3579 καὶ
3576 3545 3689 3598 πορ-

2102 3610 2251 3673 νείας
2280 3610 2373 3663 καὶ
2400 3609 2765 3681 φιλαργυρίας
2795 3610 2889 3665 καὶ
2905 3612 3073 3682 ὀργῆς
3099 3614 3194 3667 καὶ
3226 3614 3409 3686 λύπης
3444 3622 3543 3673 καὶ
3562 3622 3689 3691 ἀτη-

2100 3702 2218 3766 δίας
2249 3703 2343 3755 καὶ
2369 3702 2677 3769 κενοδοξίας
2701 3704 2798 3757 καὶ
2826 3704 3226 3775 ὑπερηφανίας,
3258 3713 3689 3781 προηγουμένως

2102 3796 2231 3867 περὶ
2259 3796 2585 3867 ἐγκρατείας
2612 3797 2846 3867 γαστρὸς
2866 3795 3122 3868 ἐροῦμεν,
3155 3796 3340 3872 άφ“ἧς
3374 3803 3567 3873 ῥᾴδιον
3584 3804 3689 3859 δια-

2101 3888 2341 3958 γνῶσθαι
2372 3890 2389 3919 ¹
2418 3888 2510 3942 καὶ
2542 3888 2640 3959 τὴν
2664 3889 3105 3958 γαστριμαργίαν
3128 3930 3144 3955 ,
3177 3890 3254 3954 ὡς
3280 3890 3687 3965 ἀντικειμένην.

2103 3983 2167 4036 Οἱ
2211 3980 2453 4051 Πατέρες
2502 3980 2681 4032 τοίνυν
2724 3980 2823 4050 οὑχ
2855 3979 2952 4034 ἕνα
2993 3978 3197 4035 κανόνα
3240 3985 3547 4053 νηστείας,
3583 3986 3693 4040 οὐδὲ

2101 4074 2191 4128 τὸν
2223 4073 2383 4125 αὐτὸν
2403 4071 2602 4143 τρόπον
2623 4071 2722 4141 τῆς
2740 4072 2847 4125 τῶν
2870 4070 3177 4144 βρωμάτων
3205 4076 3596 4147 μεταλήψεως,
3616 4080 3693 4132 οὐ·

2101 4165 2159 4218 δὲ
2186 4164 2247 4217 τὸ
2282 4162 2411 4216 αὐτὸ
2442 4162 2636 4235 μέτρον
2670 4161 3092 4234 παραδεδώκασι
3121 4181 3135 4195 ·
3174 4165 3264 4218 διὰ
3296 4168 3359 4219 τὸ
3388 4169 3471 4238 μὴ
3498 4170 3694 4231 πάντας

2101 4258 2204 4328 τὴν
2237 4256 2404 4327 αὐτὴν
2430 4257 2582 4326 ἰσχὺν
2616 4254 2814 4326 ἔχεινῆ
2847 4254 2913 4307 δι’
2939 4255 3179 4326 ἡλικίαν,
3210 4258 3245 4328 ἢ
3273 4258 3347 4311 δι’
3387 4260 3691 4321 ἀσθένειαν,

2103 4350 2136 4420 ἢ
2158 4349 2225 4403 δι’
2248 4349 2357 4413 ἕξιν
2387 4348 2510 4401 τινὰ
2528 4345 2780 4417 σώματος
2798 4363 2813 4377 ·
2840 4348 2935 4401 ἕνα
2957 4346 3016 4401 δὲ
3036 4350 3171 4401 πᾶσι
3195 4350 3400 4404 σκοπὸν
3418 4352 3693 4413 ὑπέθεντο.

2104 4442 2326 4511 φεύγειν
2372 4442 2470 4503 τὴν
2499 4439 2820 4510 πλησμονὴν
2851 4442 2947 4493 καὶ
2997 4441 3453 4511 ἀποστρέφεσθαι
3483 4448 3579 4497 τὸν
3612 4444 3693 4497 κόο

2109 4550 2219 4605 ρον.
2242 4533 2353 4605 Τὴν
2370 4533 2427 4587 δὲ
2459 4532 2833 4603 καθημερινὴν
2858 4532 3112 4601 νηστείαν
3135 4533 3479 4604 ἐδοκίμασαν
3510 4538 3695 4607 ὡφελι-

2112 4624 2362 4695 μωτέραν
2392 4620 2531 4678 εἶναι
2564 4625 2665 4695 τῆς
2690 4627 2748 4678 ὲν
2781 4624 2933 4678 δυσὶν
2963 4624 2999 4696 ἢ
3033 4626 3215 4697 τρισὶν
3252 4626 3285 4697 ἢ
3340 4628 3693 4700 τέσσαρσινῆ

2108 4718 2204 4770 καί¹
2236 4717 2428 4787 μέχρις
2474 4716 2767 4787 ἑϐδομάδος
2799 4716 3239 4789 παρελκομένης.
3283 4719 3429 4771 Φασὶ
3479 4722 3593 4788 γὰρ
3622 4720 3695 4772 τὸν

2109 4808 2368 4880 ἀμέτρως
2412 4812 2479 4879 τῇ
2516 4810 2740 4881 νηστείᾳ
2785 4811 3278 4881 παρεκτεινόμενον
3328 4811 3479 4882 ὑπὲρ
3514 4814 3695 4885 μέτρον

2110 4900 2371 4963 πολλάκις
2402 4902 2707 4973 κεχρῆσθαι
2753 4905 2818 4974 τῇ
2856 4906 3056 4974 τροφῇ,
3085 4903 3386 4958 κάντεῦθεν
3442 4909 3582 4960 ποτὲ
3610 4907 3695 4976 μὲν

2108 4995 2175 5065 τῇ
2205 4992 2438 5064 ὑποϐολῇ
2468 4995 2488 5024 ²
2521 4997 2621 5061 τῆς
2645 4994 2857 5058 ἀσιτίας
2886 4996 3097 5048 ἀτονεῖν
3129 4995 3191 5049 τὸ
3224 4995 3414 5066 σῶμα,
3445 4997 3549 5050 καὶ
3577 4996 3694 5066 πρδς

2108 5086 2209 5150 τὰς
2235 5087 2613 5157 πνευματικὰς
2641 5087 2984 5159 λειτουργίας
3007 5088 3375 5160 ὀκνηρότερον
3404 5089 3654 5157 γίνεσθαι
3680 5101 3692 5115 ’

2113 5177 2243 5231 ποτὲ
2293 5177 2350 5231 δὲ
2395 5176 2473 5249 τῷ
2510 5178 2709 5250 πλήθει
2754 5179 2863 5232 τῶν
2897 5180 3115 5252 τροφῶν
3163 5180 3691 5252 καταϐαρυνόμενονν

2107 5271 2264 5339 ἄγειν
2287 5268 2384 5342 τὴν
2407 5270 2586 5343 ψυχὴν
2617 5274 2699 5335 είς
2726 5272 2959 5345 ἁκηδίαν
2987 5274 3083 5328 καὶ
3113 5273 3412 5345 χαύνωσιν.
3447 5276 3565 5329 Καὶ
3600 5274 3689 5325 πά-

2105 5362 2187 5417 λιν
2221 5362 2280 5417 οὐ
2316 5365 2481 5418 πᾶσιν
2521 5364 2779 5436 ἁρμόδιον
2808 5360 2961 5420 εἷπον
2990 5361 3129 5421 εἶναι
3164 5367 3265 5438 τὴν
3296 5366 3411 5420 τῶν
3462 5366 3695 5438 λαχάνων

1726 5496 1966 5555 VARUE
1992 5496 2401 5556 LECTIONES.

500 5618 521 5652 ⁸
551 5618 637 5671 ΑΙ.
672 5618 985 5685 διαγνῶναι.
1069 5622 1087 5649 ²
1138 5617 1243 5673 Ιητ.
1275 5617 1566 5690 ὑπερϐολῇ.
