3816 6220
196 289 397 357 1137
1666 308 1765 370 DE
1788 305 1977 367 oc'ro
1992 308 2246 371 VITIIS.
3442 303 3584 371 1438

193 409 655 481 μετάληψιν,
721 412 844 467 οὐδὲ
884 416 1018 469 πᾶσι
1072 417 1170 489 τὴν
1211 419 1323 473 τῶν
1350 420 1620 493 όσπριων,
1657 420 1783 474 οὐδὲ
1818 419 1903 491 rip

2018 421 2227 477 olerum
2279 436 2431 476 esum
2488 435 2596 475 non
2645 420 2902 476 omnibus
2957 417 3250 475 convenire
3303 416 3584 484 dixerunt,

188 499 325 552 τοῦ
376 501 615 574 ξηροῦ
656 505 824 575 ἄρτου
861 510 1089 579 τροφήν.
1127 511 1238 564 Καὶ
1275 511 1437 566 ἄλλον
1486 513 1587 583 μὲν
1624 514 1903 585 εἰρήκασιν

2013 528 2191 582 neque
2217 514 2496 576 omnibus,
2536 513 2898 583 leguminum,
2929 525 3106 580 neque
3137 509 3268 565 sicci
3305 509 3462 579 panis
3486 509 3587 563 ali-

194 590 572 647 ἒσθίοντα
600 593 694 647 δύο
731 594 918 668 λίτρας
944 598 1132 669 ἄρτου,
1163 602 1379 672 πεινᾷν,
1406 602 1567 656 ἄλλον
1584 602 1662 666 δὲ,
1685 603 1755 656 δι’
1779 605 1903 673 ήμι-

2011 610 2279 656 mentum.
2330 602 2472 669 Quin
2523 602 2691 658 alium
2732 603 2973 672 quidem,
3030 602 3168 655 duas
3214 600 3368 669 panis
3416 599 3585 654 libras

197 681 420 747 σείας
458 688 626 753 μιᾶς
659 687 1040 757 χορτάζεσθαι.
1078 692 1221 745 Πᾶσι
1264 694 1448 763 μέντοι
1478 694 1860 765 παρήγγειλαν
1892 736 1903 760 ,

2010 693 2405 758 comedentem,
2449 693 2590 748 fame
2629 693 2879 748 laborare
2928 692 3214 757 dixerunt,
3258 691 3424 744 alium
3453 703 3585 744 vero

204 770 311 841 μὴ
358 773 744 829 ἀπατᾶσθαι
777 779 1039 851 χορτασίᾳ
1063 782 1292 846 κοιλίας,
1330 782 1467 854 μηδὲ
1493 783 1811 850 ἐξέλκεσθαι
1840 788 1903 856 τῇ

2012 783 2290 837 semilibra
2340 798 2447 837 una
2476 783 2686 837 satiari.
2732 782 2865 836 illud
2898 791 3079 836 tamen
3122 790 3352 836 cunctos
3395 778 3584 833 admo—

197 863 335 916 τοῦ
400 867 736 937 φάρυγγος
775 869 958 942 ήδονῇ.
1011 873 1124 926 Καὶ
1153 873 1263 945 γὰρ
1291 876 1353 927 ού
1397 875 1559 946 μόνον
1593 878 1626 945 ή
1673 877 1903 947 ποσότης

2010 886 2265 937 nuerunt,
2298 891 2367 929 ne
2392 876 2598 932 ventris
2627 874 2913 929 saturitate
2955 887 3076 928 sese
3103 871 3302 941 decipi,
3335 885 3434 925 nec
3462 868 3583 923 fau-

202 954 362 1009 τῶν
406 956 782 1045 βρωμάτων,
821 962 959 1016 ἀλλά
995 965 1089 1017 καὶ
1116 968 1149 1035 ή
1173 967 1395 1038 ποιότης
1425 968 1492 1021 τὰ
1537 970 1903 1040 πεπυρωμένα

2009 968 2155 1022 cium
2208 967 2484 1036 voluptate
2532 966 2769 1036 pertrahi
2815 973 3150 1035 paterentur.
3214 961 3425 1017 Etenim
3470 974 3581 1014 non

210 1046 400 1120 βέλη
440 1053 577 1122 τῆς
598 1054 856 1122 πορνείας
885 1056 1239 1112 ἐκτείνουσιν.
1272 1059 1611 1130 Οἱασδήποτε
1638 1060 1745 1132 γὰρ
1779 1078 1903 1132 τρο-

2007 1060 2255 1115 ciborum
2284 1063 2560 1131 quantitas
2601 1060 2882 1122 duntaxat,
2930 1057 3023 1112 sed
3070 1067 3125 1110 et
3162 1056 3431 1125 qualitas,
3472 1053 3582 1109 tela

212 1144 370 1215 φῆς
422 1149 675 1220 γαστὴρ
709 1150 1084 1225 πληρουμένη,
1117 1154 1293 1223 φλόγα
1338 1154 1525 1208 παθῶν
1550 1157 1739 1210 εἴωθεν
1775 1158 1903 1211 ἀνά-

2010 1154 2179 1225 ignita
2211 1153 2592 1209 fornicationis
2631 1151 2909 1223 producit.
2962 1149 3245 1220 Siquidem
3292 1165 3357 1204 ex
3386 1147 3583 1218 quovis

214 1249 483 1290 πτειν-
521 1239 632 1291 Καὶ
656 1235 831 1306 αὖθις,
867 1243 927 1296 οὐ
965 1244 1124 1314 μόνον
1149 1246 1182 1316 ή
1206 1247 1483 1319 κραιπάλη
1522 1247 1618 1301 τοῦ
1643 1249 1787 1302 οἴνου
1818 1266 1903 1317 με·

2006 1246 2116 1304 cibi
2149 1259 2349 1316 genere
2377 1254 2564 1300 venter
2584 1243 2967 1316 ingurgitetur,
2997 1241 3286 1297 aii‘ectuum
3306 1242 3580 1296 ﬂammam

218 1323 508 1382 θύσκει
539 1330 636 1402 τὴν
676 1332 939 1397 διάνοιαν,
973 1334 1111 1388 ἀλλά
1138 1336 1232 1389 καὶ
1264 1338 1298 1408 ή
1340 1336 1633 1409 πλησμονὴ
1657 1339 1752 1392 τοῦ
1781 1338 1903 1393 ὓδα-

2006 1337 2242 1392 exeitare
2291 1335 2598 1392 consuevit.
2659 1335 2739 1391 Ac
2794 1350 3028 1398 rursus,
3086 1348 3194 1388 non
3237 1333 3413 1386 solum
3469 1330 3582 1386 vini

223 1433 355 1481 τος
393 1435 416 1451 ο
469 1422 578 1476 καὶ
615 1422 800 1487 ἁπλῶς
823 1426 999 1479 εἰπεῖν
1026 1467 1042 1491 ,
1069 1426 1252 1496 πάσης
1286 1427 1543 1497 βρώσεως
1568 1430 1664 1484 καὶ
1692 1431 1903 1494 πόσεως

2007 1429 2231 1498 crapula
2260 1428 2495 1484 inebriat
2520 1437 2780 1492 mentem,
2812 1427 2906 1481 sed
2932 1426 3095 1480 etiam
3144 1440 3300 1494 aqute
3330 1423 3577 1479 satietas.

226 1510 559 1580 ἀμετρία
611 1515 920 1585 νυσταγμδν
965 1518 1061 1571 καὶ
1117 1517 1285 1589 κάρον
1324 1520 1598 1576 ἀποτελεῖ.
1649 1523 1714 1575 ’11
1773 1524 1905 1590 γοῦν

235 1600 393 1653 τῶν
430 1602 755 1673 βρωμάτων
782 1607 977 1677 χρῆσις
1028 1608 1165 1678 πρὸς
1202 1609 1261 1662 τὸ
1286 1608 1385 1680 ζῇν
1415 1612 1903 1683 παραλαμϐάνεται

2008 1610 2367 1665 immoderata
2401 1608 2663 1678 sumptio,
2696 1622 2948 1678 soporem
2979 1622 3044 1661 ac
3075 1614 3357 1660 veternum
3394 1605 3579 1660 eilicit.

245 1691 509 1759 μόνον,
540 1694 601 1748 οὐ
631 1695 770 1765 πρὸς
799 1697 861 1749 τὸ
898 1698 1169 1752 δουλεύειν
1205 1703 1326 1764 ταῖς
1353 1704 1553 1771 ὁρμαῖς
1581 1705 1683 1772 τῆς
1708 1706 1901 1759 ἐπιθυ-

2014 1692 2157 1757 Sane
2188 1701 2443 1757 ciborum
2490 1716 2624 1755 usus
2680 1702 2747 1755 ad
2796 1700 3047 1754 tuendam
3091 1698 3359 1753 duntaxat
3411 1696 3577 1751 vitam

254 1781 467 1851 μίας.
497 1784 659 1839 Ὅθεν
688 1788 717 1839 ό
737 1786 817 1857 τῷ
838 1788 1051 1859 σώματι
1079 1793 1335 1861 παρέχων
1364 1769 1504 1864 άπερ
1526 1796 1558 1865 ή
1582 1769 1740 1866 χρεία
1763 1798 1901 1867 μᾶλ-

2013 1794 2259 1849 adhiberi
2292 1795 2472 1858 debet,
2509 1810 2617 1849 non
2662 1796 2790 1849 item
2825 1804 2885 1848 ut
2926 1792 3221 1848 insultibus
3264 1790 3579 1859 cupiditatis

249 1870 383 1925 λον
416 1875 677 1937 ἀπαιτεῖ,
710 1878 805 1930 καὶ
837 1879 935 1949 οὐχ
962 1880 1106 1950 άπερ
1139 1882 1171 1951 ή
1199 1883 1362 1954 ήδονή
1392 1883 1673 1953 βούλεται,
1701 1885 1903 1958 βλάϐην

2007 1883 2332 1937 serviamus.
2377 1880 2532 1937 Unde
2579 1884 2673 1952 qui
2728 1881 2965 1952 corpori,
3019 1896 3141 1949 qua:
3174 1879 3349 1948 magis
3390 1895 3581 1935 neces-

260 1960 581 2033 οὐδεμίαν
610 1963 722 2029 ἕξει
752 1966 888 2035 πρὸς
918 1968 1264 2037 ἐγκράτειαν.
1304 1970 1471 2041 Ὅρος
1492 1972 1551 2025 δὲ
1579 1975 1903 2043 ἐγκρατείας

2007 1973 2141 2027 sitas
2197 1975 2409 2043 poscit,
2451 1989 2557 2027 non
2598 1988 2720 2042 qua:
2752 1974 3004 2040 voluptas
3036 1972 3259 2041 expetit,
3312 1970 3584 2025 submini-

264 2054 398 2105 καὶ
442 2053 647 2120 κὶνὼν,
677 2056 782 2109 ὑπὸ
810 2057 917 2111 τῶν
941 2060 1201 2132 Πατέρων
1224 2060 1431 2117 ἄνωθεν
1461 2065 1903 2136 παραδεδομένοι,

2009 2074 2165 2131 strat,
2213 2066 2423 2119 nullum
2480 2065 2547 2119 ad
2600 2064 2992 2119 continentiam
3035 2062 3420 2118 detrimentum
3484 2076 3583 2130 pa-

268 2145 397 2197 τδν
447 2148 938 2220 μεταλαμϐάνοντα
975 2157 1204 2224 τροφῆς,
1231 2154 1309 2209 ἔτι
1334 2157 1436 2228 τῆς
1467 2158 1700 2230 ὀρέξεως
1725 2163 1903 2230 ἐγκει-

2007 2159 2194 2214 tietur.
2257 2157 2544 2213 Decretum
2613 2166 2797 2211 autem
2862 2166 2916 2210 et
2978 2154 3163 2226 regula
3234 2151 3582 2209 continentia;

282 2236 519 2321 μένηῇ
547 2241 849 2313 ἀπέχεσθαι
885 2245 1111 2315 ταύτης,
1147 2248 1241 2299 καὶ
1276 2249 1352 2319 μὴ
1382 2249 1677 2321 ἀναμένειν
1698 2253 1789 2306 τὸν
1823 2254 1903 2307 κό-

2007 2251 2311 2321 antiquitus
2356 2266 2388 2304 a
2442 2249 2696 2304 Patribus
2742 2248 2944 2303 tradita
2971 2289 2987 2313 ,
3029 2246 3297 2317 ejusmodi
3349 2254 3467 2308 est,
3520 2253 3582 2299 ut

288 2306 589 2398 ρονίιαὶ
625 2306 689 2383 6⁷-
713 2306 1119 2398 ἈπόστολοςΠδέ
1154 2306 1352 2403 eludit),
1385 2306 1506 2411 τῆς.
1530 2343 1734 2414 σαρκὸς
1771 2347 1903 2417 πρό-

2009 2342 2105 2411 qui
2137 2306 2320 2397 escam
2356 2341 2544 2403 sumit,
2601 2340 2837 2394 instante
2869 2306 3348 2407 adhuc-appetitu,
3391 2334 3460 2390 ab
3514 2348 3581 2389 ea

287 2434 477 2472 νοιαν
498 2420 574 2492 μὴ
605 2424 876 2478 ποιεῖσθαι
906 2425 927 2457 ³
947 2428 1029 2489 εἰς
1052 2428 1368 2499 ἐπιθυμίας,
1393 2432 1455 2484 οὐ
1476 2431 1574 2503 τὴν
1599 2435 1903 2503 ἀναγκαίαν

2008 2432 2257 2500 absistat,
2294 2447 2471 2503 neque
2504 2430 2849 2486 saturitatem
2879 2436 3179 2497 exspectet.
3219 2425 3327 2482 Sed
3352 2434 3407 2481 et
3432 2426 3582 2494 Apo-

290 2510 656 2582 κυϐέρνησιν
683 2515 783 2586 τῆς
812 2516 959 2587 ζωῆς
990 2517 1265 2574 ἐκώλυσεν
1289 2563 1304 2587 ,
1335 2523 1473 2577 ἀλλά
1502 2527 1600 2596 τὴν
1628 2527 1903 2598 φιλήδονον

2008 2522 2180 2577 stolus
2203 2534 2252 2587 ι,
2304 2523 2597 2586 monendo,
2656 2520 2836 2575 carnis
2887 2535 3073 2575 curam
3128 2533 3238 2572 non
3292 2515 3475 2573 facere
3523 2515 3579 2570 in

294 2603 708 2677 ἀπηγόρευσεν
752 2608 1071 2681 ἐπιθυμίαν.
1127 2614 1274 2685 Πρὸς
1328 2616 1515 2685 μέντοι
1560 2619 1903 2690 καθαρότητα

2008 2614 2325 2680 desideriis,
2371 2630 2482 2668 non
2531 2612 2811 2683 prohibuit
2858 2611 3225 2667 necessariam
3287 2608 3413 2663 vitae
3482 2623 3585 2679 gu-

298 2696 579 2759 τελείαςδ
623 2698 824 2771 ψυχῆς,
855 2704 889 2773 ή
916 2703 1099 2776 ἀποχὴ
1144 2706 1278 2778 μόνη
1327 2708 1434 2761 τῶν
1481 2707 1784 2780 βρωμάτων
1810 2713 1903 2767 οὐκ

2009 2708 2417 2772 bernationem,
2469 2706 2565 2762 sed
2618 2705 2962 2761 libidinosam
3016 2701 3367 2773 cupiditatem
3410 2698 3584 2753 inter-

309 2787 526 2858 ἰσχύει,
574 2789 651 2862 μή
690 2796 1095 2864 συντρεχουσῶν
1135 2800 1230 2851 καὶ
1276 2799 1387 2852 τῶν
1430 2800 1605 2855 ἄλλων
1650 2804 1859 2875 ἀρετῶν
1892 2819 1903 2831 ·

2008 2801 2161 2856 dixit.
2216 2800 2699 2855 Verumenimvcro
2748 2798 2814 2853 ad
2871 2796 3163 2867 puritatem
3209 2794 3409 2849 animae
3460 2806 3585 2862 per-

304 2880 425 2953 τὴν
449 2881 506 2935 δὲ
532 2881 620 2936 διά
659 2886 1015 2959 σωφροσύνην
1047 2889 1279 2960 μερικὴν
1308 2890 1661 2963 καθαρότητα
1710 2894 1903 2964 μᾶλλον

2011 2891 2206 2946 fectam
2266 2890 2711 2960 adipiscendam,
2770 2889 3020 2944 ciborum
3074 2884 3405 2942 abstinentia
3464 2883 3582 2938 sola

309 2969 626 3042 ἐγκράτεια
649 2975 927 3045 κατορθοῖ,
974 2978 1261 3049 σύμμαχον
1291 2980 1790 3053 προσλαμϐάνουσα
1818 2986 1903 3039 καὶ

2018 2997 2206 3053 parum
2245 2981 2447 3036 virium
2489 2981 2673 3046 habet,
2699 2981 2803 3035 nisi
2853 2988 3061 3037 caeterae
3092 2979 3324 3032 virtutes
3348 2989 3584 3031 concur-

310 3062 422 3161 τήν
460 3065 811 3161 ταπείνωσιν.
845 3068 907 3121 '0
933 3072 1039 3143 γὰρ
1070 3071 1129 3136 ἐξ
1158 3073 1482 3143 ἐγκρατείας
1513 3075 1681 3148 μόνης
1705 3078 1903 3147 ἐπιχει-

2009 3083 2153 3130 rant.
2187 3074 2258 3129 At
2291 3073 2675 3144 particularem
2704 3088 2823 3127 eam
2856 3072 3146 3141 puritatem
3179 3083 3304 3140 quae
3332 3067 3584 3123 castitate

319 3154 438 3226 ρῶν
469 3156 770 3229 κατορθοῦν
798 3160 985 3233 αὐτὴν.
1008 3163 1150 3217 ἔοικε
1180 3164 1259 3236 τῷ
1291 3168 1391 3237 μιᾷ
1420 3169 1563 3239 χειρὶ
1601 3170 1901 3242 νηχομένῳ.

2009 3173 2383 3235 comparatur,
2412 3164 2746 3219 continentia
2780 3163 2962 3232 potius
3010 3167 3256 3231 praestat,
3302 3166 3581 3226 assumpta

316 3248 479 3310 Τινὲς
508 3248 566 3302 δὲ
596 3249 706 3304 τῶν
733 3251 1238 3325 ἐγκρατευομένων,
1280 3260 1651 3330 μετρήσαντες
1685 3261 1746 3315 τὸ
1776 3262 1903 3316 αὕτ-

2009 3259 2060 3314 in
2113 3260 2427 3312 societatem
2460 3256 2786 3311 humilitate.
2815 3254 2951 3308 Nam
2984 3252 3078 3322 qui
3120 3267 3240 3307 eam
3280 3265 3378 3321 per
3408 3249 3599 3305 solam.

317 3357 496 3413 αρκες
538 3345 650 3408 τοῖς
699 3342 947 3414 σώμασιν
991 3348 1172 3401 αὐτῶν
1198 3388 1213 3413 ,
1255 3351 1557 3422 ἡμερήσιον
1591 3353 1808 3425 βρῶμα,
1843 3355 1903 3408 τὸ

2006 3349 2394 3403 continentiam
2430 3347 2661 3416 adipisci
2687 3355 2943 3409 conatur,
2985 3343 3061 3397 illi
3132 3342 3328 3397 similis
3370 3347 3455 3395 est
3487 3342 3582 3410 qui

319 3429 483 3484 ’ἐκτον
543 3434 815 3504 περιεῖλον
870 3436 946 3505 (1)
981 3452 996 3467 ο
1041 3438 1131 3491 ὅτε
1179 3438 1237 3491 δὲ
1297 3439 1460 3493 τοῦτο
1512 3443 1903 3514 κατώρθωσαν,

2007 3457 2115 3497 una
2165 3442 2342 3496 solum
2393 3457 2555 3495 manu
2598 3448 2770 3497 natat.
2823 3436 2997 3493 Porro
3032 3436 3255 3506 quidam
3285 3450 3351 3489 ex
3402 3432 3584 3488 conti-

322 3516 484 3586 αὖθις
524 3524 804 3595 ἀναλόγως
854 3529 1284 3600 ἠκρωτηρίασαν
1326 3531 1387 3585 τὸ
1416 3532 1733 3604 λειπόμενον
1767 3552 1779 3565 ·
1812 3539 1903 3589 καὶ

2006 3534 2296 3599 nentibus,
2347 3548 2641 3602 corporum
2678 3546 2904 3587 suorum
2940 3529 3152 3584 viribus
3197 3525 3582 3583 suﬂicientiam

320 3608 499 3678 οὕτως
547 3614 651 3687 ὁδῷ
692 3617 1093 3689 προϐαίνοντες,
1132 3620 1376 3690 ἔφθασαν
1398 3625 1479 3687 είς
1523 3625 1585 3678 τὸ
1612 3626 1809 3697 μέτρον
1845 3627 1903 3680 τὸ

2007 3626 2314 3692 metientes,
2360 3625 2618 3679 diurnum
2669 3624 2851 3679 cibum
2900 3632 3052 3678 sexta
3092 3628 3249 3690 parte
3286 3616 3584 3674 circumci-

326 3706 642 3760 συνεκτικὸν
664 3709 825 3778 μόνον
851 3712 950 3782 τῆς
979 3711 1143 3783 ζωῆς.
1164 3713 1324 3767 Ἀλλά
1352 3715 1522 3768 ταῦτα
1553 3718 1679 3787 περὶ
1705 3719 1903 3789 ἐγκρα-

2006 3717 2242 3784 derunt;
2283 3731 2408 3771 cum
2436 3722 2619 3770 autem
2654 3714 2796 3770 istud
2824 3712 3151 3775 effecissent,
3190 3725 3385 3764 rursus
3413 3706 3579 3764 simili

2008 1523 2187 1589 Atque
2218 1531 2279 1574 ut
2310 1535 2421 1573 uno
2474 1521 2638 1573 verbo
2678 1517 2854 1572 dicam
2880 1558 2897 1582 ,
2951 1515 3057 1570 cibi
3088 1515 3268 1569 omnis
3313 1525 3582 1583 potusque

325 3797 495 3861 τείας.
549 3799 669 3870 Χρὴ
706 3799 764 3853 δὲ
798 3803 893 3856 καὶ
923 3805 1050 3876 περὶ
1080 3808 1519 3877 γαστριμαργίας
1555 3808 1904 3878 προστιθέναι

325 3890 469 3943 τινά.
516 3891 968 3967 Γαστριμαργίαν
1008 3899 1107 3968 μὲν
1155 3899 1423 3954 ἐκάλεσαν
1469 3902 1517 3953 οἱ
1558 3901 1774 3955 παλαιοὶ
1843 3902 1905 3955 τὸ

327 3978 495 4045 ὀξέως
523 3981 755 4048 ἐσθίειν,
796 3985 892 4039 κα)⁸
922 3985 1116 4049 πολλὰ,
1149 3988 1244 4041 καὶ
1273 3988 1584 4059 ἀδιαφόρως
1605 4030 1620 4053 ,
1662 3992 1757 4043 καὶ
1798 3992 1905 4063 πρὸ

328 4069 425 4124 τοῦ
451 4073 644 4142 καιροῦ
664 4090 679 4104 ’
704 4073 1040 4147 λαιμαργίαν
1061 4079 1138 4142 δέ,
1168 4079 1228 4133 τὸ
1256 4078 1603 4150 ἐνηδύνεσθαι
1628 4080 1900 4153 βρώμασι·

331 4164 426 4216 καὶ
469 4161 609 4219 εἶναι
649 4168 913 4240 διαφοράν
935 4211 951 4235 ,
983 4172 1082 4242 τῆς
1118 4171 1218 4243 μὲν
1276 4173 1338 4226 τὸ
1374 4172 1561 4237 ποσὸν,
1602 4174 1702 4243 τῆς
1751 4174 1808 4228 δὲ
1845 4177 1905 4230 τὸ

332 4254 502 4310 ποιόν.
561 4258 716 4311 Ἐπεὶ
757 4260 866 4331 γάρ
894 4263 1213 4332 μαργαίνειν
1251 4263 1328 4333 (2)
1355 4264 1471 4317 ἐστὶ¹
1499 4265 1559 4317 τὸ
1595 4265 1902 4333 μαίνεσθαι,

333 4345 566 4416 γαστρὸς
595 4348 696 4419 μὲν
726 4350 894 4419 μανία
935 4352 1063 4421 περὶ
1092 4352 1155 4406 τὸ
1187 4353 1352 4407 ποσὸν
1372 4353 1723 4422 καταγίνεται
1751 4371 1763 4383 ·
1789 4356 1905 4411 λαι-

405 4515 432 4545 α
471 4503 631 4561 Rom.
672 4519 794 4572 xm,
830 4507 918 4562 i4.

2004 3810 2244 3871 ratione,
2291 3808 2436 3878 quod
2480 3808 2752 3877 reliquum
2799 3814 2920 3861 erat
2971 3810 3368 3873 amputarunt;
3416 3808 3582 3868 atque

2006 3902 2085 3956 sic
2114 3900 2200 3955 via
2229 3901 2463 3969 quadam
2512 3896 2932 3969 progrediendo,
2987 3895 3055 3951 ad
3102 3909 3223 3950 eam
3263 3906 3580 3948 mensuram

2007 4002 2390 4064 pervenerunt,
2422 4006 2544 4061 quae
2576 3991 2643 4045 ad
2674 3992 2840 4044 vitam
2858 3990 3122 4044 duntaxat
3150 3983 3580 4043 conservandam

2006 4086 2141 4142 satis
2174 4094 2341 4141 esset.
2378 4085 2556 4155 Atque
2591 4084 2706 4139 haec
2741 4084 2809 4139 de
2846 4079 3202 4138 continentia.
3229 4078 3454 4147 Oportet
3476 4091 3580 4131 au-

2008 4189 2113 4233 tem
2172 4178 2239 4233 de
2290 4178 2417 4249 gula
2456 4177 2703 4247 quietiam
2761 4177 3077 4246 adjungere.
3136 4173 3331 4230 Gulam
3371 4180 3582 4227 veteres

2008 4270 2376 4340 appellarunt,
2412 4268 2758 4335 festinanter,
2794 4277 2848 4322 et
2886 4269 3081 4332 multa,
3112 4274 3167 4320 et
3195 4264 3317 4320 sine
3343 4263 3577 4323 delectu,

2006 4371 2060 4417 et
2097 4373 2224 4417 ante
2266 4370 2482 4431 tempus
2523 4361 2845 4429 comedere;
2900 4358 3196 4430 ingluviem
3226 4370 3397 4421 vero,
3440 4353 3581 4409 cibis

1626 4663 1858 4723 VARUE
1886 4664 2288 4722 LECTlONES.

406 4775 427 4806 ³
454 4774 563 4830 Int.
606 4777 870 4837 ποιεῖσθε.
941 4780 963 4810 ⁵
996 4778 1104 4833 1m.
1143 4780 1377 4838 τελείαν.

1847 4934 2078 4993 ΝυΤιΕ.

408 5041 483 5114 (1)
520 5043 589 5098 Τὸ
612 5043 790 5098 ἕκτον
842 5046 1161 5113 περιεῖλον.
1212 5045 1368 5101 llunc
1423 5047 1601 5102 locum
1636 5064 1759 5102 cum
1794 5063 1899 5100 non

337 5114 678 5188 intelligeret,
705 5130 825 5188 seu“
837 5118 1040 5188 potius,
1075 5125 1133 5170 ut
1180 5117 1248 5171 de
1307 5128 1459 5188 tanto
1493 5120 1611 5173 viro
1671 5119 1902 5188 benigne

336 5184 1061 5258 sentiamus,,_indiligenter
1123 5188 1327 5258 legeret
1385 5187 1594 5253 Billius,
1652 5190 1714 5241 τὺ
1772 5184 1901 5240 ἐᾶυ-

335 5257 444 5307 τῶν
477 5254 531 5307 in
550 5254 809 5325 versione
838 5254 937 5311 sua
961 5254 1251 5325 expressit,
1283 5258 1384 5310 sibi
1416 5259 1900 5319 circumciderum;

337 5323 602 5378 tolerabili
647 5326 865 5393 quidem
923 5323 1109 5391 sensu,
1170 5327 1264 5382 sed
1312 5328 1651 5383 intolerando
1691 5344 1898 5383 errore.

339 5393 590 5469 L_a_i)it_ur_
627 5396 791 5449 etiam
846 5411 1076 5469 magnus
1134 5397 1397 5469 interpres
1452 5399 1504 5452 in
1574 5399 1898 5469 quibusdam

338 5464 463 5555 aliis
488 5462 703 5555 locis“?
751 5462 976 5555 vocibus
1002 5483 1033 5555 ς,
1067 5476 1126 5520 ιιι
1161 5468 1231 5555 in
1258 5462 1529 5555 ρεύσεῳ,
1576 5462 1635 5555 p.
1689 5469 1810 5535 191,
1846 5470 1895 5522 b.

337 5531 537 5609 τρίϐει,
560 5533 709 5609 _20_6,
740 5549 809 5609 c._
828 5531 1125 5609 διακονίαν,
1161 5531 1384 5609 ibidem,
1411 5539 1490 5608 τῷ
1517 5531 1739 5609 σώματι
1777 5531 1901 5592 συν-

339 5604 495 5679 τηρεῖ
515 5602 620 5679 τὴν
638 5605 775 5679 Δίσην
795 5607 1283 5679 ἐείκράτειαν,207,
1404 5602 1898 5679 πάρειμ’ἐνον,210,

341 5689 389 5726 a.
426 5672 690 5751 ἀρρενσία
717 5672 845 5738 916,
880 5672 930 5730 a.
964 5675 1186 5751 μηδῖείς
1203 5678 1342 5731 αὐτὰ
1370 5678 1436 5732 τά
1468 5672 1734 5751 πρόσωπα
1774 5681 1898 5742 216.

341 5759 389 5801 c.
423 5742 645 5799 δυνατόν
666 5742 837 5813 ἐστιν,
875 5756 1003 5811 clc.,
1025 5742 1149 5803 218.

1322 5878 1421 5889 ιδῃ..
1438 5888 1455 5892 ,-
1607 5890 1646 5896 ___

2076 5044 2151 5117 (2)
2180 5042 2964 5117 Mapyalvew._Grainruatlcis
2989 5042 3324 5117 adiungendi
3362 5040 3574 5117 Patres,

2002 5112 2257 5171 Clemens
2284 5112 2999 5183 AlexandrittusAPwdagogi
3035 5115 3126 5183 lib.
3157 5112 3218 5177 Ii,
3250 5129 3371 5183 cap.
3409 5112 3577 5181 1,Ιείἑ

2003 5188 2173 5241 dorus
2210 5184 2486 5240 Pelusiota
2512 5185 2586 5238 lib
2616 5199 2654 5245 ι,
2679 5181 2852 5252 Epist.
2888 5182 3012 5244 584,
3039 5181 3343 5238 Dorothens
3371 5185 3579 5240 Doctri-

2004 5274 2071 5311 na
2124 5257 2190 5311 15
2220 5266 2275 5309 et
2306 5256 2594 5319 Maximus,
2637 5253 3008 5324 Quaestionum
3048 5265 3101 5308 et
3129 5254 3419 5308 dubiorum
3451 5271 3573 5324 cap.

2003 5329 2095 5383 59.
2121 5327 2178 5380 in
2210 5324 2455 5388 Philone,
2475 5325 2616 5377 libro
2640 5326 2705 5376 de
2740 5323 3059 5377 temulentia
3090 5324 3194 5379 sub
3211 5323 3574 5380 ίίηειῐι.Ἀλλά

2002 5399 2099 5450 καὶ
2129 5397 2251 5468 τότε
2279 5398 2431 5467 ὅμως
2466 5396 2499 5464 ὴ
2527 5394 2800 5468 ἄπληστος
2923 5393 3106 5457 αὐτοῖς
3145 5394 3344 5465 ὄρεξις,
3386 5394 3576 5468 ὥσπερ

2003 5468 2082 5520 ἔτι
2104 5462 2803 5534 λιμώττὸυσαίμαρμάζει.
2835 5462 2901 5515 Et
2954 5476 3127 5517 tamen
3151 5462 3228 5518 sic
3263 5482 3462 5535 quoque
3496 5462 3577 5519 iii-

2003 5482 2082 5520 ετι
2106 5482 2469 5534 λιμωττουσα,
2506 5482 2803 5534 μαρμαςει.
2835 5482 2901 5515 ιιι
2954 5482 3127 5517 tamen
3151 5482 3228 5518 sic
3300 5482 3462 5535 noque
3496 5482 3577 5519 m-

2002 5536 2267 5590 satiabilis
2302 5534 2876 5605 appetitusgtanquant
2926 5535 3200 5603 famelicus
3253 5482 3425 5605 [qurere
3459 5552 3577 5605 non

2004 5608 2211 5659 desinit.
2235 5607 2317 5661 An
2336 5603 2529 5677 gerrato
2562 5604 2951 5677 typograpltico
2978 5620 3076 5674 pro
3101 5603 3411 5675 μαργάζειῖ
3450 5603 3577 5661 Scio

2004 5676 2343 5745 llesycltium:
2375 5676 2733 5745 μαρμαίρειν,
2764 5676 2905 5729 sicut
2926 5686 2980 5731 et
3036 5677 3355 5745 μαργαίνειν
3403 5690 3573 5745 expo-

2004 5731 2134 5805 ιιειέ
2151 5731 2435 5817 ἐνθουέιᾷν
2456 5731 2468 5776 ἶ
2489 5731 2820 5816 Μαρμαίρει,
2844 5731 3281 5816 ἱιιιιιιὶι,’λά’μ’πει,
3303 5731 3571 5815 ἐνθουσιᾷ.
