3816 6220
98 249 243 315 1441

185 366 643 440 Παραϐάλλοντες
668 368 751 432 είς
797 366 983 430 οίκους
1027 364 1309 437 κοσμικῶν
1330 402 1347 431 ,
1380 362 1505 417 τότε
1538 362 1698 434 μάλι-
1730 369 1775 424 Λ

104 477 217 513 στα
294 460 394 531 τῆς
478 459 809 532 ἐγκρατείας
872 458 1210 531 ἀνθεξόμεθα
1244 472 1259 489 ·
1322 457 1536 528 μήποτε
1610 453 1699 508 διὰ

103 551 565 624 γαστριμαργίας
624 550 921 622 παχυνθεὶς
967 552 997 604 ὁ
1060 548 1223 613 νοῦς,
1302 547 1559 622 ἀμελήσῃ
1602 548 1700 618 τῆς

107 646 432 718 συνηθείας,
460 648 555 701 καὶ
580 648 694 711 τοῖς
717 646 931 717 ἐχθροῖς
959 645 1234 709 εὐάλωτος
1274 644 1526 715 γένηται.

179 826 309 899 Χρὴ
344 826 473 890 τοὺς
520 824 620 895 μὲν
648 824 915 897 γέροντας
961 822 1135 894 θυμοῦ
1179 824 1427 893 κρατεῖν,
1463 820 1699 891 γαστρὸς

104 920 165 973 δὲ
197 921 332 981 τοὺς
372 918 561 981 νέουςο
606 922 719 983 τοῖς
762 917 861 988 μὲν
913 916 1019 987 γὰρ
1073 917 1123 968 oi
1155 916 1417 986 ψυχικοὶ,
1473 916 1587 977 τοῖς
1617 913 1698 979 δὲ,

112 1012 328 1083 μᾶλλον
360 1012 409 1065 of
438 1012 746 1082 σωματικοὶ
770 1010 1025 1081 δαίμονες
1058 1008 1417 1061 ἐπιτίθενται.

182 1106 435 1178 Γαστρὸς
464 1105 764 1176 ἐγκράτεια
810 1104 1060 1158 ταπεινοῖ
1099 1102 1167 1155 τὰ
1202 1101 1349 1173 πάθη
1371 1116 1385 1131 ο
1436 1096 1699 1168 θρασύνει

107 1199 166 1251 δὲ
201 1198 385 1253 ταῦτα
428 1196 865 1266 γαστριμαργία.

122 1350 125 1351 ν
198 1289 294 1341 Ἐν
329 1287 617 1357 πλησμονῇ
650 1284 914 1354 γαστρὸς,
960 1283 1127 1355 μηδὲν
1169 1280 1371 1353 ἐρεύνα
1403 1278 1697 1349 θειότερον.

182 1380 373 1449 Νέφος
393 1379 513 1449 μὲν.
544 1376 919 1448 καλυπτήριον
950 1375 1183 1445 σελήνης
1202 1387 1218 1403 ⁸
1245 1370 1381 1425 Θεοῦ
1402 1371 1459 1424 δὲ
1487 1370 1700 1440 σοφίας,

111 1468 564 1541 γαστριμαργία.

186 1560 386 1631 Τρυφὴ
410 1560 503 1613 καὶ
542 1558 779 1629 μάλιστα
812 1556 1006 1626 νέφος⁸
1028 1555 1128 1627 (5),
1158 1552 1346 1609 παθῶν
1402 1549 1699 1623 θησαυρὸς,

110 1654 301 1725 ψυχῆς
330 1652 558 1716 θάνατος
580 1652 924 1723 αὐθαίρετος.

1460 247 1563 311 DE
1598 247 1786 310 OCTO
1837 242 2074 309 VITIIS

3243 242 3379 308 M42

1871 358 2104 426 Quando
2132 357 2201 413 ad
2244 371 2438 412 eorum
2484 355 2581 427 qui
2627 356 2683 411 in
2716 354 2924 412 mundo
2951 357 3143 414 vivunt
3181 358 3379 416 domos

1802 452 2148 517 accedimus,
2195 459 2311 505 tum
2364 450 2448 504 vel
2490 449 2732 504 maxime
2781 451 3171 505 continentiam
3224 468 3380 508 com-

1802 545 1963 617 plecti
1987 544 2337 609 Studeamus;
2374 559 2441 598 ne
2473 558 2627 599 mens
2656 543 2751 598 ubi
2783 558 2879 613 per
2915 544 3096 614 gulam
3132 547 3379 616 saginata

1802 636 1998 702 fuerit,
2047 646 2307 692 consueta
2340 636 2599 707 negligat,
2644 645 2813 707 atque
2852 637 2920 691 ab
2953 638 3190 693 inimicis
3219 638 3380 695 facile

1801 728 2067 797 capiatur.

1870 820 2095 890 Oportet
2130 829 2187 874 ut
2232 835 2391 875 senes
2433 819 2529 874 irae
2560 819 2849 889 imperent,
2882 820 3114 890 juvenes
3162 820 3379 875 ventri:

1803 911 2071 982 siquidem
2108 912 2215 965 illis
2243 910 2512 965 animales
2541 911 2844 973 daemones,
2889 910 2976 965 bis
3007 913 3255 981 corporei
3287 928 3383 982 pu-

1805 1005 1913 1059 tius
1940 1004 2165 1058 insidias
2196 1003 2517 1056 moliuntur.

1871 1094 2091 1149 Ventris
2145 1095 2486 1149 continentia
2538 1094 2788 1150 turbidos
2835 1095 3145 1150 animorum
3200 1106 3384 1153 motus

1802 1187 2090 1255 deprimit;
2128 1185 2252 1254 gula
2288 1200 2416 1238 vero
2444 1185 2661 1239 eosdem
2691 1184 2905 1240 feroces
2945 1188 3141 1241 reddit.

1879 1276 2074 1331 Ventre
2100 1285 2288 1331 saturo
2322 1276 2457 1330 nihil
2484 1276 2726 1330 divinum
2762 1277 3048 1349 investiga.

1874 1366 1944 1422 Ut
1992 1368 2165 1423 nubes
2208 1369 2659 1439 obtegumentum
2694 1368 2839 1424 luna:
2867 1379 2982 1436 est;
3036 1369 3108 1424 ita
3154 1368 3249 1425 Dei
3292 1386 3384 1426 sa-

1800 1457 2038 1528 pientiae,
2078 1458 2223 1528 gula.

1873 1552 2083 1617 Luxus,
2117 1554 2391 1622 prazcipue
2412 1551 2730 1622 juvenibus,
2762 1552 3236 1623 perturbationum
3264 1553 3384 1609 the-

1802 1659 2001 1700 saurus
2027 1654 2133 1712 est,
2163 1646 2362 1700 anima:
2393 1646 2539 1700 ultro
2570 1647 3037 1717 arcessita‘mors.

188 1748 461 1811 Νεάζοντι
507 1745 723 1818 σώματι
767 1743 952 1817 τρυφὴ
980 1743 1075 1797 καὶ
1127 1741 1269 1814 μέθη
1308 1740 1369 1793 τὸ
1406 1736 1519 1792 τῶν
1573 1735 1694 1808 ἠδο-

1870 1736 2108 1793 Juvenili
2155 1739 2395 1809 corpori,
2445 1740 2609 1795 luxus
2661 1750 2718 1797 et
2758 1740 2997 1796 ebrietas
3043 1741 3384 1812 voluptatum

114 1839 233 1893 νῶν
260 1840 569 1893 ἀνάπτουσι
600 1838 731 1911 πῦρ.

186 1932 407 2003 Παχεῖα
434 1931 672 2003 γαστὴρ,
728 1933 796 2003 τῇ
833 1928 1083 2000 συνεχεία
1138 1928 1250 1984 τῶν
1285 1927 1523 2000 θολερῶν
1572 1927 1699 1982 ἀναν

113 2022 465 2094 θυμιάσεων,
500 2020 829 2094 φυγαδεύειν
852 2015 963 2074 οἶδε
996 2020 1239 2084 διανοίας
1268 2018 1595 2101 λεπτότητα.

193 2207 383 2277 Ἔρως
433 2205 597 2269 θεῖος,
652 2204 713 2258 οὐ
749 2202 1224 2275 μετεωριζόμενος
1263 2199 1344 2271 τῷ
1374 2197 1558 2271 πτερῷ
1604 2197 1706 2267 τῆς

112 2296 496 2366 ἐγκρατείας,
554 2296 751 2349 θᾶττον
810 2294 950 2365 πρὸς
1000 2293 1099 2365 τὴν
1156 2292 1290 2363 ὕλην
1339 2289 1701 2353 καταπίπτει,

114 2389 494 2461 βαρυνόμενος
518 2392 639 2452 ταῖς
669 2387 859 2452 πέδαις
886 2387 985 2458 τῆς
1016 2385 1312 2457 ἀκρασίας.

188 2567 494 2640 Πλησμονὴ
525 2567 757 2639 συνεχὴς
785 2567 1023 2638 γαστρὸς
1075 2563 1406 2637 ἀφροδισίων
1460 2562 1703 2636 ὲρεθίζει

112 2665 498 2734 σκιρτήματα.

192 2754 437 2826 Γαστὴρ,
506 2748 685 2823 φύλαξ
762 2749 1241 2823 παρακαταθήκης
1311 2752 1562 2819 ἄπιστος,
1642 2750 1705 2805 τὸ

112 2851 139 2900 ὲ
149 2846 536 2919 μϐαλλόμενον
560 2843 872 2899 ἀποϐάλλου
881 2860 971 2900 σα.

192 2939 620 3011 Γαστρίμαργος
645 2938 807 3004 πίων,
827 2938 1011 3008 χοῖρος
1039 2934 1260 3007 ἕτοιμος
1287 2936 1368 2999 εἰς
1399 2936 1634 3007 σφαγήν.

196 3033 443 3102 Αἵματος
526 3029 715 3102 εἰσροὴ
811 3027 1123 3099 πνεύματος
1195 3027 1393 3099 ὲκροὴν

113 3146 239 3182 ται.

206 3219 269 3271 '0
301 3217 401 3287 μὲν
425 3215 607 3285 ἄρχων
657 3213 915 3283 γαστρὸς,
956 3211 1015 3264 ἒν
1070 3209 1238 3264 παντὶ
1286 3210 1440 3281 τόπῳ
1474 3210 1706 3264 δύναται

120 3310 379 3383 μετιέναι
408 3308 506 3377 τὴν
542 3308 774 3379 ἀρετήν’
804 3306 833 3356 ὁ
881 3304 940 3358 δὲ
975 3301 1080 3357 ὑπὸ
1129 3301 1340 3375 ταύτης
1374 3304 1702 3375 ἀρχόμενος,

116 3409 181 3460 ὲν
210 3403 391 3457 οὐδενὶ
420 3402 653 3463 πάντως.

197 3495 309 3549 Δύο
335 3494 528 3548 σκοποὶ
557 3490 659 3562 τῆς
684 3489 1042 3561 ἐγκρατείας
1073 3490 1101 3542 ὁ
1130 3490 1253 3561 μὲν,
1286 3490 1375 3544 ἵνα
1398 3489 1508 3543 τῶν
1538 3490 1711 3562 ἡδέων

124 3592 235 3659 τῆς
294 3582 578 3655 παρούσης
608 3582 755 3653 ζωῆς
809 3580 1182 3653 στερηθέντες,
1233 3582 1345 3635 τῶν
1396 3582 1569 3653 ἡδέων
1611 3587 1713 3654 τῆς

126 3678 445 3753 μελλούσης
504 3675 787 3747 τύχωμεν·
846 3676 875 3728 ὁ
927 3673 1006 3738 δὲ,
1058 3672 1149 3727 ἴνα
1200 3675 1598 3728 ταπεινωθέντι
1632 3674 1709 3745 τῷ

123 3773 350 3842 σώματι
402 3766 498 3822 καί¹
541 3768 575 3837 ἡ
602 3765 748 3837 ψυχὴ
786 3762 1221 3835 συνταπεινωθῇ,
1260 3763 1356 3817 καὶ¹
1408 3766 1712 3829 εύκατάνυ-

121 3881 263 3928 κτος
288 3859 435 3916 οὔτω
457 3860 704 3930 γένηται.
734 3859 934 3913 Λοιπὸν
968 3853 1061 3912 οὖν
1101 3859 1210 3922 πᾶς
1233 3858 1414 3930 κρεῶν
1449 3859 1550 3929 μὲν
1603 3862 1712 3913 ἀπ-

122 3958 418 4031 εχόμενος,
470 3955 674 4027 ἑτέρων
750 3954 808 4009 δὲ
872 3952 1181 4024 βρωμάτων
1264 3952 1707 4024 ἐμπιπλάμενος,

122 4047 558 4123 γαστρίμαργός
587 4050 757 4113 ἐστιν,
806 4044 1058 4100 ἐκπεσὼν
1104 4043 1212 4099 τῶν
1255 4045 1568 4117 εἰρημένων
1614 4046 1714 4118 τῆς

122 4142 469 4217 ἐγκρατείας
498 4140 742 4195 σκοπῶν.

219 4324 285 4378 Ἦ
315 4323 731 4395 γαστριμαργία
752 4321 1033 4387 πολλάκις,
1067 4321 1165 4377 καὶ
1196 4320 1285 4375 διὰ
1307 4318 1525 4391 θυρίδος
1566 4320 1709 4389 ἀγά-

127 4435 271 4489 πης,
308 4417 576 4488 είσπηδᾷν
608 4414 826 4471 εἴωθεν.

220 4506 287 4560 Ἦ
316 4507 736 4580 γαστριμαργία
766 4505 1011 4577 ξηραίνει
1069 4505 1170 4575 μὲν
1226 4505 1327 4576 τὴν
1384 4504 1570 4577 πηγὴν
1600 4504 1712 4558 τῶν

127 4599 445 4654 ἐπαινετῶν
473 4598 747 4672 δακρύων,
782 4600 925 4654 κινεῖ
951 4598 1007 4652 δὲ
1039 4597 1139 4667 τὴν
1171 4596 1356 4669 πηγὴν
1385 4597 1497 4652 τῶν
1528 4597 1711 4669 αἰσχί-

130 4711 288 4749 στων
320 4691 579 4764 ρεύσεων.

211 4782 422 4839 Λέοντα
456 4782 557 4856 μὲν
583 4781 922 4846 κολακεύσας
936 4780 1036 4853 (4),
1059 4779 1325 4846 πολλάκις
1364 4780 1675 4852 ήμερώσεις
1696 4799 1711 4815 ο

1470 3024 1704 3099 ὲργάζε-
1733 3082 1776 3142 C

1804 1829 1983 1902 ignem
2016 1831 2342 1885 accendunt.

1875 1921 2109 1977 Crassus
2155 1932 2368 1989 venter,
2429 1922 2869 1979 turbulentorum
2921 1938 3191 1995 vaporum
3242 1922 3387 1981 assi-

1804 2013 2034 2081 duitate,
2066 2014 2266 2071 mentis
2312 2014 2672 2071 subtilitatem
2712 2016 2769 2071 in
2820 2017 3007 2087 fugam
3043 2030 3205 2087 agere
3250 2031 3389 2071 con-

1805 2107 2007 2162 suevit.

1880 2196 2110 2253 Divinus
2133 2212 2309 2266 amor,
2332 2199 2441 2255 nisi
2467 2200 2823 2256 continentiae
2848 2215 3025 2271 penna
3050 2199 3389 2262 sublevetur,

1806 2291 1927 2348 sine
1955 2294 2065 2347 ulla
2100 2295 2454 2349 cunctatione
2486 2295 2553 2349 ad
2592 2311 2681 2350 res
2725 2311 2789 2350 ex
2828 2296 3055 2350 materia
3102 2305 3390 2350 concretas

1806 2382 2100 2449 delabitur,
2150 2393 2340 2455 utpote
2402 2385 2838 2457 intemperantiae
2889 2387 3244 2458 compedibus
3293 2387 3391 2442 de-

1807 2490 2054 2545 pressus.

1878 2567 2115 2622 Assidua
2137 2567 2348 2623 ventris
2380 2568 2646 2624 saturitas
2671 2584 2935 2625 venereos
2958 2570 3195 2626 insultus
3222 2570 3393 2626 exsti-

1808 2659 2001 2717 mulat.

1886 2753 2101 2819 Venter,
2138 2752 2341 2810 infidus
2371 2754 2607 2825 depositi
2639 2764 2829 2811 custos
2868 2766 2975 2820 est,
3020 2763 3075 2812 et
3121 2755 3264 2825 quod
3306 2754 3394 2809 in-

1803 2846 1994 2918 jicitur
2026 2846 2238 2917 abjicit.

1879 2938 2091 2997 Obesus
2123 2940 2308 2996 helluo
2335 2955 2538 3012 porcus
2568 2950 2655 2999 est
2688 2942 2754 2998 ad
2783 2942 2984 2997 caedem
3024 2952 3273 3010 paratus.

1881 3030 2177 3105 Sanguinis
2221 3033 2480 3101 influxio,
2532 3035 2757 3104 spiritus
2803 3033 3148 3089 eflluxionem
3198 3034 3356 3105 parit.

1881 3217 1985 3286 Qui
2008 3218 2182 3274 ventri
2205 3218 2539 3284 dominatur,
2565 3220 2762 3290 quovis
2785 3219 2908 3275 loco
2932 3218 3190 3273 virtutem
3217 3218 3399 3273 colere

1811 3321 2018 3382 potest;
2051 3312 2142 3382 qui
2174 3322 2356 3367 autem
2385 3314 2487 3368 sub
2514 3312 2687 3383 ipsius
2717 3312 2943 3383 imperio
2966 3320 3051 3368 est
3074 3352 3090 3379 ,
3123 3326 3396 3382 nusquam

1814 3406 2060 3461 omnino.

1885 3496 2002 3551 Duo
2028 3507 2157 3553 sunt
2188 3497 2538 3552 continentiae
2569 3497 2849 3568 proposita
2874 3514 2890 3553 :
2927 3496 3179 3562 alterum,
3208 3504 3271 3551 ut
3299 3511 3399 3568 per

1813 3588 2092 3645 abdicatas
2117 3589 2347 3659 hujusce
2373 3589 2499 3644 vita:
2520 3589 2829 3659 voluptates
2850 3629 2868 3654 ,
2912 3589 3113 3646 futurae
3145 3590 3399 3660 volupta-

1814 3684 1961 3739 tibus
1993 3682 2275 3752 fruamur;
2302 3685 2534 3740 alterum
2564 3725 2581 3751 ,
2614 3694 2674 3738 ut
2701 3682 2961 3753 depresso
2992 3698 3244 3755 corpore,
3274 3683 3399 3738 ani-

1815 3791 1903 3829 ma
1942 3775 2105 3830 simul
2132 3791 2227 3845 per
2256 3772 2619 3830 humilitatem
2664 3773 3039 3845 deprimatur,
3086 3784 3255 3844 atque
3294 3774 3401 3830 hoc

1814 3866 1975 3922 modo
2004 3865 2071 3920 ad
2106 3867 2581 3936 compunctionem
2617 3881 2891 3937 propensa
2931 3866 3021 3925 sit:
3062 3866 3135 3922 De
3178 3867 3399 3936 reliquo

1816 3955 1980 4028 igitur
2024 3956 2278 4028 quisquis
2322 3972 2351 4010 a
2392 3957 2654 4014 carnibus
2691 3958 2916 4029 quidem
2956 3958 3231 4026 abstinet,
3278 3959 3401 4014 aliis

1815 4058 1995 4103 tamen
2040 4048 2179 4104 cibis
2226 4062 2346 4104 sese
2386 4048 2717 4120 ingurgitat,
2766 4048 3243 4114 helluo,diceudus
3274 4058 3395 4114 est,

1817 4153 1878 4198 ut
1897 4144 1991 4215 qui
2031 4159 2064 4199 a
2087 4145 2526 4201 commemoratis
2550 4144 2901 4201 continentiae
2928 4143 3195 4202 institutis
3221 4143 3400 4200 desci-

1814 4237 1970 4291 verit.

1889 4326 2027 4381 Gula
2059 4343 2432 4398 srcpenumero
2458 4328 2625 4386 etiam
2655 4343 2754 4401 per
2778 4326 3068 4384 cbaritatis
3099 4325 3399 4383 fenestram

1746 4451 1791 4506 Β
1820 4418 2028 4474 insilire
2061 4420 2222 4475 solet.

1887 4510 2025 4567 Gula
2081 4510 2284 4567 fontem
2345 4513 2697 4568 laudabilium
2750 4513 3122 4584 lacrymarum
3186 4510 3400 4575 siccat;

1819 4611 2007 4659 contra
2058 4604 2499 4676 turpissimarum
2553 4604 2855 4661 fluxionum
2898 4604 3103 4661 fontem
3157 4617 3404 4658 commo—

1819 4704 1930 4750 vet.

1890 4786 2125 4845 Leonem
2158 4789 2204 4845 si
2231 4789 2564 4855 demulceas,
2594 4802 2721 4845 eum
2752 4787 2900 4844 haud
2936 4801 3064 4843 raro
3092 4785 3400 4852 cicurabis;

1429 4893 1670 4951 VARIIE
1698 4896 2104 4959 LECTIONES.

210 5012 236 5045 ⁸
277 5012 365 5067 ΑΙ.
395 5012 557 5078 νέοις.

1653 5106 1889 5167 NOTE.

212 5217 296 5290 (3)
336 5216 535 5287 Τρυφὴ
575 5218 690 5291 Δκαὶ
724 5218 992 5291 μάλιστα
1038 5222 1244 5291 νέφος.
1298 5217 1471 5290 Quam
1502 5223 1725 5281 difficile
1834 5228 2064 5281 maxime
2098 5226 2258 5280 nubes
2291 5234 2392 5280 est.

133 5288 238 5349 sit;
270 5288 333 5343 ex
366 5304 475 5343 uno
490 5288 678 5345 codice
725 5288 831 5348 ins.
865 5288 1125 5349 omnibus
1145 5288 1387 5348 numeris
1416 5294 1720 5351 absolutam

134 5359 474 5428 mendisque
503 5368 781 5416 carentem
814 5377 1075 5418 accurare
1123 5362 1445 5429 editionem,
1498 5366 1582 5419 vel
1633 5366 1722 5422 bie

134 5444 290 5485 unus
322 5430 477 5484 locus
498 5430 713 5487 abunde
738 5433 996 5487 ostendit.
1023 5432 1157 5500 Quis
1182 5434 1350 5499 enim,
1380 5433 1596 5500 amabo,
1628 5452 1721 5491 su-

134 5500 472 5575 spicaretur,
495 5502 626 5575 illud
658 5501 822 5575 νεφος
850 5518 913 5557 ex
949 5505 1219 5575 superiori
1253 5505 1395 5559 linea
1413 5515 1715 5575 sumptum,

136 5572 332 5645 geriem
364 5572 632 5645 vocabuli
651 5573 795 5645 νέοις
840 5574 1153 5645 occupare?
1194 5572 1560 5631 Doctissimus
1586 5593 1715 5633 vero

138 5641 360 5704 Billius,
387 5642 480 5710 qui
502 5643 662 5697 vertit
691 5661 705 5695 :
761 5641 996 5707 Luxusf
1027 5647 1216 5700 mentis
1276 5648 1436 5702 nubes
1485 5656 1585 5711 est,
1613 5648 1722 5702 nisi

142 5712 310 5767 aliter
345 5712 557 5783 legerit,
590 5714 764 5783 potuit
794 5714 1105 5786 simplicius
1138 5715 1387 5787 reddere,
1431 5715 1636 5785 Luxus,
1672 5728 1721 5773 ει

1905 5298 1982 5362 (ι)
2004 5296 2420 5368 Κολακ8ᾦσας.
2454 5290 3402 5368 Elegantem‘sententiamjlatgpjs

1829 5360 1998 5423 Judaei
2036 5368 2173 5421 libro
2223 5367 2296 5438 De
2348 5360 2624 5438 legatione,
2658 5367 2723 5420 ad
2755 5364 3058 5438 Caiumpp.
3090 5362 3217 5438 997‘.
3273 5360 3401 5438 99_8,

1834 5439 1924 5493 ubi
1961 5438 2028 5492 de
2055 5452 2224 5491 uxore
2253 5431 2524 5494 Macronis
2568 5431 2830 5507 loquitur,
2875 5431 3048 5489 δεινδν
3081 5431 3402 5507 γυνὴ-γνῶ·
3434 5440 3439 5449 ’

1830 5508 2157 5579 μηνάνδρὸς
2188 5508 2498 5579 παραλῦσαι
2522 5508 2617 5561 καὶ
2640 5503 3012 5579 παραγαγεῖν,
3040 5504 3134 5557 καὶ
3166 5503 3402 5579 μάλιστα

1828 5568 2392 5654 μαχλὰς,’ἕνεκα’γάρ
2417 5578 2512 5632 τοῦ
2544 5568 2845 5643 συνειδότος
2873 5568 3284 5654 κολακικωτέρα
3313 5568 3401 5654 .7!-

1832 5649 2004 5714 νεται,
2041 5664 2207 5718 prave
2266 5651 2492 5715 editam,
2549 5664 2717 5718 prave
2774 5649 3115 5705 emendatam
3156 5649 3399 5715 aspicies

1830 5718 2059 5777 Melissa:
2089 5719 2182 5775 lib.
2210 5734 2271 5787 ιι,
2294 5733 2460 5776 serui.
2494 5719 2584 5774 ⁸54.
