3816 6220
415 256 554 322 1M3

1906 264 1968 321 Β.
2012 260 2176 323 NILI

3540 262 3667 330 1444

412 385 468 431 at
512 376 559 431 si
608 375 783 431 ventri
831 374 1130 433 blandiaris
1157 417 1173 442 ,
1223 376 1650 433 triculentiorem
1693 393 1818 433 eum
1874 379 1997 433 rell-

2148 382 2348 452 αστέρα
2376 378 2434 433 δὲ
2490 380 2855 451 θεραπεύσας,
2910 381 3261 453 ἀγριωτέραν
3316 386 3665 453 παρασκευα-

412 468 529 523 des.

481 559 705 618 Gulosis
730 561 849 632 ipsa
888 576 1107 632 quoque
1148 562 1422 618 insomnia
1443 604 1459 629 ,
1492 563 1599 618 cibi
1630 568 1775 617 sunt.

484 739 674 797 Ventri
706 741 913 812 impera
934 782 949 807 ,
984 757 1052 797 ne
1081 742 1177 796 tibi
1208 742 1300 797 ille
1324 742 1571 813 imperet.

485 832 761 903 Oppresso
791 843 978 888 ventre
1013 834 1230 889 animus
1271 834 1579 889 humilitate
1620 849 1742 891 sese
1770 835 1994 906 dejicit;

417 927 656 982 molliter
693 934 874 982 autem
904 926 1088 981 habito
1115 969 1131 992 ,
1171 928 1224 981 in
1258 927 1425 981 altum
1454 930 1711 997 assurgit.

492 1017 808 1075 Dzemonum
835 1018 1087 1088 princeps
1116 1029 1199 1074 est
1222 1018 1487 1086 Satanas;
1516 1022 1769 1076 vitiorum
1792 1031 1994 1087 autem,

419 1110 567 1183 gula.

501 1198 861 1270 Posteaquam
944 1200 1119 1256 malus
1199 1217 1294 1256 seu
1356 1201 1606 1259 diabolus
1664 1202 1982 1260 helluonum

418 1306 617 1348 manus
670 1308 734 1346 ac
800 1292 962 1360 pedes
1015 1308 1211 1347 somno
1262 1293 1590 1363 colligavit,
1650 1295 1724 1351 ita
1778 1296 1997 1352 demum

421 1380 687 1436 arbitratu
714 1396 813 1436 suo
850 1381 1032 1436 omnia
1077 1381 1221 1449 agit,
1262 1388 1426 1450 atque
1470 1382 1721 1451 turpibus
1772 1384 2001 1454 spectris

422 1471 764 1543 impurisque
804 1472 1211 1528 excretionibus
1256 1473 1497 1529 animum
1550 1484 1605 1531 et
1656 1490 1860 1545 corpus
1912 1476 1999 1529 in-

423 1560 554 1616 (icit.

492 1652 647 1724 Apud
689 1653 996 1709 mundanus
1046 1653 1200 1708 radix
1255 1668 1501 1709 omnium
1554 1655 1824 1712 malorum
1869 1671 1997 1711 ava-

423 1744 547 1800 ritia
582 1754 702 1812 est;
747 1746 886 1814 apud
920 1746 1220 1801 monachos
1250 1754 1432 1801 autem
1471 1748 1594 1817 gula
1627 1749 1829 1819 potius.

492 1932 787 2004 Copiosum
834 1941 1045 1989 stercus
1082 1933 1356 2004 ingentem
1403 1932 1668 1986 vermium
1714 1943 2001 1984 numerum

423 2026 629 2096 gignit;
672 2036 727 2079 et
776 2024 1026 2080 ciborum
1076 2024 1233 2094 copia
1281 2039 1540 2095 magnum
1589 2022 2002 2078 libidinosarum

423 2120 825 2190 cogitationum
862 2134 1151 2174 numerum
1182 2126 1452 2189 procreat.
1872 2104 1875 2107 ’

959 2230 1038 2287 De
1076 2231 1445 2302 fornicatione.

495 2343 898 2401 Fornicationis
943 2346 1169 2417 spiritus
1194 2386 1210 2410 ,
1253 2360 1352 2416 per
1397 2344 1582 2401 carnis
1621 2342 2004 2413 cupiditatem,

426 2435 554 2491 inde
584 2437 750 2492 etiam
781 2453 812 2493 α
847 2437 1023 2507 prima
1057 2446 1237 2504 aetate,
1272 2436 1429 2492 nobis
1456 2435 1731 2507 negotium
1766 2432 2002 2489 facessit.

424 2527 602 2596 Atque
638 2535 793 2582 atrox
824 2529 944 2598 ejus
985 2527 1185 2583 bellum
1223 2535 1338 2588 est,
1369 2541 1435 2581 ac
1465 2525 1662 2596 duplex
1688 2566 1703 2590 ,
1738 2524 1792 2578 in
1824 2522 2007 2577 animo

427 2632 622 2688 nempe
651 2628 705 2673 et
736 2618 791 2672 in
820 2632 1049 2688 corpore
1074 2617 1506 2674 eonsideratum.
1546 2615 1719 2671 Porro
1748 2614 2011 2669 adversus

426 2725 553 2765 eum
579 2710 913 2765 continentia
944 2719 1169 2766 strenue
1193 2717 1436 2781 pugnat,
1468 2708 1639 2763 animi
1670 2706 2010 2770 humilitate,

427 2799 550 2855 sine
571 2814 679 2869 qua
709 2813 811 2854 nec
836 2797 1254 2855 fornicationem
1282 2800 1599 2869 quisquam,
1624 2812 1725 2853 nec
1748 2797 1855 2852 alia
1882 2795 2012 2850 vitia

427 2907 688 2961 superare
727 2893 971 2962 poterit,
1007 2892 1274 2950 auxilium
1323 2894 1429 2964 ipsi
1471 2892 1748 2948 afferente.
1793 2888 2016 2961 Oportet

426 2998 593 3056 ergo,
621 2984 780 3055 juxta
824 2984 1179 3040 Proverbium
1211 2996 1234 3025 ο
1263 3027 1279 3053 ,
1320 2985 1470 3041 οιηηί
1504 2983 1752 3041 custodia
1797 2996 2017 3039 servare

2098 488 2233 535 σεις.

2168 568 2296 632 Τοῖς
2348 568 2789 641 γαστριμάργοις
2857 565 2952 619 καὶ
3000 565 3073 620 τὰ
3130 567 3361 621 ἐνύπνια
3394 569 3473 637 (5)
3532 568 3672 639 βρώο

2100 676 2269 730 ματα.

2170 747 2650 820 Κράτειγαστρδς,
2684 750 2772 804 ἵνα
2798 750 2875 822 μὴ
2904 750 3046 822 αὕτη
3078 750 3334 821 κρατήσῃ
3370 767 3490 801 σου.

2171 833 2410 907 Γαστρδς
2443 838 2790 909 θλιϐομένης.
2824 842 3177 895 ταπεινοῦται
3232 841 3439 911 καρδία
3462 859 3476 873 ·
3517 839 3675 909 θερί-

2103 929 2416 1000 πευομένης
2449 932 2528 992 δὲ,
2569 933 2720 1003 πρὸς
2749 932 2884 1002 ὕψος
2914 933 3216 1004 ἐπαίρεται.

2178 1020 2398 1090 Ἀρχων
2428 1021 2527 1091 μὲν
2568 1022 2863 1093 δαιμόνων,
2911 1026 2940 1077 ὁ
2977 1025 3248 1086 Σατανᾶς
3279 1021 3469 1093 ἄρχων
3492 1022 3553 1074 δὲ
3581 1038 3680 1075 πα-

2103 1105 2233 1175 θῶν,
2262 1114 2295 1183 ὴ
2323 1116 2760 1187 γαστριμαργία.

2174 1203 2296 1257 Τῶν
2322 1209 2758 1279 γαστριμάργων
2778 1211 2969 1279 χεῖρας
2994 1207 3131 1280 ὁμοῦ
3167 1208 3263 1263 καὶ
3306 1207 3483 1270 πόδας
3528 1205 3681 1277 ὕπνῳ

2100 1295 2382 1368 δεσμήσας
2406 1299 2435 1351 δ
2464 1300 2722 1371 πονηρὸς,
2753 1302 2935 1355 πάντα
2965 1303 3066 1356 ὅσα
3092 1301 3360 1372 ἠθέλησεν
3393 1300 3682 1371 ἐποίησεν,

2104 1387 2355 1458 αἰσχραῖς
2408 1391 2736 1457 φαντασίαις
2810 1392 2903 1445 καὶ
2960 1394 3185 1463 μιαραῖς
3233 1391 3531 1461 ἒκκρίσεσι
3590 1391 3688 1443 καὶ

2100 1478 2279 1551 ψυχὴν
2312 1481 2405 1534 καὶ
2440 1481 2598 1552 σῶμα
2625 1483 3053 1553 καταρυπώσας.

2172 1658 2334 1731 Παρὰ
2369 1659 2469 1729 μὲν
2517 1662 2801 1730 κοσμικοίς
2873 1660 3001 1732 ῥίζα
3056 1660 3277 1713 πάντων
3328 1660 3445 1711 τῶν
3499 1659 3687 1714 κακῶν

2039 1745 2077 1800 E
2105 1748 2138 1817 ἡ
2164 1745 2521 1818 φιλαργύρια,
2556 1748 2707 1819 παρὰ
2770 1748 2827 1802 δὲ
2863 1750 3118 1819 μοναχοῖς
3148 1748 3353 1819 μᾶλλον
3385 1751 3421 1819 ἡ
3460 1766 3686 1819 γαστρι-

2152 1842 2340 1896 αογία.

2152 1859 2185 1896 α
2265 1859 2340 1895 ια.

2109 1860 2148 1910 μ
2178 1859 2391 2004 ἰςῖῆθος
2458 1933 2665 2003 κόπρου
2726 1932 2932 2003 πλῆθος
2983 1932 3282 2002 σκωλήκων
3341 1934 3513 2003 γεννᾷ
3547 1948 3563 1962 ο
3600 1930 3694 1986 καὶ

2107 2026 2314 2096 πλῆθος
2361 2026 2687 2107 βρωμάτων,
2712 2025 2919 2103 πλῆθος
2942 2024 3209 2096 ἐμπαθῶν
3238 2024 3556 2095 λογισμῶν.

2601 2224 2743 2294 Περὶ
2770 2224 3055 2294 πορνείας
3077 2222 3177 2295 (6).

2179 2344 2253 2397 Τὸ
2286 2341 2506 2414 πνεῦμα
2534 2343 2635 2413 τῆς
2672 2342 2950 2414 πορνείας,
2993 2342 3083 2397 διὰ
3121 2345 3225 2414 τῆς
3260 2341 3572 2413 ἐπιθυμίας
3601 2342 3698 2410 τῆς

2110 2436 2339 2507 σαρκὸς,
2371 2434 2481 2488 ἀπὸ
2508 2432 2735 2505 πρώτης
2765 2433 2983 2506 ἡλικίας
3016 2436 3151 2506 ἡμῖν
3176 2435 3413 2505 ἐνοχλεῖ.
3451 2435 3570 2488 Καὶ
3601 2452 3697 2503 χα-

2108 2526 2272 2590 λεπὸς
2294 2528 2323 2579 ὁ
2347 2526 2538 2579 τούτου
2572 2525 2831 2596 πόλεμος,
2864 2526 2963 2581 καὶ
2993 2525 3237 2592 διπλοῦς,
3266 2526 3325 2578 ἐν
3342 2543 3406 2580 τε
3426 2526 3581 2597 ψυχῇ
3610 2526 3701 2578 καὶ

2114 2616 2328 2689 σώματι
2388 2616 2789 2689 θεωρούμενος.
2850 2616 3359 2689 ’Δντιστρατεύεται
3416 2617 3479 2671 δὲ
3524 2616 3703 2685 τούτῳ

2112 2710 2379 2779 γενναίως
2411 2710 2445 2780 ὴ
2478 2709 2801 2781 ἐγκράτεια,
2840 2709 3277 2781 συναιρουμένης
3306 2709 3453 2779 αὑτῇ
3482 2710 3705 2775 καὶτῆς

2112 2800 2503 2866 ταπεινώσεως
2537 2802 2638 2871 τῆς
2680 2802 2882 2873 ψυχῆς,
2908 2797 2979 2873 ἦς
3026 2801 3182 2865 ἐκτὸς
3228 2799 3357 2854 οὔτε
3411 2802 3699 2873 πορνείπ.

2116 2893 2244 2947 οὔτε
2278 2892 2454 2948 ἄλλων
2502 2893 2694 2949 παθῶν
2757 2892 3044 2965 δυνήσεταί
3088 2910 3173 2957 τις
3225 2891 3630 2963 περιγενέσθαι
3664 2894 3702 2942 ⁶.

2119 2984 2243 3058 Χρὴ
2274 2984 2455 3039 τοίνυν
2492 2983 2637 3040 κατὰ
2665 2985 2765 3056 τὴν
2800 2984 3110 3057 Παροιμίαν
3143 2984 3249 3055 (7),
3290 2985 3453 3059 πάσῃ
3482 2985 3701 3053 φυλακῇ

428 3089 524 3131 cor
565 3076 634 3131 ab
685 3076 941 3133 obscenis
990 3076 1445 3147 cogitationibus,
1496 3092 1599 3132 nec
1633 3076 1799 3131 ullam
1827 3090 1995 3130 earuu

2153 3077 2308 3146 ηρεῖν
2354 3074 2452 3147 τὴν
2499 3073 2732 3147 καρδίαν
2785 3074 2894 3128 ἀπὸ
2952 3074 3217 3147 ῥυπαρῶν
3260 3073 3582 3143 λογισμῶν,
3618 3074 3708 3126 καὶ

429 3168 499 3223 ad
542 3184 645 3225 nos
687 3169 1036 3225 accedentem
1075 3168 1399 3236 admittere;
1436 3185 1505 3223 ne
1529 3168 1733 3238 alioqui
1768 3167 2011 3222 animum

428 3260 675 3325 subiens,
701 3261 855 3316 illum
882 3260 1063 3316 trahat
1091 3276 1187 3316 seu
1212 3268 1454 3327 enervet,
1484 3268 1649 3330 atque
1675 3258 1742 3313 ad
1766 3257 2014 3327 volupta-

430 3359 537 3409 tem
565 3353 773 3410 illiciat.
802 3353 993 3424 Operae
1021 3353 1255 3424 pretium
1283 3363 1369 3409 est
1395 3353 1539 3408 enim
1573 3351 1873 3408 secundum
1908 3349 2014 3405 Ι)οα

431 3445 567 3501 ιιιἰηί
618 3444 921 3501 doctrinam
963 3444 991 3485 (1
1017 3486 1032 3510 ,
1068 3445 1332 3499 mundare
1381 3444 1536 3514 prius
1576 3443 1723 3513 quod
1751 3443 1897 3496 intus
1928 3449 2012 3496 est

432 3536 646 3602 calicis,
690 3545 752 3591 ut
803 3536 895 3591 ﬁat
942 3536 1107 3592 etiam
1159 3536 1214 3591 id
1262 3535 1406 3606 quod
1461 3533 1666 3590 deforis
1712 3542 1816 3601 est,
1860 3548 2022 3587 mun-

432 3629 588 3685 dum.
630 3627 1088 3701 Quandoquidem
1108 3628 1381 3700 jejunium
1411 3642 1631 3699 quoque
1669 3642 1778 3682 non
1818 3626 2023 3681 idcirco

432 3731 648 3778 tantum
682 3723 936 3791 colimus,
962 3732 1023 3780 ut
1051 3739 1253 3795 corpus
1274 3723 1612 3787 alllictemus,
1636 3738 1823 3777 verum
1854 3720 2017 3775 etiam

433 3825 496 3872 ut
532 3815 878 3891 prudentiam
914 3815 1110 3871 mentis
1153 3814 1523 3885 adipiscamur
1544 3821 1572 3880 ;;
1598 3830 1667 3868 ne
1691 3829 1789 3884 per
1826 3813 2025 3866 immo-

435 3909 614 3963 dicam
647 3908 896 3964 ciborum
922 3907 1136 3979 copiam
1171 3909 1484 3975 obscurata,
1516 3906 1889 3963 custodiendis
1923 3920 2019 3961 co-

437 4001 794 4070 gitationibus
831 4002 1009 4072 impar
1054 4002 1145 4058 sit.
1179 4000 1321 4068 Quin
1360 4000 1491 4056 illud
1529 4014 1749 4071 quoque
1788 3997 2017 4053 manda-

436 4107 575 4162 tum,
600 4098 745 4168 quod
772 4098 980 4168 primus
1012 4095 1176 4152 homo
1205 4112 1235 4151 a
1265 4094 1375 4151 Deo
1400 4096 1586 4150 datum
1620 4091 1865 4163 accepit,
1898 4105 2015 4147 ser-

438 4186 620 4259 pentis
647 4194 812 4258 caput
843 4187 1135 4243 observare
1162 4186 1317 4257 jubet
1344 4197 1367 4224 ο
1391 4202 1407 4252 ;
1449 4186 1556 4241 hoc
1582 4195 1667 4241 est
1696 4182 2020 4254 perniciosae

507 4376 534 4407 θ
564 4365 723 4422 Prov.
761 4384 835 4435 tv,
862 4365 956 4420 23.
1030 4363 1057 4405 ἀ
1085 4365 1270 4421 Matth.
1294 4379 1452 4428 χχιιι,
1481 4362 1571 4417 26.
1644 4372 1668 4401 ο
1702 4360 1841 4416 Gen.
1864 4374 1947 4417 ιιι.
1978 4358 2065 4414 l5.

2125 3166 2330 3239 μηδένα
2351 3166 2558 3221 τούτων
2588 3166 3002 3238 προσϐάλλοντα
3020 3166 3466 3240 παραδέχεσθαι*
3497 3168 3709 3237 μήποτε

2123 3258 2425 3331 παρεισδὺς
2494 3258 2732 3331 ὲκλύσῃ¹
2773 3258 2981 3331 ταύτην
3018 3263 3114 3314 καὶ
3148 3258 3517 3331 ὑπαγάγηται
3578 3259 3709 3328 πρὶς

2120 3352 2457 3424 φιληδονίαν.
2503 3354 2783 3425 Προσήκει
2850 3355 2961 3426 γὰρ
3027 3353 3355 3425 καθαρίζειν
3429 3354 3702 3425 πρότερον

2119 3444 2264 3496 κατὰ
2287 3443 2387 3514 τὴν
2426 3443 2524 3497 τοῦ
2578 3445 2787 3516 Κυρίου
2840 3444 3227 3508 διδασκαλίαν,
3287 3444 3349 3498 τὸ
3410 3444 3569 3498 ἔνδον
3619 3442 3711 3497 τοῦ

2117 3536 2407 3606 ποτηρίου,
2430 3536 2519 3589 ἵνα
2540 3536 2768 3607 γένηται
2790 3538 2885 3591 καί
2901 3536 2965 3590 τὸ
2994 3535 3099 3601 ἔξω
3120 3536 3390 3607 καθαρόν.
3434 3537 3600 3591 Ἐπεὶ
3622 3536 3712 3588 καὶ

2118 3628 2218 3699 τὴν
2250 3628 2510 3699 νηστείαν
2541 3628 2844 3700 ἀσκοῦμεν,
2874 3628 2938 3682 οῦ
2960 3628 3101 3699 πρὸς
3132 3629 3444 3699 κακουχίαν
3473 3629 3574 3681 τοῦ
3613 3627 3712 3680 σώ-

2124 3738 2295 3791 ματος
2337 3722 2548 3788 ἁπλῶς,
2606 3722 2742 3777 ἀλλὰ
2777 3722 2871 3776 καὶ
2900 3722 3039 3793 πρὸς
3078 3721 3238 3793 νῆψιν
3267 3721 3366 3776 τοῦ
3421 3723 3571 3787 νοὸς,
3629 3723 3711 3775 ἵνα

2124 3815 2200 3887 μὴ
2235 3818 2304 3887 τῇ
2340 3816 2584 3889 ἀμετρίᾳ
2615 3816 2726 3870 τῶν
2777 3816 3084 3889 βρωμάτων
3114 3814 3453 3880 σκοτισθεὶς,
3514 3814 3713 3868 ἀδυνα-

2127 3910 2290 3979 τήσει
2319 3902 2459 3979 πρὸς
2481 3908 2581 3981 τὴν
2607 3909 2718 3963 τῶν
2744 3907 3027 3979 λογισμῶν
3065 3907 3343 3977 φυλακήν.
3368 3907 3541 3977 Καὶή
3570 3904 3714 3976 ιταῴ

2123 3998 2221 4053 τοῦ
2257 4000 2391 4053 Θεοῦ
2439 4000 2497 4054 δὲ
2520 4001 2566 4033 τ’
2596 4001 2810 4055 δοθεῖσα
2845 3999 2983 4071 πρὸς
3019 3998 3111 4052 τὸν
3145 3998 3369 4069 πρῶτον
3427 3999 3715 4070 ἄνθρωπον

2126 4088 2358 4159 ἐντολὴ,
2392 4088 2605 4143 κελεύει
2649 4089 2748 4161 τὴν
2798 4088 3040 4160 κεφαλὴν
3074 4088 3251 4156 δφεως
3288 4092 3526 4159 τηρεῖν·
3563 4103 3716 4140 τωτ-

2128 4182 2388 4252 έστι,τὴν
2405 4183 2582 4255 ἀρχὴν
2604 4182 2698 4237 τοῦ
2723 4181 2991 4255 βλαϐεροῦ
3014 4181 3309 4252 λογισμοῦ,
3333 4182 3406 4235 δι’
3432 4177 3504 4253 ἦς
3528 4182 3715 4252 ἕρπειν

1746 4518 1983 4576 VARI/1‘3
2006 4518 2414 4576 LECTIONES.

511 4691 535 4725 ⁸
556 4691 646 4748 At.
682 4688 1081 4763 περιγίνεσθαι.

1159 4686 1180 4719 ⁷
1216 4684 1305 4741 ΑΙ.
1334 4684 1560 4757 ἐλκύσῃ.
1628 4685 1671 4715 ⁸⁷·
1714 4685 1871 4739 Abest
1900 4684 1964 4737 ab
1986 4682 2060 4736 al.

2002 4848 2230 4906 NOT/E.

398 5126 401 5133 ,
519 5069 596 5141 (5)
637 5068 945 5121 Ἑνυπνια.
975 5057 1500 5141 ιεοιῐρέιειίάῙριιῐο,
1533 5050 2026 5141 εμπ-εαέιιιτρῖγιίγιυζη

446 5118 911 5205 meum—Occupat
939 5142 1103 5205 caput
1126 5131 1194 5187 90
1228 5129 1481 5200 Synodiri
1509 5126 1770 5205 adversus
1791 5118 2026 5205 gratim-

449 5191 867 5268 iliainlrenaei':
902 5191 1208 5273 corrigetur
1251 5191 1434 5253 autem
1472 5212 1567 5266 per
1597 5202 1760 5263 caput
1788 5191 1856 5247 59
1878 5192 2027 5261 ejus-

448 5286 571 5339 dem
602 5279 802 5346 operis.
840 5275 1139 5346 somnium.
1169 5344 1177 5346 _
1385 5340 1396 5346 _
1831 5333 1863 5346 Δ,

522 5350 599 5423 (6)
636 5340 945 5423 Πορνείᾳς.
994 5343 1217 5423 Indubie
1256 5340 2028 5423 turpiterquecorruptiLsnnt

451 5402 677 5477 Alex'ins
699 5402 972 5472 Kristinus
1002 5424 1058 5469 et
1083 5415 1319 5485 Sympon
1350 5402 1611 5480 Magister
1627 5415 1681 5459 et
1701 5402 2024 5485 [togethetm

453 5473 774 5561 iii—Synopsi
812 5502 875 5541 ac
900 5473 1146 5561 Epitome
1192 5473 1513 5561 Οιιιιοιιιιιῇζ
1550 5473 1767 5561 tonui.“
1792 5473 1798 5474 ⁷
1826 5474 2019 5561 Biblio-

459 5545 779 5625 thecaeju'ris
812 5545 1059 5610 canonici
1083 5554 1306 5616 veteris,
1326 5568 1388 5625 p.
1412 5549 1517 5625 795
1538 5556 1591 5601 et
1610 5545 1734 5625 738-,
1761 5546 1907 5625 κατὰ
1935 5545 2027 5625 τὸν

456 5628 550 5682 τοῦ
582 5616 787 5697 Κῦρίου
814 5627 991 5694 λόγον,
1012 5627 1146 5697 ,ἴσως
1181 5616 1599 5697 καταδικάζεται
1632 5617 1727 5697 καὶ
1739 5616 2028 5697 ἀνὴρηκαὶ

461 5698 638 5769 γυνὴ,
675 5686 782 5749 ’διὰ
834 5686 1089 5766 πορνείαν
1131 5686 1236 5749 ’νεὶ
1297 5691 1555 5763 πορνείας
1622 5686 2031 5756 ἀποζευγνύμε-

2130 5064 2229 5101 νοι.
2263 5045 2459 5115 Liquet
2484 5044 2626 5101 enim
2654 5060 2717 5099 ex
2749 5042 2867 5115 ipso
2895 5041 3139 5107 Canone,
3172 5041 3267 5112 qui
3292 5050 3371 5097 est
3406 5042 3599 5099 Basilii
3625 5060 3713 5098 nuo

2130 5133 2255 5180 nus,
2300 5114 2469 5185 scribi
2497 5124 2769 5185 oportere,
2804 5114 2929 5183 δίχα
2952 5114 3235 5177 πορνείας,
3257 5128 3365 5167 nec
3394 5117 3711 5184 probatione

2129 5197 2214 5242 est
2235 5203 2391 5257 opus.
2438 5183 2610 5239 Juxta
2662 5185 2880 5238 Domini
2937 5200 3249 5257 sermonem,
3300 5183 3411 5257 viri
3441 5196 3495 5239 et
3537 5192 3714 5239 mlier

2130 5254 2667 5329 citra'fornicationis
2698 5271 2919 5309 causam
2957 5254 3212 5322 separati,
3241 5256 3457 5318 pariter
3478 5259 3714 5310 eandem-

2131 5340 2351 5382 nuntur.

2208 5400 2285 5470 ('7)
2321 5397 2483 5470 ιςατὰ
2507 5397 2622 5470 τὴν
2646 5398 2993 5470 ηαρριμίαν.
3029 5396 3356 5456 Ludibrium
3390 5414 3591 5455 revera
3614 5406 3713 5457 est,

2137 5466 2281 5538 quod
2334 5468 2607 5524 Patricius
2661 5466 2903 5538 Junius,
2935 5469 3062 5521 dum
3124 5474 3321 5534 nescit,
3366 5472 3490 5525 haec
3534 5471 3713 5529 vertis,

2134 5537 2363 5611 Ἀφελοῦ
2400 5540 2460 5593 τὸ
2488 5540 2700 5611 ἱμάτιον
2744 5537 2932 5611 αὑτοῦ,
2963 5539 3209 5610 παρῆλθε
3242 5543 3377 5611 γάρ,
3412 5557 3538 5596 esse
3564 5540 3713 5593 Salo-

2135 5609 2314 5667 munis
2335 5609 2955 5683 Proverb.!_xxvu,gl3A,
2993 5609 3403 5683 παῳιμιαστῆν
3443 5614 3500 5667 in
3541 5628 3717 5682 προοι-

2140 5685 2373 5755 μιαστὴν
2397 5680 2676 5752 pervertit,
2719 5694 2772 5750 p.
2798 5680 2867 5736 55
2889 5680 3105 5737 Catenae
3132 5680 3185 5737 in
3225 5680 3349 5737 Joh.
