3816 6220
64 366 215 434 1445

1439 347 1538 410 DE
1574 342 1764 407 OCTO
1792 345 2030 406 VITIIS

3226 340 3366 408 1446

64 490 148 552 εἰς
208 482 334 554 τὴν
416 478 698 554 ἡμετέραν
770 472 1048 545 ἐπιχειρεῖ
1074 469 1294 541 ψυχήν·
1356 466 1570 537 μήποτε
1615 463 1724 531 τῇι

1859 460 2133 529 gitatiouis
2164 460 2377 515 initium
2400 501 2413 523 ,
2439 475 2535 530 per
2561 458 2709 531 quod
2746 459 2813 515 ad
2851 458 3090 515 animam
3119 469 3364 516 nostram

74 577 390 651 παραδοχῇ
424 574 523 644 τῆς
548 569 812 640 κεφαλῆς,
865 567 961 620 κα)⁸
991 564 1054 619 τὸ
1089 562 1275 616 λοιπὸν
1337 558 1497 629 σῶμα
1555 571 1679 608 συν-

68 650 304 742 εισρυῇ,
335 669 435 722 καὶ
447 661 934 730 κατακυλισθῶμεν
957 656 1151 727 είςῐτὴν
1178 653 1436 725 ἀθέμιτον
1454 650 1676 721 πρᾶξιν.

71 764 268 819 Καλὸν
304 756 409 814 οὖν
440 758 510 812 τὰ
540 757 713 828 νήπια
765 751 1087 814 Βαϐυλῶνος
1109 764 1124 779 ο
1164 747 1308 818 φημὶ
1338 744 1397 798 δέ
1443 744 1573 806 τοὺς
1620 742 1680 794 ἐν

73 857 227 927 ἀρχῇ
280 850 742 924 προσϐάλλοντας
793 843 1053 915 αἰσχροὺς
1104 838 1432 909 λογισμούς*
1488 832 1680 902 ἐδαφι-

78 926 199 1015 ζειν
231 948 345 999 καὶ
380 941 690 1014 συντρίϐειν
744 937 884 1007 πρὸς
918 936 1022 1005 τὴν
1064 933 1294 1002 πέτραν,
1317 930 1441 999 ἧτις
1476 926 1626 981 ἐστὶν
1656 926 1685 978 ὁ

76 1038 368 1112 Χριστός.
407 1033 789 1106 Ἀδρυνθέντες
833 1029 945 1099 γὰρ
969 1024 1299 1096 παρέξουσιν
1340 1022 1472 1090 ἡμῖν
1515 1017 1681 1087 ὀχλή-

81 1109 201 1196 σεις
260 1130 483 1193 πολλὰς
538 1127 633 1181 καὶ
681 1122 1008 1195 πράγματα.
1063 1119 1156 1187 Μὴ
1210 1114 1580 1186 θαρρήσωμεν
1627 1109 1684 1162 δὲ

81 1224 446 1279 καταϐαλεῖν
511 1219 601 1275 διὰ
679 1217 846 1288 μόνης
903 1212 1213 1283 ἀσκήσεως,
1255 1207 1317 1260 τὸ
1369 1204 1685 1270 ἀκάθαρτον

86 1314 330 1386 πνεῦμα
360 1313 465 1382 τῆς
496 1308 777 1381 πορνείας,
807 1305 856 1358 εί
891 1304 967 1374 μὴ
1001 1303 1093 1356 καὶ
1146 1301 1181 1371 ἡ
1226 1298 1377 1369 παρὰ
1418 1294 1511 1349 τοῦ
1548 1292 1685 1346 Θεοῦ

88 1407 495 1479 συνεφάψηται
546 1402 789 1474 βοήθεια.
840 1398 916 1450 Οὐ
951 1394 1227 1448 παύσεται
1273 1391 1384 1462 γὰρ
1417 1391 1445 1442 ὁ
1476 1387 1686 1458 ἄνθρω-

91 1519 198 1565 πος
231 1478 656 1569 πολεμούμενος
685 1492 778 1545 ὑπ’
812 1487 1005 1553 αὐτοῦ,
1036 1488 1236 1557 μέχρις
1272 1484 1338 1538 ἂν
1372 1484 1429 1534 ἐν
1458 1478 1687 1549 ἀληθείᾳ

90 1568 405 1662 πιστεύσῃ,
453 1590 537 1642 ὅτι
586 1585 687 1639 οὐκ
724 1583 833 1655 ίδίᾳ
860 1580 1064 1651 σπουδῇ
1100 1578 1197 1632 καὶ
1248 1574 1508 1644 καμάτῳ,
1536 1573 1601 1642 τῇ
1628 1568 1686 1622 δὲ

94 1683 193 1738 τοῦ
220 1681 373 1737 Θεοῦ
411 1679 591 1749 σκέπῃ
613 1674 709 1730 καὶ
743 1672 1047 1742 ἀντιλήψει,
1072 1670 1172 1741 τῆς
1210 1666 1459 1739 χαλεπῆς
1480 1662 1688 1732 ταύτης

92 1772 569 1844 ἀπαλλαγήσεται
613 1770 898 1839 μάστιγος.
957 1760 1268 1833 ’Υπερφυὲς
1313 1758 1423 1828 γάρ
1469 1757 1585 1808 ἐστι
1626 1753 1689 1805 τὸ

96 1867 375 1937 πρᾶγμα,
404 1862 500 1917 καὶ
529 1864 557 1915 ὁ
588 1859 718 1922 τοὺς
746 1856 1074 1930 ἐρεθισμοῦς
1106 1854 1206 1923 τῆς
1233 1851 1433 1923 σαρκὸς
1464 1849 1560 1902 καὶ
1589 1846 1687 1909 τάς

97 1956 304 2028 ἡδονὰς
328 1953 537 2023 ταύτης
560 1949 915 2016 καταπατῶν,
938 1948 1139 2019 τρόπον
1158 1945 1305 2007 τινὰ,
1328 1942 1422 1995 τοῦ
1439 1939 1691 2011 σώματος

101 2049 210 2116 ἐξω
235 2047 482 2117 γίνεται.
518 2045 610 2098 Διὸ
640 2044 735 2097 καὶ
765 2041 1031 2096 ἀδύνατον
1074 2035 1347 2108 ἀνθρώπῳ
1378 2036 1491 2096 τοῖς
1542 2030 1693 2092 ἰδίοις

101 2144 344 2213 πτεροῖς
405 2138 720 2208 ἀναπτῆσαι
742 2135 765 2166 ⁸
824 2133 963 2205 πρὸς
990 2132 1089 2204 τὴν
1123 2129 1332 2201 ὑψηλὴν
1365 2127 1609 2197 ἁγνείαν,
1645 2126 1693 2177 εἰ

109 2234 189 2308 μὴ
233 2236 339 2290 καὶ
362 2233 521 2305 χάρις
545 2228 705 2294 Θεοῦ,
736 2227 930 2282 τοῦτον
970 2224 1079 2279 ἀπὸ
1104 2224 1304 2295 βόθρου
1344 2222 1458 2274 τῶν
1500 2219 1692 2274 παθῶν

106 2328 337 2396 ἀνάγοι.
373 2328 584 2394 Δεῖγμα
625 2322 681 2376 δὲ
711 2318 829 2384 τοῦ,
865 2318 965 2390 τὴν
1006 2315 1209 2388 ἀρετὴν
1237 2314 1443 2384 ταύτην
1489 2313 1695 2382 κτήσα-

110 2420 238 2475 σθαί
272 2436 404 2473 τινα
438 2415 680 2479 τελείως,
697 2413 759 2467 τὸ
794 2411 1064 2483 μηδεμίαν
1111 2407 1344 2478 αἰσχρὰν
1397 2404 1698 2475 φαντασίαν

112 2516 171 2568 ἐν
200 2516 326 2577 τοῖς
355 2512 547 2573 ὕπνοις
593 2506 866 2577 ἐπιπηδᾷν
894 2507 961 2576 τῇ
1019 2503 1165 2574 ψυχῆ
1188 2516 1203 2531 ο
1257 2492 1420 2553 αὗται
1460 2499 1570 2569 γάρ
1604 2495 1699 2549 τοῦ

113 2608 298 2659 νοσεῖν
331 2604 431 2675 τὴν
460 2603 639 2674 ψυχὴν
672 2599 997 2669 τεκμήριον,
1029 2596 1125 2649 καὶ
1158 2595 1231 2665 μή
1263 2610 1350 2645 πω
1377 2589 1472 2645 τοῦ
1493 2588 1702 2651 πάθους

117 2692 497 2765 ἀπηλλάχθαι.
534 2689 624 2743 Διὸ
649 2689 746 2742 καὶ
774 2687 974 2748 ταύτας
997 2685 1217 2755 ἔλεγχον
1262 2680 1403 2736 εἶναι
1437 2679 1538 2750 τῆς
1566 2696 1702 2747 προ-

116 2783 402 2853 λαϐούσης
431 2782 666 2851 λέγομεν
698 2776 988 2851 ῥᾳθυμίας,
1016 2776 1112 2829 καὶ
1142 2774 1242 2844 τῆς
1293 2774 1351 2827 ἐν
1382 2772 1513 2843 ἡμῖν
1540 2768 1704 2823 ἀσθε-

122 2876 298 2941 νείας,
340 2870 427 2928 οἷα
478 2876 579 2945 τῆς
630 2870 1053 2940 καλυπτομένης
1093 2871 1149 2920 ἐν
1200 2868 1312 2928 τοῖς
1363 2862 1707 2934 άποκρύφοις

123 2973 223 3040 τῆς
243 2969 428 3040 ψυχῆς
457 2967 649 3039 μέρεσι
670 2966 850 3027 νόσου,
907 2959 1324 3032 φανερουμένης
1369 2956 1457 3009 διὰ
1503 2954 1600 3026 τῆς
1649 2955 1709 3007 ἐν

125 3065 238 3126 τοῖς
272 3062 467 3123 ὕπνοις
491 3059 751 3132 ρεύσεως.
796 3055 958 3123 Μέγα
996 3049 1110 3116 οὖν,
1155 3051 1393 3120 ἀδελφοὶ,
1421 3050 1481 3103 τὸ
1512 3048 1710 3120 κατόρ-

1782 568 1999 622 serpere
2024 564 2283 617 conatur;
2316 569 2383 607 ne
2418 553 2578 618 forte,
2607 553 2850 609 admisso
2877 554 3074 622 capite,
3096 553 3365 623 reliquum

1782 644 1946 699 etiam
1980 661 2182 715 corpus
2216 662 2323 699 una
2354 646 2611 700 illabalur
2632 687 2647 711 ,
2681 654 2735 701 et
2767 646 2819 699 in
2847 644 3115 700 nefariam
3149 645 3370 699 decida-

1784 752 1905 793 mus
1933 737 2223 793 actionem.
2258 737 2403 791 Bene
2434 739 2618 807 itaque
2647 737 2783 801 erit,
2820 737 2866 791 si
2901 739 3159 807 parvulos
3196 735 3371 806 Baby-

1784 829 1927 884 lonis
1947 871 1962 892 ,
2010 839 2194 899 turpes
2214 870 2229 895 ,
2261 830 2482 900 inquam
2502 869 2517 893 ,
2549 828 2907 899 cogitationes
2926 868 2942 896 ,
2971 844 3095 898 qua:
3122 844 3223 882 nos
3254 830 3370 898 pri-

1783 934 1934 973 mum
1965 920 2322 985 adoriuntur,
2351 920 2418 973 ad
2448 929 2662 990 petram
2685 958 2698 981 ,
2748 934 2870 988 qua:
2909 927 2991 972 est
3019 918 3268 972 Christus
3304 915 3324 955 ί
3354 956 3370 979 ,

1786 1011 2077 1066 allidamus
2107 1021 2270 1081 atque
2296 1011 2615 1067 obteramus
2641 1013 2686 1065 ε.
2722 1011 2935 1065 Adullaa
2966 1012 3165 1065 etenim
3194 1050 3208 1075 ,
3248 1009 3372 1078 plu-

1787 1104 1985 1157 rimum
2015 1104 2173 1158 nobis
2206 1104 2492 1158 turbarum
2522 1119 2586 1157 ac
2618 1102 2993 1157 molestiarum
3019 1102 3371 1157 exhibebant.

1786 1194 1897 1250 Nec
1943 1212 2073 1250 vero
2114 1211 2216 1252 nos
2249 1196 2527 1267 impurum
2566 1195 2951 1251 fornicationis
2988 1196 3241 1265 spiritum
3281 1209 3377 1265 per

1787 1287 1959 1341 solam
2010 1286 2325 1357 religiosam
2383 1286 2834 1341 exercitationem
2896 1283 3204 1354 dejecturos
3254 1298 3378 1337 esse

1787 1379 2162 1446 confidamus,
2202 1379 2309 1433 nisi
2360 1378 2451 1433 Dei
2486 1379 2797 1434 subsidium
2827 1376 3145 1432 accesserit.
3189 1375 3379 1444 Neque

1788 1469 1933 1523 enim
1976 1470 2138 1522 homo
2182 1469 2252 1522 ab
2289 1483 2354 1522 eo
2397 1476 2524 1522 ante
2565 1467 2872 1538 oppugnari
2921 1466 3168 1529 desinet,
3210 1480 3377 1535 quam

1788 1576 1914 1614 vere
1940 1560 2254 1624 crediderit,
2286 1559 2428 1629 quod
2465 1576 2571 1614 non
2607 1576 2709 1614 suo
2740 1558 2925 1613 studio
2958 1567 3013 1612 et
3046 1558 3255 1620 labore,
3284 1556 3381 1611 sed

1790 1653 1885 1707 Dei
1914 1654 2251 1722 protectione
2282 1660 2447 1721 atque
2478 1650 2730 1721 praesidio
2755 1651 2824 1704 ab
2850 1649 2952 1704 hoc
2972 1663 3167 1717 aspero
3210 1646 3384 1718 ﬂagro

1790 1744 2102 1800 liberandus
2147 1746 2237 1799 sit.
2273 1741 2551 1811 Siquidem
2601 1756 2686 1795 res
2728 1749 2813 1795 est
2868 1740 3071 1795 eximia
3115 1753 3180 1793 ac
3220 1753 3383 1807 supra

1718 1813 1763 1868 Β
1795 1845 2085 1900 naturam;
2141 1843 2195 1887 et
2232 1834 2324 1901 qui
2368 1833 2553 1888 carnis
2602 1831 2941 1886 irritamenta
2984 1838 3038 1884 et
3082 1829 3385 1898 voluptates

1792 1928 2042 2000 proterit,
2078 1942 2106 1981 a
2144 1941 2375 1997 corpore
2421 1923 2828 1996 quodammodo
2878 1922 3112 1977 excedit.
3154 1919 3388 1975 Proinde

1793 2021 1908 2077 fieri
1939 2020 2148 2091 nequit,
2181 2029 2241 2074 ut
2272 2020 2437 2073 homo
2473 2018 2703 2073 suismet
2731 2016 2924 2087 pennis
2953 2015 3021 2069 ad
3050 2014 3386 2079 castitatem,

1796 2117 2069 2170 excelsam
2117 2129 2267 2179 rem,
2319 2110 2608 2175 convolet,
2651 2109 2759 2165 nisi
2800 2108 2895 2163 Dei
2939 2122 3158 2179 quoque
3217 2106 3389 2177 gratia

1795 2223 1919 2263 cum
1952 2223 1982 2261 a
2012 2205 2479 2277 perturbationum
2521 2203 2691 2257 animi
2726 2202 2881 2256 fovea
2940 2201 2993 2254 in
3051 2199 3220 2254 altum
3255 2202 3391 2254 edu-

1801 2299 1958 2353 xerit.
1981 2299 2248 2353 (Iteterum
2283 2295 2543 2349 indicium
2573 2336 2588 2360 ,
2622 2293 2767 2363 quod
2801 2292 3073 2363 quispiam
3110 2292 3251 2346 hanc
3280 2294 3393 2348 vlr—

1801 2402 1968 2447 tutcm
2000 2393 2156 2459 plene
2184 2390 2256 2443 sit
2288 2395 2645 2449 consecutus,
2680 2384 2824 2439 istud
2857 2394 2960 2448 est,
2998 2385 3043 2439 si
3075 2383 3221 2437 nulla
3245 2382 3392 2438 faeda

1803 2483 2118 2554 imaginatio
2176 2496 2273 2551 per
2318 2494 2569 2534 somnum
2619 2480 2672 2532 in
2730 2478 2966 2531 animam
3022 2476 3246 2529 insiliat.
3305 2473 3394 2528 Ere

1802 2589 2037 2644 namque
2102 2579 2425 2640 argumento
2467 2578 2596 2623 sunt
2645 2569 2888 2623 animam
2944 2575 3255 2637 :egrotare,
3292 2580 3395 2619 nec

1802 2668 1873 2722 ab
1922 2664 2235 2735 hujusmodi
2285 2663 2481 2718 affectu
2534 2662 2717 2716 adhuc
2768 2675 2893 2716 esse
2941 2660 3192 2714 liberam.
3238 2656 3395 2712 Unde

1803 2770 1857 2816 et
1885 2761 2104 2816 easdem
2138 2758 2375 2813 dicimus
2403 2754 2775 2810 antecedentis
2819 2752 3084 2809 socordia:
3105 2793 3121 2819 ,
3163 2751 3393 2805 abditae-

1805 2870 1913 2925 que
1954 2855 2006 2907 in
2036 2852 2193 2907 nobis
2224 2848 2613 2905 imbecillitatis
2640 2863 2763 2903 esse
2802 2846 3048 2910 iudices,
3083 2860 3189 2899 non
3234 2859 3397 2898 secus

1808 2963 1873 3003 ac
1920 2946 2096 3002 morbi
2144 2944 2430 3015 cujusdam
2482 2942 2535 2996 in
2584 2940 2755 2996 animi
2796 2938 3171 3010 penetralibus
3206 2936 3398 2991 delite-

1812 3041 2016 3098 scentis
2045 3081 2061 3106 ,
2093 3053 2159 3094 ac
2194 3051 2317 3092 sese
2374 3033 2750 3106 patefacientis
2796 3048 2893 3102 per
2939 3030 3232 3084 fluxioncm
3275 3045 3399 3099 quae

129 3156 293 3229 θωμα
324 3156 428 3225 τῆς
457 3125 675 3223 ἁγνείας
707 3151 801 3205 καὶ
840 3146 1201 3219 σωφροσύνης
1222 3162 1236 3175 ο
1274 3146 1369 3198 καὶ
1406 3143 1495 3197 διὰ
1546 3141 1707 3196 τοῦτο

1859 3153 1867 3189 ι
1900 3133 2109 3190 somnis
2134 3131 2424 3201 contingit.
2457 3128 2649 3199 Magna
2678 3129 2883 3198 itaque,
2914 3125 3132 3192 fratres,
3173 3125 3399 3180 castita-

136 3252 409 3323 μεγάλαις
439 3250 534 3304 καὶ
570 3246 844 3308 ποικίλαις
866 3241 1183 3305 ἐπιϐουλαῖς
1213 3239 1535 3309 πολεμεῖται
1557 3234 1712 3306 παρὰ

134 3346 243 3399 τῶν
269 3343 503 3417 ἐχθρῶν.
553 3339 693 3393 Ἀλλ’
725 3339 892 3408 ἡμεῖς
944 3335 1167 3398 εἰδότες,
1208 3333 1292 3385 ὅτι
1343 3329 1521 3399 χωρίς
1550 3329 1714 3397 ἁγια-

135 3437 321 3508 σμοῦ,
378 3436 522 3489 κατὰ
578 3433 668 3486 τὸν
712 3429 1063 3492 Ἀπόστολον,
1108 3425 1305 3491 οὐδεὶς
1359 3423 1569 3492 ὄψεται
1609 3420 1715 3474 τὸν

142 3533 385 3599 Κύριον,
429 3527 505 3599 μὴ
559 3523 956 3594 άποκάμωμεν,
1025 3518 1386 3589 φυλάττοντες
1438 3511 1715 3585 ἐπιμελῶς

138 3622 236 3693 τὴν
270 3621 519 3693 καρδίαν,
555 3618 649 3673 καὶ
678 3610 1266 3687 ἐγκρατευόμενοι,καὶ
1292 3609 1513 3667 πυκνῶς
1543 3624 1716 3679 προσ-

143 3715 432 3785 ευχόμενοι
487 3709 626 3782 μετὰ
675 3706 1009 3776 στεναγμοῦ,
1064 3704 1162 3758 καὶ
1190 3701 1357 3757 τᾶλλα
1410 3699 1714 3763 ποιοῦντες,

140 3806 289 3870 ὅπως
320 3805 417 3877 τὴν
444 3803 674 3873 κάμινον
702 3801 802 3872 τῆς
831 3797 1108 3869 ἡμετέρας
1130 3794 1352 3865 σαρκὸς,
1385 3792 1452 3862 ἢν
1479 3792 1507 3843 ὁ
1535 3789 1717 3842 Βαϐυο

143 3900 335 3963 λώνιος
365 3896 619 3969 βασιλεὺς
647 3894 876 3949 ἀνάπτει
916 3892 1029 3953 τοῖς
1062 3889 1162 3959 τῆς
1192 3883 1493 3954 ἐπιθυμίας
1529 3881 1712 3953 ἐρεθι-

148 3996 328 4061 σμοῖς,
354 3990 751 4058 άποσϐέσωμεν
772 3987 837 4056 τῇ
870 3980 1148 4053 παρουσίᾳ
1168 3975 1263 4031 τοῦ
1290 3975 1446 4045 ἁγίου
1472 3973 1722 4041 Πνεῦμα-

148 4104 256 4151 τος.
292 4085 450 4156 Λύτῷ
475 4086 509 4157 ἡ
541 4083 668 4150 δόξα
699 4082 780 4143 είς
804 4079 931 4140 τοὺς
962 4073 1186 4135 αἰῶνας.

230 4154 567 4252 Σωφροσύνη
624 4175 725 4248 μὲν
754 4168 1084 4243 ἐγκρατείας
1114 4163 1303 4218 τέκνον
1326 4177 1340 4191 ο
1385 4159 1611 4230 πορνεία
1664 4154 1722 4208 δὲ

152 4271 396 4345 θυγάτηρ
422 4266 890 4341 γαστριμαργίας.

220 4343 503 4436 κυμάτων
525 4363 615 4433 βία
662 4358 915 4432 χειμάζει
945 4355 1129 4410 πλοῖον
1154 4368 1168 4383 ·
1203 4349 1298 4405 καὶ
1321 4345 1448 4404 νοῦν
1483 4343 1723 4417 ἀκρατῆ,

155 4458 416 4532 λογισμὸς
440 4456 718 4529 πορνείας.

227 4555 390 4624 ὐψις
441 4550 691 4621 εὐανθὴς,
741 4546 891 4619 βέλος
941 4536 1487 4618 πεφαρμακωμένον·
1522 4533 1726 4606 ἔτρωσε

156 4646 352 4721 ψυχὴν,
402 4646 499 4701 καὶ
536 4644 627 4698 τὸν
682 4642 759 4696 ίὺν
807 4637 1117 4702 ἐναπέθετο,
1162 4634 1254 4687 καὶ
1295 4633 1418 4685 ὅσον
1469 4626 1725 4700 χρονίζει,

160 4741 378 4797 πλείονα
409 4739 571 4812 σῆψιν
605 4736 918 4809 ἐργάζεται.

166 4866 169 4869 ι
230 4805 653 4888 Βέλτιοιννοίκοι.
690 4828 918 4900 μένοντα
975 4805 1275 4894 σχολάζειν,
1330 4819 1365 4889 ἢ
1422 4815 1586 4885 τιμᾷν
1648 4812 1733 4865 δο-

164 4927 359 4981 κοῦντα
422 4924 520 4990 τὰς
575 4923 788 4994 ἑορτάς,
830 4919 1107 4991 πάρεργον
1149 4912 1244 4967 τοῦ
1287 4910 1537 4982 δαίμονος
1585 4906 1734 4976 γίνε-

168 5019 308 5076 σθαι.

237 5113 454 5168 Ἕλαιον
484 5108 674 5181 τρέφει
701 5104 916 5176 λύχνον,
950 5103 1045 5156 καὶ.
1069 5097 1276 5171 πυρσὸν
1308 5094 1501 5167 ἡδονῆς
1552 5089 1738 5162 ὁμιλία

170 5204 446 5269 γυναικός.

236 5295 408 5364 Φεῦγε
448 5290 741 5363 συντυχίας
800 5284 1098 5356 γυναικῶν,
1147 5282 1242 5336 καὶ
1286 5280 1362 5352 μὴ
1400 5276 1505 5349 δῷς
1550 5274 1741 5335 αὐταῖς

244 5476 264 5518 ί
296 5478 312 5533 l
340 5477 465 5534 Cor.
504 5492 559 5542 χ,
591 5474 644 5528 4.
726 5474 751 5511 ε
782 5469 1175 5530 Psal.exxxv1,
1198 5464 1252 5520 9.
1334 5457 1361 5496 τι
1388 5456 1547 5513 Hebr.
1575 5471 1674 5519 xu,
1705 5452 1793 5506 Μ.

1756 4494 1803 4552 ῐ)

1814 3228 1884 3284 tis
1913 3235 1969 3283 et
1998 3226 2271 3297 pudicitia:
2301 3224 2475 3277 virtus
2507 3230 2628 3287 est;
2658 3221 2728 3275 ob
2774 3219 2939 3290 idque
2969 3218 3180 3288 magnis
3205 3217 3401 3271 variis-

1813 3335 1920 3389 que
1962 3319 2172 3374 insidiis
2215 3316 2283 3370 ah
2316 3314 2566 3370 hostibus
2596 3321 2965 3382 oppugnatur.
3022 3308 3228 3364 Verum
3262 3323 3401 3373 nos,

1815 3413 1969 3484 gnari
2018 3413 2163 3483 quod
2207 3414 2320 3463 sine
2357 3405 2740 3467 sanctimonia,
2783 3414 2841 3458 ut
2885 3403 2962 3457 ait
2998 3402 3295 3472 Apostolus
3329 3402 3354 3440 δ
3381 3440 3401 3466 ,

1816 3524 1966 3561 nemo
2006 3506 2200 3560 videbit
2242 3503 2527 3558 Dominum
2553 3540 2569 3563 ,
2611 3514 2678 3554 ne
2725 3498 3080 3561 fatisramus,
3110 3495 3239 3553 dum
3279 3495 3403 3550 dili-

1817 3607 2007 3668 genter
2064 3611 2159 3650 cor
2234 3602 2480 3647 nostrum
2530 3604 2947 3650 conscrramus,
3009 3586 3400 3642 continentiam

1818 3691 2071 3753 colimus,
2113 3686 2333 3743 crebras
2366 3699 2554 3755 preces
2577 3698 2701 3737 cum
2736 3682 2937 3753 gemitu
2969 3678 3276 3745 fundimus,
3298 3695 3406 3734 cm-

1819 3791 2048 3851 teraque
2107 3779 2379 3839 facimus,
2433 3791 2543 3844 quo
2595 3776 2779 3829 carnis
2834 3783 3035 3828 nostra:
3084 3771 3402 3837 fornacem,

1819 3890 1983 3945 quam
2017 3870 2347 3941 Babylonius
2386 3883 2477 3921 rex
2521 3882 2616 3936 per
2638 3865 2956 3936 cupiditatis
2986 3864 3274 3919 illecebras
3314 3879 3406 3918 ac-

1821 3966 2024 4030 cendit,
2049 3963 2285 4034 Spiritus
2312 3962 2483 4017 sancti
2510 3961 2816 4015 interventu
2839 3957 3278 4029 exstinguamus.
3300 3954 3406 4027 Ipsi

1823 4059 1995 4133 gloria
2028 4059 2081 4111 in
2120 4056 2341 4112 saecula.
3356 4040 3357 4043 “

1893 4151 2159 4207 Pudicitia
2191 4147 2543 4204 continentia:
2570 4145 2679 4200 filia
2704 4152 2821 4211 est;
2863 4141 3163 4199 fornicatio
3185 4148 3369 4196 autem
3390 4179 3409 4206 ,

1825 4246 1964 4319 gulae
1998 4244 2239 4300 soboles.

1898 4338 2185 4394 Fluctuum
2214 4335 2449 4403 impetus
2474 4346 2664 4386 navem
2691 4330 2899 4401 jactat;
2942 4336 3182 4384 mentem
3210 4328 3411 4383 intem-

1828 4438 2106 4505 perantem
2133 4470 2148 4495 ,
2189 4424 2569 4481 fornicationis
2602 4422 2885 4494 cogitatio.

1928 4523 2143 4578 Florida
2216 4519 2383 4574 facies
2414 4559 2430 4585 ,
2498 4517 2664 4572 telum
2714 4524 3042 4571 venenatum
3088 4522 3172 4569 est
3220 4530 3234 4567 :
3292 4510 3416 4566 ani-

1855 4634 2006 4674 mum
2041 4617 2273 4680 sauciat,
2297 4624 2351 4669 ct
2383 4615 2433 4666 in
2492 4613 2612 4682 ipso
2652 4624 2921 4665 venenum
2955 4606 3160 4679 infigit;
3200 4618 3419 4676 quoque

1838 4710 2046 4767 diutius
2084 4709 2433 4768 immoratur,
2465 4718 2530 4757 eo
2560 4700 2825 4770 majorem
2850 4698 3060 4753 saniem
3093 4695 3275 4752 efﬁcit.

1910 4803 2141 4857 Praestat
2180 4800 2327 4855 domi
2380 4797 2625 4867 quietum
2683 4806 2926 4859 manere,
2962 4804 3126 4860 quam
3179 4786 3422 4859 putando

1843 4894 1979 4951 festa
2012 4894 2214 4959 colere,
2245 4889 2512 4946 daemonis
2539 4887 2777 4959 praedam
2809 4894 2864 4941 et
2887 4882 3254 4939 accessionem
3284 4880 3421 4935 fieri.

1920 5094 2114 5136 meum
2147 5077 2426 5132 lucernam
2466 5071 2601 5137 alit,
2658 5070 2898 5137 itemque
2927 5062 3222 5135 voluptatis
3268 5059 3425 5113 llam-

1849 5190 2017 5239 mam,
2048 5169 2289 5226 mulieris
2312 5164 2669 5223 consuetudo.

1850 5326 1853 5329 _
1909 5263 2195 5320 Mulierum
2225 5258 2502 5315 consortia
2528 5255 2672 5325 fuge,
2694 5267 2793 5309 nec
2807 5249 3110 5307 libertatem
3130 5245 3265 5318 ipsis
3293 5259 3427 5299 cou-

1462 5634 1547 5691 VA
1558 5631 1694 5689 811E
1724 5625 2019 5686 LECTION
2030 5625 2132 5683 ES.

250 5841 272 5877 ³
303 5840 389 5896 Al.
423 5835 753 5907 ἀναπτῆναι.
