3816 6220
386 301 522 368 1447

1840 300 1905 359 S.
1934 297 2100 359 NILI

3510 288 3652 357 ιιιε

386 418 537 473 cede.
571 411 758 469 Primo
788 424 1114 482 congressu,
1143 417 1196 465 et
1223 408 1457 465 demissa
1478 406 1635 464 humi
1663 407 1800 463 facie
1831 408 1968 463 leni—

2120 408 2411 480 αρῤησίαν.
2442 406 2646 482 Πρώτη
2679 404 2963 481 συντυχίᾳ,
2992 404 3090 462 καὶ
3124 406 3189 460 τὸ
3225 402 3450 478 βλέμμα
3475 407 3661 460 τείνα-

382 521 462 567 ter
489 509 812 578 loquuntur,
833 513 889 561 et
916 504 1286 577 lacrymantur
1313 504 1669 566 miseranter;
1696 500 1970 556 modeste-

382 616 489 672 que
534 615 657 656 sese
716 604 1073 669 componunt,
1115 596 1430 668 frequenter
1475 595 1877 665 ingemiscunt;
1907 594 1973 649 de

382 696 636 751 castitate
656 699 1073 765 percontantur,
1099 700 1153 747 et
1174 691 1418 746 studiose
1442 690 1689 744 audiunt.
1708 686 1970 744 Secunda

380 788 501 842 vice
547 786 749 849 vidisti,
796 786 911 855 jam
954 784 1228 855 paulisper
1271 782 1525 837 attollunt
1556 781 1776 848 oculos;
1810 778 1969 836 tertio

385 880 703 950 colloquio,
760 877 921 931 lixius
983 884 1035 929 te
1099 875 1411 936 intuentur,
1474 871 1789 937 snhrident,
1857 870 1969 925 imo

384 972 545 1026 etiam
588 969 874 1039 profusum
920 966 1090 1020 risum
1130 963 1333 1030 edunt;
1388 978 1453 1017 ac
1492 961 1726 1031 denique
1774 970 1970 1015 cuncta

392 1078 512 1133 qua:
558 1061 795 1115 animam
834 1058 1087 1110 obsident
1130 1055 1451 1115 moliuntur,
1507 1054 1698 1107 hamos
1751 1052 1970 1118 mortis,

390 1152 792 1224 prazstigiarum
825 1150 1212 1213 illectamenta,
1246 1155 1412 1216 atque
1440 1144 1815 1215 multipliciter
1837 1157 1974 1198 con-

386 1256 560 1301 tcxtas
601 1245 807 1315 plagas.

454 1336 535 1390 Ad
567 1336 747 1406 ignem
792 1332 838 1388 si
876 1331 1104 1401 pmpius
1128 1329 1449 1391 accesseris,
1500 1328 1681 1384 statim
1725 1327 1971 1393 resilies;

386 1436 441 1481 at
469 1426 514 1480 si
545 1424 791 1479 mulieris
811 1423 997 1478 verbis
1024 1432 1074 1477 te
1096 1421 1331 1477 emolliri
1376 1422 1548 1485 sinas,
1577 1436 1686 1475 non
1715 1420 1862 1475 illico
1885 1435 1973 1476 re-

388 1518 571 1573 cedes.

456 1606 605 1661 Viret
637 1607 827 1671 herba,
879 1620 1004 1675 quae
1037 1604 1195 1674 aquis
1222 1603 1525 1674 propinqua
1555 1611 1678 1667 est;
1713 1612 1767 1659 et
1788 1601 1973 1659 libidi-

386 1700 472 1754 nis
496 1697 742 1760 aﬂ'ectus,
772 1697 825 1750 iu
861 1695 1110 1749 muliebri
1141 1694 1441 1763 colloquio.

2082 517 2171 554 σαι
2195 498 2370 565 κάτω,
2398 498 2622 554 λαλοῦσι
2653 499 2863 575 πράως,
2896 499 2992 554 καὶ
3012 498 3310 569 δακρύουσι
3336 498 3664 570 συμπαθῶς,

2078 591 2176 647 καὶ
2204 592 2628 664 σχηματίζονται
2657 593 2924 665 κοσμίως,
2946 593 3043 648 καὶ
3072 592 3254 647 πυκνά
3288 590 3665 653 στενάζουσιν·

2079 684 2328 756 ἐρωτῶσι
2382 686 2510 756 περὶ
2568 686 2815 753 ἁγνείας,
2861 686 2958 739 καὶ
3011 685 3319 747 σπουδαίως
3377 682 3659 738 άκούουσις

2080 777 2341 849 Δεύτερον
2374 772 2533 841 εἶδες,
2578 780 2672 829 καὶ
2711 776 2906 847 μικρὸν
2950 776 3278 830 ἀνένευσαν·
3312 775 3524 845 τρίτον,
3568 775 3666 829 καὶ

2084 870 2385 941 προσέσχον
2432 868 2802 942 ἀτενέστερον,
2843 870 3180 939 ἐμειδίασαν,
3212 866 3310 921 καὶ
3344 866 3667 937 κεχυμένως

2085 962 2378 1030 ὲγὲλασαψ
2440 963 2536 1016 καὶ
2596 961 2783 1015 λοιπὸν
2832 961 3152 1033 ἐξαρτύουσι
3193 961 3378 1016 πάντα
3415 960 3489 1014 τά
3514 959 3669 1011 πολι-

2082 1055 2346 1122 ορκοῦντα
2375 1053 2577 1124 ψυχὴν,
2621 1053 2895 1126 ἄγκιστρα
2934 1054 3189 1119 θανάτου,
3240 1055 3341 1106 καὶ
3392 1051 3670 1124 θέλγητρα

2080 1146 2358 1217 γοητείας,
2387 1148 2483 1201 καὶ
2506 1146 2824 1200 πολύπλοκα
2853 1146 3125 1217 θήρατρα.

2150 1320 2295 1392 [lupi
2352 1320 2451 1390 μὲν
2498 1317 2834 1391 προσελθὼν,
2881 1319 3094 1390 ταχέως
3130 1317 3669 1388 ἀποπηδήσεις’γυ-

2081 1412 2268 1475 ναικὸς
2306 1411 2362 1465 δὲ
2400 1412 2610 1483 ῥήμασι
2644 1411 2960 1483 χαυνωθεὶς,
2994 1411 3097 1465 οὐκ
3133 1409 3343 1474 εὐθέως
3374 1409 3670 1481 ἀναχωρή-

2083 1521 2219 1561 σεις.

2153 1524 2165 1557 ι
2206 1547 2219 1561 .

2153 1523 2350 1651 eius:
2399 1595 2599 1667 βοτάνη
2652 1595 2785 1667 παρ’
2812 1592 2987 1660 ῦδασι,
3015 1594 3113 1648 καὶ
3145 1593 3321 1659 πάθος
3351 1593 3665 1659 ἀκολασίας,

2083 1692 2142 1744 ὲν
2165 1689 2352 1761 ὁμιλίᾳ
2379 1688 2661 1757 γυναικός.

457 1789 653 1844 Forma
685 1787 891 1851 fucata,
931 1785 1413 1856 intemperantium
1455 1784 1725 1856 pernicies
1751 1793 1805 1841 et
1839 1801 1969 1842 nau-

2150 1782 2349 1855 Μορφὴ
2389 1781 2905 1853 κεκαλλωπισμένη,
2945 1780 3055 1835 τῶν
3084 1779 3514 1854 ἀκρατεστέρων
3553 1780 3668 1834 ελε-

387 1880 620 1949 fragium
654 1887 757 1931 est.

456 1963 933 2034 Quemadmodum
993 1963 1136 2034 ignis
1184 1962 1451 2016 memoria
1478 1972 1713 2018 mentem
1749 1965 1977 2022 minime

385 2060 537 2125 urit;
579 2058 660 2113 sic
694 2072 795 2112 nec
838 2056 1086 2119 allectus,
1127 2062 1337 2108 remota
1375 2053 1633 2118 materia,
1669 2071 1777 2126 qua
1814 2057 1977 2111 alitur

382 2161 548 2220 atque
576 2158 826 2219 augetur.

453 2239 558 2291 Par
580 2246 683 2299 est,
719 2234 957 2305 serpenti
989 2242 1043 2288 et
1072 2232 1291 2287 all'ectui
1322 2249 1569 2303 parcere.
1605 2229 1742 2286 Nam
1792 2241 1853 2287 ut
1885 2247 1975 2288 oc-

381 2332 662 2387 casionem
697 2326 1027 2388 invenerint.
1054 2326 1370 2380 interimere
1402 2326 1687 2381 festinant.

458 2421 516 2476 in
576 2435 879 2491 congressu
928 2417 1364 2490 perniciosarum
1411 2430 1791 2488 personarum,
1841 2428 1972 2469 con-

384 2514 794 2586 quiescentibus
822 2512 933 2566 tuis
967 2510 1341 2581 passionibus,
1378 2525 1447 2565 ne
1466 2518 1749 2579 pr0pterea
1794 2506 1970 2562 confi-

384 2608 507 2664 das.
543 2606 659 2663 Hoc
687 2606 834 2660 enim
865 2618 1087 2675 quoque
1110 2618 1200 2658 ars
1230 2611 1331 2669 est,
1375 2612 1434 2656 ut
1468 2603 1756 2657 adversum
1799 2609 1851 2655 te
1882 2600 1970 2653 in-

387 2706 610 2753 cautum
648 2696 960 2765 insurgant,
991 2709 1167 2764 eoque
1207 2694 1371 2747 modo
1405 2692 1621 2747 facilius
1658 2702 1709 2746 te
1730 2693 1969 2761 capiant.

457 2786 516 2840 Si
563 2784 780 2854 quando
833 2781 1085 2836 affectum
1134 2780 1352 2846 viceris,
1396 2795 1467 2835 ne
1521 2781 1643 2835 ideo
1680 2795 1869 2834 curam
1916 2787 1973 2834 et

386 2877 805 2936 sollicitudinem
834 2874 1078 2942 abjicias.
1103 2872 1159 2926 Si
1194 2873 1413 2941 quidem
1436 2871 1661 2926 affectus
1687 2871 1829 2926 ultro
1848 2870 1973 2926 red-

402 2971 481 3025 ire
507 2971 704 3034 solent,
760 2983 822 3022 ac
870 2967 1149 3036 repentino
1175 2965 1379 3034 impetu
1428 2965 1618 3035 ingens
1654 2963 1970 3018 hominibus

388 3056 623 3113 incautis
656 3054 957 3125 periculum
994 3053 1261 3107 inferunt.

2081 1871 2211 1943 θρος
2246 1872 2342 1925 καὶ
2370 1872 2652 1939 ναυάγιον.

2153 1962 2368 2030 ’Ὠσπερ
2424 1962 2613 2030 μνήμη
2668 1958 2842 2031 πυρὸς
2895 1958 2957 2012 οὐ
3004 1959 3149 2013 καίει
3191 1958 3465 2025 διάνοιαν,
3497 1958 3669 2023 οὕτως

2078 2053 2201 2107 οὐδὲ
2234 2052 2426 2116 πάθος,
2451 2052 2699 2122 ἀπούσης
2729 2048 2862 2123 ὕλης
2892 2051 2995 2121 τῆς
3023 2050 3337 2123 τρεφούσης
3368 2051 3473 2106 καὶ
3497 2052 3669 2118 αὐξα-

2078 2144 2277 2214 νούσης
2304 2144 2458 2197 αὐτό.

2150 2235 2315 2287 Ὅσον
2347 2235 2367 2265 ⁹
2391 2235 2539 2287 ἐστὶν
2580 2232 2757 2304 ὄφεως
2799 2234 2895 2287 καὶ
2934 2233 3145 2298 πάθους
3173 2232 3500 2304 φείσασθαι.
3528 2235 3669 2289 Και-

2081 2327 2171 2399 ρὸν
2195 2326 2304 2398 γάρ
2339 2327 2588 2397 εὑρόντα,
2626 2325 2949 2379 σπεύδουσιν
2982 2325 3215 2382 ἀνελεῖν.

2158 2417 2247 2471 Ἐν
2285 2419 2596 2489 συντυχίαις
2627 2416 2935 2489 προσώπων
2969 2417 3270 2489 βλαὸερῶν,
3305 2418 3669 2490 ἠρεμούντων

2079 2524 2162 2561 σοι
2192 2507 2403 2573 παθῶν,
2442 2508 2517 2577 μὴ
2546 2505 2869 2578 πιστεύσῃς.
2912 2507 3089 2579 Τέχνη
3165 2508 3277 2579 γὰρ
3335 2510 3435 2562 καὶ
3481 2508 3667 2577 τοῦτο,

2076 2598 2547 2669 κατεξαναστῆσαί
2577 2599 2622 2631 ¹⁶
2664 2615 2760 2652 σου
2803 2598 2880 2671 μὴ
2918 2599 3348 2671 φυλαττομένου,
3397 2602 3499 2656 καὶ
3535 2604 3669 2674 ῥᾷον

2074 2688 2247 2753 οὕτως
2275 2691 2436 2744 ἑλεῖν.

2144 2783 2211 2836 Εἰ
2240 2799 2373 2835 ποτε
2428 2781 2734 2853 κρατήσεις
2758 2781 2852 2836 τοῦ
2882 2780 3109 2846 πάθους,
3142 2781 3268 2853 μηδ’
3298 2780 3482 2846 οὕτως
3520 2783 3666 2853 ἀμε-

2075 2876 2347 2945 ριμνήσῃς
2364 2890 2385 2906 ο
2404 2873 2805 2946 φιλεπίστροφα
2832 2874 2942 2945 γὰρ
2965 2873 3032 2928 τά
3056 2874 3227 2940 πάθη,
3254 2873 3352 2927 καὶ
3375 2873 3456 2945 τῷ
3483 2874 3670 2943 αἰφνι-

2071 2966 2169 3038 δίῳ
2234 2967 2347 3029 τοῖς
2405 2965 2741 3034 ἀφυλάκτοις
2808 2966 2936 3033 ὀξὺν
2997 2966 3092 3020 τὸν
3152 2966 3401 3020 κίνδυνον
3465 2967 3666 3037 ιπιφέ-

2076 3076 2256 3133 ροντα.

461 3148 712 3203 Scintilla
771 3147 824 3201 in
872 3147 1042 3217 paleis
1097 3162 1305 3202 moram
1365 3147 1632 3210 trahens,
1686 3144 1964 3199 flammam

2144 3149 2387 3221 Σπινθὴρ
2421 3148 2741 3220 ἑγχρονίσας
2782 3147 3032 3221 ἀχύροις,
3086 3149 3292 3222 ἐγείρει
3332 3149 3536 3220 φλόγα,
3562 3152 3668 3205 καὶ

386 3239 622 3304 excitat;
662 3248 776 3292 tum
807 3237 969 3291 noxia
995 3237 1303 3292 recordatio
1334 3236 1543 3291 diutius
1569 3234 1837 3301 insidens,
1864 3234 1971 3291 for-

388 3331 689 3388 nicationis
717 3330 1092 3400 cupiditatem.

458 3423 531 3479 Ut
562 3421 758 3476 mortis
791 3419 1054 3475 memoria
1093 3418 1338 3485 ciborum
1364 3418 1837 3490 intemperantiam
1861 3432 1966 3474 am-

385 3525 582 3588 putat;
632 3514 713 3570 sic
740 3512 983 3567 libidinis
1012 3512 1366 3581 petulantiam
1406 3508 1969 3565 resecatcontinentia

382 3609 578 3680 juncta
613 3605 910 3661 humilitati
940 3613 996 3660 et
1019 3604 1277 3658 orationi.

463 3701 521 3755 Si
556 3699 804 3755 libidinis
830 3698 1087 3768 cogitatio
1117 3696 1359 3751 animum
1392 3703 1546 3750 tuum
1571 3694 1817 3757 subierit,
1837 3708 1971 3749 con-

386 3790 570 3847 festim
618 3796 857 3843 mentem
892 3787 1015 3842 inde
1048 3787 1379 3841 abstractam
1430 3784 1498 3839 ad
1545 3782 1714 3839 Deum
1751 3798 1969 3839 summo

387 3886 569 3940 studio
600 3883 821 3951 attolle;
855 3897 925 3938 ne
968 3881 1175 3935 diutius
1207 3879 1549 3947 immoratus,
1582 3887 1841 3949 tanquam
1869 3891 1968 3932 vo—

385 3977 607 4047 luptatis
639 3987 848 4031 amator
877 3972 1285 4029 condemneris.

457 4069 596 4123 Cum
634 4067 882 4124 libidinis
928 4067 1124 4123 ardore
1172 4064 1504 4136 llagraveris,
1557 4072 1672 4117 tum
1735 4061 1965 4132 ingemi-

385 4175 545 4216 scens
580 4161 670 4216 hic
695 4160 876 4216 verbis
903 4167 1057 4215 utere
1086 4177 1099 4213 :
1132 4156 1243 4211 Heu
1270 4172 1358 4211 me
1390 4156 1672 4217 miserum,
1703 4154 1749 4210 si
1776 4153 1965 4209 diabo-

384 4254 497 4309 lum
535 4253 666 4319 Deo,
697 4262 752 4308 et
769 4251 1136 4322 impuritatem
1156 4248 1378 4319 puritati
1399 4256 1759 4318 anteposuero
1784 4248 1799 4301 ι
1828 4245 1965 4301 Pro-

375 4346 617 4415 jicientes
685 4356 764 4399 me
814 4361 954 4399 nunc
1005 4342 1460 4397 circumdederunt
1507 4356 1587 4393 me
1634 4341 1677 4394 ί.
1706 4338 1965 4392 Exsulta-

2074 3244 2291 3331 μνήμηο
2331 3242 2572 3314 βλαϐερά
2630 3242 3029 3315 παραμένουσα
3052 3282 3069 3307 ,
3126 3242 3389 3316 πορνείας
3457 3244 3665 3299 ἐπιθυ⁸

2074 3332 2227 3403 μίαν.

2155 3424 2454 3497 Ἀκρασίαν
2509 3424 2817 3497 βρωμάτων
2866 3426 3189 3498 περικόπτει
3248 3427 3442 3499 μνήμη
3486 3427 3665 3484 θανάο

2067 3534 2163 3572 του
2196 3518 2239 3549 ¹¹
2263 3530 2280 3545 '
2312 3516 2611 3573 ἀκολασίαν
2644 3517 2703 3571 δὲ
2746 3517 3006 3589 πορνείας
3044 3520 3323 3591 περιαιρεῐ
3349 3521 3664 3592 ἐγκράτεια

2070 3610 2208 3681 μετά
2235 3607 2621 3672 ταπεινώσεως
2658 3609 2755 3663 xui.
2791 3611 3127 3681 προσευχῆς.
3324 3632 3336 3639 -

2150 3702 2277 3757 Ἐάν
2310 3718 2391 3755 σοι
2424 3701 2685 3772 λογισμὸς
2734 3701 3032 3765 ἀκολασίας
3072 3702 3471 3774 προσγένηται,
3503 3722 3658 3777 παρ-

2067 3792 2265 3846 αυτίκα
2288 3794 2379 3847 τὸν
2413 3792 2537 3847 νοῦν
2563 3793 2915 3860 ἀποσπάσας,
2948 3794 3207 3864 ἀνένεγκε
3239 3795 3380 3865 μετά
3408 3796 3658 3868 σπουδῆς

2066 3886 2205 3957 πρὸς
2250 3886 2341 3940 τὸν
2384 3886 2517 3940 Θεόν
2540 3903 2555 3918 ο
2594 3887 2803 3958 μήποτε
2860 3887 3137 3959 χρονίσας,
3174 3887 3527 3960 κατακριθῇς
3557 3890 3637 3952 ὡς

2066 3976 2368 4047 φιλήδονος.

2139 4070 2309 4123 Ὅταν
2360 4068 2620 4141 πυρωθῇς
2667 4068 2959 4141 ἐμπαθῶς,
2989 4068 3113 4122 τότε
3154 4068 3278 4139 λέγε
3323 4071 3605 4135 στενάζων
3632 4086 3649 4103 ’

2062 4160 2189 4227 Φεῦ,
2230 4164 2280 4215 εἰ
2315 4162 2637 4233 προτιμήσω
2670 4160 2765 4214 τοῦ
2812 4159 2946 4214 θεοῦ
3000 4160 3092 4213 τὸν
3123 4159 3393 4225 διάϐολον,
3420 4162 3523 4216 καὶ
3549 4162 3651 4233 τῆς

2061 4253 2431 4325 καθαρότητος
2454 4254 2555 4325 τὴν
2582 4252 2941 4325 ἀκαθαρσίαν.
2985 4253 3372 4320 Ὲκόωῑόντες
3398 4271 3478 4323 με
3508 4256 3649 4310 ruri

2062 4345 2556 4415 περιεκύκλωσάν
2583 4363 2659 4415 με
2683 4362 2697 4377 ’
2725 4346 2793 4399 τὸ
2822 4344 3166 4415 ἀγαλλίαμά
3196 4363 3314 4416 μου
3337 4348 3651 4415 λύτρωσαι

387 4440 461 4493 tio
509 4456 649 4504 mea,
707 4454 829 4493 erue
880 4453 962 4491 me
1026 4453 1059 4490 α
1113 4432 1566 4488 εἱνειιηιάσηιὶὁιιε
1616 4430 1771 4486 mei.
1822 4430 1964 4486 Sunt

2120 4458 2133 4494 ς
2164 4440 2284 4495 ἀπὸ
2313 4439 2434 4495 τῶν
2468 4438 2914 4494 κυκλωσάντων
2937 4456 3033 4508 με.
3074 4439 3234 4503 Τινὲς
3265 4440 3324 4493 δὲ
3358 4443 3459 4495 καὶ
3489 4441 3651 4507 ξυλά-

383 4532 550 4589 etiam
583 4531 856 4596 nonnulli,
891 4530 987 4600 qui
1034 4530 1233 4585 l‘ustem
1268 4526 1562 4597 accipiant,
1610 4538 1779 4595 seque
1804 4540 1955 4580 acer-

384 4623 525 4678 rime
555 4621 769 4683 feriant.
810 4631 975 4692 atque
1014 4620 1091 4676 ita
1139 4620 1391 4675 ardorem
1442 4618 1737 4687 expellant,
1772 4617 1961 4672 dolore

383 4716 647 4770 nimirum
678 4716 1009 4783 voluptatem
1047 4712 1237 4780 procul
1261 4710 1535 4781 abigente.

453 4804 681 4874 Quoties
706 4806 951 4863 libidinis
977 4805 1233 4861 illecebra
1267 4803 1496 4859 seorsim
1531 4802 1585 4857 in
1614 4810 1666 4855 te
1698 4801 1956 4872 impetum

377 4899 593 4968 iecerit.
627 4913 811 4968 surge,
846 4912 912 4953 ac
943 4904 998 4953 te
1040 4911 1226 4953 coram
1260 4894 1370 4948 Deo
1409 4892 1635 4964 projice,
1661 4891 1903 4947 clamans
1939 4908 1955 4946 :

382 4990 485 5045 Fili
516 4990 630 5059 Dei,
660 4992 858 5061 adiuva
886 5005 972 5046 me
1000 4989 1050 5043 ιι.
1080 4988 1262 5060 Neque
1284 4988 1630 5043 vehementer
1666 4986 1954 5041 contriste-

380 5081 462 5139 ris
498 5101 514 5138 :
550 5099 660 5137 non
687 5085 831 5139 enim
855 5081 1147 5139 affectuum
1179 5080 1458 5136 evulsores
1486 5092 1704 5143 sumus,
1724 5077 1819 5134 sed
1850 5092 1951 5148 op-

381 5182 732 5243 pugnatores.

459 5386 474 5413 ι
504 5371 648 5429 Psal.
682 5389 794 5439 xw,
832 5373 918 5426 ll.
994 5370 1008 5421 i
1056 5370 1200 5425 Psal.
1234 5385 1387 5435 χχχι,
1418 5369 1469 5423 7.
1550 5367 1577 5404 ¹ί
1605 5366 1799 5423 Matth.
1829 5382 1918 5427 xv,
1949 5363 2041 5419 25.

2065 4548 2177 4604 ριον
2208 4531 2597 4601 λαμϐάνοντες,
2632 4530 2729 4584 καὶ
2755 4528 3053 4593 τύπτοντες
3092 4530 3321 4595 ἑαυτοὺς
3362 4534 3645 4601 ὲμπύνως,

2059 4621 2204 4676 οὕτω
2241 4623 2341 4693 τὴν
2388 4620 2640 4693 πύρωσιν
2668 4619 3082 4685 ἀπελαύνουσιν,
3110 4622 3189 4684 ὡς
3215 4620 3313 4674 τοῦ
3346 4621 3519 4676 πόνου
3546 4623 3647 4696 τὴν

2059 4715 2256 4786 ἡδονὴν
2280 4715 2468 4787 πόρρω
2509 4713 2815 4791 βάλλοντος.

2143 4807 2363 4869 Ὁσάκις
2393 4806 2459 4859 ἂν
2495 4804 2808 4876 καταμόνας
2847 4802 3053 4878 ὲπέλθῃ
3099 4820 3184 4856 σοι
3223 4804 3492 4876 πορνείας
3526 4806 3646 4877 ἐρε-

2062 4899 2277 4970 θισμδς,
2321 4898 2561 4961 ἀναστὰς
2600 4899 2755 4968 ρίψον
2800 4897 3026 4952 σεαυτὸν
3066 4898 3301 4951 ἐνώπιον
3343 4897 3443 4951 τοῦ
3481 4898 3641 4965 Θεοῦ,
3680 4920 3691 4969 ;

2063 4990 2230 5081 βόωψ
2264 4988 2486 5081 Υίὲλτοῦ
2516 4989 2673 5081 Θεοῦ,
2703 4988 2885 5059 βοήθει
2918 5006 3042 5059 μου.
3070 4989 3182 5042 Καὶ
3213 4988 3290 5058 μὴ
3323 4988 3538 5058 σφόδρα
3563 4992 3631 5044 λυ
3674 4978 3689 5081 ς

2059 5078 2165 5132 ποῦ
2185 5094 2201 5109 ο
2234 5079 2298 5132 οὐ
2332 5078 2440 5150 γὰρ
2470 5076 2765 5150 ὲκριζωταὶ
2794 5078 2902 5132 τῶν
2936 5078 3126 5133 παθῶν
3154 5078 3349 5149 ἐσμεν,
3370 5078 3639 5135 ἀλλ’ἀντ-

2060 5163 2379 5231 ἀγωνισταί.

1669 5542 1908 5601 ἾΑΒΙᾸΞ
1942 5540 2346 5601 LECTIONES.

454 5727 478 5760 ⁹
514 5724 780 5785 1ηι.ῐσον.
863 5730 905 5763 ¹⁹
930 5729 1009 5785 ΑΙ.
1072 5724 1559 5798 κατεξανασθῆναί.

1659 5724 1699 5755 ¹¹
1732 5722 1843 5777 Im.
1885 5723 2041 5779 Θεοῦ.
