3816 6220
178 304 324 372 1449

1520 297 1619 357 DE
1655 292 1842 355 OCTO
1871 292 2026 352 VlTI
2037 292 2130 351 IS.

3302 296 3442 362 1450

248 421 435 493 Βαρὺς
463 422 491 475 ό
524 421 625 491 τῆς
648 419 908 491 πορνείας
933 418 1165 489 δαίμων,
1191 417 1283 470 καὶ
1313 413 1561 485 σφοδρῶς
1592 408 1763 464 ἐπιτί-

1936 403 2129 459 Gravis
2176 412 2260 459 est
2300 403 2676 461 fornicationis
2718 407 2954 471 daemon,
2998 422 3062 464 ac
3098 410 3443 466 vehementer

174 513 336 567 θεται
359 513 475 575 τοῖς
506 512 647 566 κατὰ
667 510 760 565 τοῦ
792 510 1000 574 πάθους
1030 507 1471 579 ἀγωνιζομένοις,
1505 504 1602 560 καὶ
1630 503 1765 575 μᾶλ-

172 605 269 657 λον
322 606 380 658 ὲν
410 607 476 675 τῇ
508 602 742 674 ἀμελείᾳ
788 602 889 674 τῆς
919 601 1151 670 διαίτης,
1197 601 1292 654 καὶ
1339 601 1405 670 τῇ
1440 597 1627 669 ὁμιλίᾳ
1658 595 1767 649 τῶν

175 694 466 766 βλαϐερῶν
505 693 837 765 προσώπων.
866 694 947 765 Τῇ
999 690 1234 760 λειότητι
1279 688 1389 757 γὰρ
1430 688 1529 757 τῆς
1572 685 1767 758 ἡδονῆς

172 789 542 844 ὐποκλέπτων
601 787 693 840 τὸν
737 785 884 851 νοῦν,
915 784 1213 857 μετέπειτα
1258 781 1345 835 διὰ
1390 781 1489 851 τῆς
1545 779 1767 850 μνήμης

170 884 473 939 ἀποϐαίνει
514 883 581 948 ¹¹,
605 881 898 953 πυρπολῶν
918 879 980 933 τδ
1006 878 1187 950 σῶμα,
1222 879 1319 933 καὶ
1348 874 1600 939 ποικίλας
1635 892 1769 947 μορ-

173 978 290 1046 φὰς
315 974 560 1047 αἰσχρῶν
599 972 914 1042 φαντασιῶν
936 970 1327 1027 ὑποδεικνύων.

248 1150 423 1220 Σῶμα
462 1149 704 1221 σῶφρον,
750 1148 945 1211 θυσίας
985 1144 1315 1210 πολυτελοῦς
1343 1143 1464 1216 Θεῷ
1513 1143 1770 1213 τιμιώτε-

172 1258 296 1312 ρον.

250 1332 329 1386 Τὸ
354 1331 527 1396 πάθος
552 1332 652 1403 τῆς
686 1331 1049 1403 αἰσχρότητος
1077 1330 1289 1404 ἐκριζοῖ
1336 1327 1503 1389 κόπος
1534 1325 1768 1397 ψυχικὸς

170 1424 277 1477 καὶ
339 1423 501 1486 πόνος
567 1423 880 1494 σωματικός
923 1439 940 1454 ο
980 1421 1081 1492 τῆς
1152 1420 1333 1491 ψυχῆς
1391 1418 1490 1488 μὲν
1545 1418 1632 1472 ἀεὶ
1673 1414 1768 1470 τοῦ

172 1515 324 1569 Θεοῦ
351 1515 638 1585 δεομένης,
663 1515 757 1568 τοῦ
791 1514 848 1567 δὲ
882 1512 1135 1585 σώματος
1167 1509 1658 1581 ἑγκρατευομένου.

266 1608 357 1660 Ἐν
393 1610 506 1670 τοῖς
538 1607 797 1678 πολέμοις
824 1606 923 1679 τῆς
954 1604 1176 1677 σαρκὸς,
1212 1603 1319 1677 χρὴ
1350 1603 1677 1657 κατα-πονεῖν
1710 1601 1770 1655 τὸ

174 1698 368 1769 σῶμα.
416 1700 694 1771 Συμφέρει
742 1699 853 1770 γὰρ
882 1697 1042 1753 τοῦτο
1082 1696 1283 1768 μᾶλλον
1334 1698 1413 1760 είς
1454 1694 1768 1767 ἀρρωστίαν

172 1791 473 1861 ἐμπεσεῖν,
506 1789 540 1860 ἢ
565 1790 665 1859 τὴν
694 1791 893 1860 ψυχήν.

264 1881 337 1934 Ἦ
364 1880 654 1946 ἀκολασία,
685 1880 785 1949 τὴν
812 1880 992 1952 ψυχὴν
1023 1878 1124 1951 μὲν
1153 1877 1442 1950 ὲκθηλύνει
1486 1879 1580 1933 καὶ
1613 1877 1777 1949 μολύ-

176 1990 289 2036 νει,
317 1973 412 2026 καὶ
433 1973 535 2045 τὴν
561 1972 861 2044 ἡγεμονίαν
890 1972 1063 2043 αὐτῆς
1100 1970 1425 2042 μεθίστησιν
1453 1971 1535 2034 είς
1564 1968 1777 2022 ἐπονεί-

168 2067 366 2120 διστον
401 2066 648 2120 δουλείαν
672 2086 685 2099 ο
717 2064 812 2119 τοῦ
844 2064 1099 2136 σώματος
1141 2065 1198 2118 δὲ
1237 2063 1776 2135 προσδιαφθείρουσα

171 2151 277 2203 τὸν
303 2151 477 2216 τόνον,
505 2151 644 2222 πρὸς
665 2150 763 2214 τὰς
793 2151 983 2213 νόσους
1005 2150 1471 2222 ἑπιρῤεπέστερον
1498 2148 1627 2200 αὐτὸ
1654 2165 1778 2200 κατ-

176 2244 502 2317 εργάξεται.

687 2333 825 2401 Περί
860 2333 1281 2403 φιλαργυρίας.

253 2424 421 2489 Ξένος
454 2426 483 2479 ὁ
530 2425 767 2495 πόλεμος
820 2424 921 2495 τῆς
972 2422 1362 2495 φιλαργυρίας,
1402 2424 1495 2477 καὶ
1533 2422 1639 2488 ἔξω
1681 2426 1778 2495 τῆς

181 2518 350 2590 ήμῶν
383 2517 621 2588 φύσεως,
649 2516 710 2582 ἐξ
745 2516 1003 2580 ἀπιστίας
1032 2518 1147 2579 τοῖς
1187 2517 1447 2586 μοναχοῖς
1489 2515 1778 2585 ἐγγινόμε-

178 2627 303 2675 νος.
348 2610 472 2663 Τῶν
520 2611 618 2681 μὲν
658 2609 765 2681 γὰρ
807 2608 984 2664 ἄλλων
1018 2606 1232 2673 παθῶν,
1265 2606 1439 2677 θυμοῦ
1465 2606 1561 2660 καὶ
1590 2608 1781 2660 ἐπιθυ-

188 2702 349 2772 μίας,
375 2705 427 2754 οί
453 2702 737 2772 ἑρεθισμοὶ
779 2701 880 2764 τὰς
908 2700 1168 2771 ἀφορμὰς
1202 2699 1452 2753 δοκοῦσιν
1486 2698 1633 2769 ἔχειν
1670 2698 1779 2751 ἀπὸ

187 2794 291 2847 τοῦ
327 2791 613 2863 σώματος·
641 2793 765 2847 ὅθεν
799 2794 895 2846 xui.
925 2791 1002 2856 ὡς
1038 2792 1259 2862 ἔμφυτα
1282 2791 1482 2861 τρόπον
1510 2790 1655 2855 τινὰ,
1690 2789 1780 2844 διὰ

191 2885 418 2957 μακροῦ
449 2885 670 2955 χρόνου,
704 2882 984 2955 δυσχερῶς
1033 2880 1564 2952 καταπολεμοῦνται.
1605 2880 1781 2937 Τοῦτο

184 2979 254 3030 δὲ
283 2978 346 3030 τὸ
378 2977 550 3040 πάθος
582 2976 785 3043 ἔξωθεν
820 2976 1333 3045 ὲπισυνιστάμενον,
1365 2977 1413 3027 εί
1451 2975 1549 3045 μὲν
1582 2976 1781 3047 ἐπιμε-

1868 493 1936 549 iis
1973 494 2237 561 imminet,
2269 495 2362 566 qui
2395 495 2660 553 adversus
2713 499 3024 569 lmjusmodi
3064 500 3327 558 aﬁ‘ectum‘
3365 506 3441 561 di-

1865 586 2109 653 micant;
2152 586 2315 656 idque
2346 589 2519 659 magis
2550 589 2690 644 inter
2716 592 2890 647 victus
2937 592 3346 663 negligentiam,
3392 608 3447 653 et

1867 680 2157 733 noxiarum
2213 695 2569 749 personarum
2635 684 3106 740 consuetudinem.
3169 684 3446 759 Siquidem

1867 787 1962 842 per
1981 772 2276 843 voluptatis
2305 774 2586 829 mollitiem
2625 777 2870 831 animum
2900 777 3224 847 surripiens,
3253 779 3449 835 deinde

1868 880 1965 934 per
1986 865 2420 921 recordationem
2449 866 2774 937 ingreditur,
2793 876 2848 923 et
2877 883 3077 939 corpus
3128 869 3445 936 inﬂammat,

1868 964 2034 1024 atque
2070 956 2398 1026 multiplices
2422 959 2665 1030 turpium
2694 958 2994 1030 imaginum
3030 959 3239 1017 formas
3272 962 3446 1033 subji-

1869 1046 1960 1100 cit.

1937 1137 2148 1208 Corpus
2192 1139 2451 1210 pudicum
2515 1141 2786 1197 sacriﬁcio
2828 1143 3120 1213 magniﬁco
3151 1145 3452 1217 exquisito-

1868 1244 1974 1299 que
1998 1231 2139 1300 apud
2164 1230 2333 1287 Deum
2357 1241 2441 1288 est
2466 1233 2708 1288 charius.

1941 1320 2207 1379 Aﬂ‘ectum
2244 1325 2595 1396 turpitudinis
2624 1327 2869 1384 eradicat
2900 1328 3069 1384 animi
3106 1330 3447 1391 exercitatio.

1871 1421 1926 1467 et
1987 1416 2235 1484 corporis
2293 1416 2485 1471 labor:
2518 1417 2703 1472 animo
2749 1419 2969 1488 quidem
3019 1418 3189 1475 Deum
3232 1422 3452 1475 assidue

1869 1513 2149 1574 precante,
2186 1521 2417 1575 corpore
2466 1518 2648 1564 autem
2688 1510 3080 1564 continentiam
3114 1512 3345 1566 colente.

1948 1595 2095 1651 Inter
2125 1598 2310 1653 carnis
2336 1598 2499 1661 bella,
2532 1614 2734 1669 corpus
2785 1600 3065 1655 latioribus
3118 1601 3450 1672 fatigaudum

1871 1697 1974 1744 est.
2034 1690 2266 1746 Praestat
2314 1690 2462 1746 enim
2519 1706 2718 1762 corpus
2779 1694 2834 1748 in
2882 1694 3134 1749 morbum
3186 1695 3451 1758 incidere,

1883 1795 2046 1849 quam
2078 1780 2340 1836 animam.

1951 1866 2144 1924 Libido
2188 1880 2299 1925 tum
2327 1872 2564 1927 animam
2595 1871 2807 1928 emollit
2833 1886 2897 1928 ac
2924 1871 3111 1939 inﬁcit,
3171 1874 3454 1945 ipsiusque

1878 1958 2239 2029 principatum
2278 1960 2333 2014 in
2390 1969 2604 2031 turpem
2641 1962 2957 2018 servitutem
3010 1963 3299 2028 transfert,
3339 1974 3453 2019 ttnn

1878 2053 2128 2123 corporis
2185 2052 2426 2123 vigorem
2491 2050 2823 2120 labefactat,
2892 2062 3058 2124 atque
3112 2056 3181 2110 ad
3236 2057 3457 2112 morbos

1876 2160 2207 2215 propensum
2240 2144 2436 2201 reddit.

2487 2330 2567 2384 De
2599 2333 2846 2386 auaritia.

1951 2422 2252 2479 Externum
2300 2432 2386 2479 est
2417 2424 2660 2478 avaritiae
2693 2423 2927 2488 bellum,
2984 2434 3148 2495 atque
3190 2441 3221 2481 a
3264 2436 3457 2483 natura

1879 2525 2065 2572 nostra
2096 2516 2356 2584 alienum,
2390 2531 2454 2571 ex
2491 2515 2808 2572 inﬁdelitate
2834 2518 3122 2575 monachis
3145 2519 3452 2579 adhaerens.

1880 2606 2092 2662 Etenim
2114 2607 2342 2661 aliorum
2367 2606 2685 2675 affectuum,
2723 2607 2817 2662 irae
2846 2621 2911 2662 ac
2959 2608 3224 2677 libidinis,
3254 2611 3459 2666 stimuli

1882 2711 2073 2751 ansam
2107 2713 2137 2751 a
2172 2712 2402 2767 corpore
2442 2697 2686 2767 arripere
2729 2697 3025 2766 videntur;
3072 2702 3233 2767 unde,
3282 2712 3464 2773 utpote

1880 2789 2039 2861 quasi
2070 2805 2098 2843 a
2137 2796 2334 2844 natura
2369 2788 2542 2853 insiti,
2575 2788 2793 2844 nonnisi
2825 2790 2988 2862 longo
3028 2793 3286 2861 temporis
3335 2810 3463 2864 spa-

1883 2883 1958 2935 tio
2006 2889 2167 2949 atque
2216 2895 2358 2951 aegre
2394 2889 2743 2950 superantur.
2803 2880 2874 2937 At
2935 2882 3024 2937 hic
3060 2883 3304 2948 aﬂ‘ectus,
3336 2900 3462 2941 cum

1881 2976 2225 3031 extrinsecus
2260 2975 2547 3041 conﬁetur,
2594 2976 2863 3046 siquidem
2896 2978 3176 3049 diligentia
3208 2990 3261 3035 et
3287 2990 3466 3037 atten-

192 3068 351 3131 λείας
378 3068 531 3138 τύχοι
563 3068 658 3120 καὶ
690 3066 990 3138 προσοχῆς,
1022 3067 1351 3119 ἐκκόπτεται
1383 3067 1514 3136 ῥᾷον
1533 3082 1547 3096 ο
1573 3068 1767 3137 ἀμελη-

1890 3067 1961 3120 tio
1991 3068 2237 3135 accedat,
2280 3066 2495 3121 facilius
2525 3069 2867 3123 exscinditur
2892 3087 2908 3136 ;
2937 3070 3024 3125 sin
3074 3080 3256 3127 autem
3297 3075 3468 3145 neglie

192 3160 296 3213 θὲν
338 3161 417 3224 δὲ,
460 3159 570 3212 τῶν
612 3159 787 3213 ἄλλων
826 3157 1215 3230 ὀλεθριώτερον
1244 3158 1478 3227 γίνεται,
1515 3161 1612 3212 κοιλ⁵
1656 3160 1782 3230 ῥίζα

198 3252 424 3305 πάντων
465 3251 574 3303 τῶν
622 3249 832 3313 κακῶν,
875 3249 969 3302 καὶ
1018 3248 1456 3317 είδωλολατρεία,
1503 3247 1647 3302 κατὰ
1690 3248 1783 3301 τὸν

178 3340 558 3406 σ’Λπόστολον.
617 3341 705 3393 Ἐν
756 3340 855 3409 μὲν
900 3338 1010 3409 γὰρ
1053 3341 1166 3400 τοῖς
1212 3340 1447 3408 νηπίοις,
1478 3339 1571 3390 καὶ
1614 3338 1785 3410 θυμὸς

195 3433 550 3500 διαφαίνεται
601 3432 695 3485 καὶ
736 3430 1043 3501 ὲπιθυμίαυ
1078 3429 1214 3483 διότι
1258 3430 1393 3501 πρὸς
1430 3430 1683 3501 βοήθειαν
1726 3429 1787 3496 ἐξ

200 3523 382 3593 ἀρχῆς
408 3522 437 3573 ό
459 3521 801 3593 Δημιουργὸς
829 3524 894 3592 τῇ
928 3521 1088 3591 φύσει
1116 3521 1293 3575 ταῦτα
1321 3521 1783 3590 συγκατεσάλετοο

198 3614 512 3685 θυμοῦσθαι
540 3617 659 3686 μὲν,
688 3615 832 3669 κατὰ
860 3614 953 3668 τοῦ
979 3614 1257 3667 διαὸόλου·
1285 3614 1429 3668 καθά
1463 3632 1597 3684 φησι
1630 3617 1726 3669 καὶ
1759 3616 1786 3668 ό

202 3709 267 3758 ἐν
299 3704 549 3777 θεολογίᾳ
582 3707 755 3776 μέγας
788 3706 1091 3777 Γρηγόριος
1139 3706 1250 3776 (8)-
1309 3707 1362 3759 '0
1400 3708 1587 3775 θυμὸς
1631 3707 1787 3761 ἔστω

199 3813 314 3852 σοι
360 3800 510 3853 κατὰ
556 3800 748 3867 μόνου
794 3798 903 3853 τοῦ
942 3798 1152 3867 ὄφεως,
1196 3798 1271 3852 δι’
1305 3797 1379 3851 ὃν
1422 3798 1746 3865 ἀπόλωλας
1771 3816 1783 3828 ’

205 3890 501 3962 ἐπιθυμεῖν
529 3892 609 3957 δὲ,
662 3890 803 3962 πρὸς
844 3892 1212 3959 τεκνογονίαν,
1243 3893 1291 3944 εί
1332 3892 1425 3944 καὶ
1454 3891 1604 3962 παρά
1629 3891 1788 3960 φύσιν

205 3983 419 4049 τούτοις
445 3984 784 4057 κεχρήμεθα·
820 3986 857 4054 ἡ
884 3983 943 4037 δὲ
967 3984 1120 4047 νόσος
1158 3982 1257 4054 τῆς
1283 3984 1666 4054 φιλαργυρίας,
1688 3984 1788 4037 οὐκ

207 4078 279 4131 ὲκ
328 4077 565 4149 φυσικῆς
617 4078 882 4148 κινήσεως
932 4076 1046 4147 ἔχει
1100 4075 1201 4147 τὴν
1235 4077 1492 4149 ἀφορμήν
1518 4093 1531 4105 ·
1566 4078 1679 4131 ἀλλ’
1713 4078 1790 4141 ὡς

205 4166 537 4239 εἰρήκαμεν,
573 4167 631 4234 ἐξ
663 4167 944 4233 ἀπιστίας,
980 4166 1075 4220 τοῦ
1118 4168 1193 4238 μὴ
1249 4167 1595 4238 προνοεῖσθαι
1638 4171 1790 4240 παρὰ

204 4258 371 4313 Θεοῦ.
408 4260 700 4331 Λαὸομένη
737 4259 848 4332 γὰρ
891 4258 1071 4331 ψυχῆς
1117 4260 1370 4332 χλιαρᾶς,
1401 4259 1598 4329 εὔλογα
1645 4262 1794 4315 δοκεῖ

1888 3169 2066 3231 gatur,
2107 3159 2394 3215 exitiosior
2440 3159 2564 3215 aliis
2614 3159 2864 3228 efﬁcitur,
2909 3161 3176 3233 radixque
3222 3164 3466 3219 omnium

1892 3252 2187 3315 malorum,
2216 3261 2271 3308 et
2302 3252 2572 3306 idolorum
2604 3254 2861 3320 servitus,
2888 3252 3044 3324 juxta
3068 3257 3390 3324 Apostolum
3422 3254 3467 3311 ι.

1888 3346 2098 3415 Quippe
2122 3346 2175 3398 in
2199 3346 2384 3414 pueris
2418 3352 2472 3399 et
2496 3346 2570 3397 ira
2604 3356 2656 3398 et
2675 3345 2947 3415 cupiditas
2971 3347 3254 3413 cernitur;
3292 3364 3471 3418 quan-

1889 3438 2181 3509 doquidem
2209 3435 2438 3490 Creator
2459 3435 2529 3488 ab
2561 3435 2716 3488 initio
2745 3436 3015 3503 ejusmodi
3049 3436 3275 3493 affectus
3316 3440 3472 3509 adju-

1889 3530 2059 3586 menti
2099 3543 2265 3584 causa
2293 3526 2491 3582 insevit
2526 3533 2735 3582 naturae
2769 3536 3017 3583 nostrae:
3060 3528 3223 3584 irasci
3247 3531 3469 3599 quidem

1889 3628 2077 3675 contra
2112 3620 2388 3675 diabolum
2419 3620 2903 3692 (quemadmodum
2927 3619 3003 3674 ait
3032 3620 3121 3675 ille
3148 3635 3380 3693 magnus
3416 3624 3469 3677 in

1890 3713 2164 3782 theologia
2197 3713 2283 3767 vir
2305 3712 2601 3785 Gregorius
2623 3722 2662 3744 ’³
2700 3732 2712 3767 :
2746 3711 2842 3766 Ira
2860 3714 2958 3767 tibi
2985 3712 3054 3767 sit
3084 3724 3267 3768 contra
3299 3715 3471 3769 solum

1890 3814 2201 3874 serpentem,
2242 3806 2306 3858 ob
2336 3821 2488 3875 quem
2535 3806 2760 3875 periisti)
2789 3846 2802 3868 ,
2841 3805 3225 3874 concupiscere
3262 3817 3467 3871 autem,

1889 3896 2351 3968 procreandorum
2377 3895 2668 3951 liberorum
2708 3910 2895 3960 causa,
2916 3895 3019 3951 etsi
3051 3904 3473 3965 prmternaturze

1892 4004 2116 4056 scopum
2153 3988 2220 4042 iis
2256 3989 2483 4042 utimur.
2539 3987 2609 4041 At
2644 4002 2775 4041 vero
2811 3987 3035 4042 morbus
3072 3987 3315 4043 avaritia:
3360 4003 3470 4041 non

1890 4096 1959 4134 ex
2008 4080 2246 4134 naturali
2297 4088 2446 4135 motu
2501 4080 2846 4137 occasionem
2896 4080 3114 4150 accipit,
3163 4095 3371 4143 verum,
3412 4088 3473 4134 ut

1889 4171 2004 4241 iam
2046 4173 2305 4239 diximus,
2363 4187 2429 4226 ex
2468 4171 2807 4237 inﬁdelitate,
2837 4171 2984 4240 quod
3029 4186 3136 4226 non
3183 4173 3472 4228 credamus

1896 4265 1992 4320 Dei
2030 4265 2371 4336 providentia
2413 4280 2515 4320 nos
2568 4265 2703 4336 regi.
2756 4264 2892 4320 Nam
2936 4265 3029 4320 ubi
3072 4267 3291 4322 mollem
3350 4270 3470 4322 ani-

201 4351 565 4407 ὑποτίθεσθαι
582 4368 596 4383 ’
622 4353 1059 4426 γῆρας’μακρδν,
1085 4353 1370 4407 ἀσθένειαν
1395 4353 1669 4425 σώματος,
1702 4358 1766 4424 ὲγ

1897 4374 2041 4413 mam
2070 4366 2226 4413 nacta
2271 4369 2376 4423 est,
2406 4358 2601 4413 rationi
2636 4367 3003 4415 consentanea
3052 4375 3356 4431 proponere
3389 4361 3468 4415 vi-

298 4466 366 4525 ιι
394 4469 535 4526 Tim.
576 4489 651 4539 vt,
688 4473 787 4541 10;
814 4474 1030 4531 Coloss.
1066 4490 1149 4540 ut,
1181 4476 1235 4531 5.
1315 4488 1353 4515 ιη
1378 4475 1530 4533 Orat.
1555 4478 1644 4532 45.

1510 4596 1743 4654 VARle
1766 4597 2174 4655 LECTIONES.

291 4744 335 4779 ⁸³
357 4745 444 4803 Al.
472 4745 823 4817 ἑπεμόαίνει.

1728 4842 1956 4901 NOTAE.

292 4959 365 5031 (8)
416 4959 480 5014 '0
596 4959 873 5034 θεολογίᾳ
898 4958 1090 5029 μέγας
1107 4962 1456 5031 Γρηγόριος.
1487 4963 1795 5034 Thcologus

258 5048 315 5086 er
345 5030 722 5084 excellentiam
762 5031 962 5091 dictus,
986 5041 1045 5084 ut
1076 5030 1457 5088 nemoneseit.
1492 5034 1646 5089 Unde
1672 5030 1795 5087 θέο-

247 5102 456 5174 ογικῶς
472 5101 669 5174 εἰπεῖν,
702 5101 756 5153 in
784 5099 902 5174 Yita
935 5102 1127 5170 lgnatii
1156 5100 1442 5174 _CP._Mens
1482 5104 1793 5174 theologica,

212 5172 378 5244 apud
418 5169 741 5244 Gregorium
793 5169 1099 5244 Nyssenum
1129 5172 1212 5244 _in
1268 5170 1624 5244 Testimoniis
1656 5169 1793 5244 'cap.

210 5238 425 5313 penult.
465 5238 1008 5313 Aetsimilinaapea
1046 5240 1336 5296 Aristenus
1392 5246 1457 5297 ad
1512 5238 1796 5298 Canonein

212 5310 847 5385 Carthaginensemﬁdg
877 5313 951 5385 (ᾎὺ
990 5311 1070 5385 δεῖ
1100 5313 1269 5385 ᾑμᾶς,
1306 5314 1449 5385 κατὰ
1477 5315 1579 5385 τὴν
1609 5314 1792 5367 θεολό-

211 5400 314 5451 γον
369 5380 592 5453 φωνὴν,
659 5383 775 5443 τοῖς
824 5380 964 5454 ὑπὲρ
1004 5380 1153 5451 ἡμᾶς
1213 5380 1607 5454 ὑποδείγμασιν
1660 5385 1793 5436 ἒπε-

188 5449 460 5508 ἳσθαιΛὲκ
490 5449 805 5519 interprete,
837 5449 961 5504 Non
994 5449 1195 5520 oportet
1226 5449 1516 5523 nos,juaita
1548 5456 1791 5507 divinam

189 5540 391 5587 .uocem
436 5522 676 5590 exempla
722 5538 843 5594 quia
884 5531 1007 5594 sunt
1056 5538 1218 5594 supra}
1257 5522 1359 5576 nos
1410 5526 1555 5594 sequi
1583 5540 1601 5588 ;
1631 5526 1790 5579 male.

219 5594 527 5663 Respicitur
574 5594 721 5650 enim
781 5593 846 5663 ad
901 5592 1108 5663 dictum
1172 5590 1418 5660 Gregorii
1458 5590 1788 5649 Nazianzeni

218 5661 486 5736 Orat-40,
514 5682 566 5736 p.
628 5663 757 5736 659,
804 5662 895 5736 Σοὶ
949 5661 1006 5712 δὲ
1046 5662 1138 5736 τίς
1174 5665 1535 5736 ἀνάγκης-,τοῖς
1563 5666 1703 5736 ὑπὲρ
1734 5666 1794 5718 σὲ

223 5731 622 5805 ὑποδείγμασιν
669 5731 941 5803 ἑπομένῳ,
994 5732 1179 5795 κακῶς
1217 5731 1601 5801 βουλεῦεσθαι;
1671 5731 1794 5790 Tibi

541 5848 811 5906 PATBOL.
845 5842 960 5901 Gn.
998 5839 1263 5901 LXXIX

1895 4980 2072 5022 autem
2111 4970 2237 5037 quid
2271 4984 2476 5022 necesse
2530 4979 2631 5033 est,
2689 4979 2745 5020 ut
2781 4967 2909 5020 dum
2962 4966 3224 5036 exempla,
3281 4975 3478 5035 quiete

1894 5040 2207 5095 sublimiora
2229 5048 2373 5102 sunt,
2403 5042 2658 5107 sequeris,
2688 5039 2889 5091 naulum
2934 5038 3215 5090 consilium
3252 5040 3434 5105 capias
3455 5040 3481 5092 Ρ

1897 5108 2031 5163 Vide
2070 5125 2337 5164 canonem
2367 5108 2687 5162 'l'rullanum
2732 5110 2969 5178 primum
3004 5126 3016 5161 :
3053 5116 3219 5176 atque
3246 5110 3352 5161 huc
3388 5124 3478 5163 re-

1896 5178 1976 5233 fer
2011 5195 2121 5234 non
2152 5181 2285 5234 satis
2317 5179 2651 5233 intellectum
2686 5194 2715 5232 a
2752 5179 2881 5231 viris
2911 5178 3157 5232 doctrina
3215 5188 3479 5246 praestan-

1899 5250 2047 5304 tibus
2088 5251 2543 5304 commentarium
2599 5249 2944 5302 Balsamonis
2989 5249 3355 5302 ad'canonem
3412 5248 3483 5302 60

1903 5321 2318 5389 apostolorum;
2380 5335 2490 5389 quo
2537 5320 2639 5374 loei
2683 5320 2823 5374 inter
2880 5317 3361 5389 Pseudepigrapha
3396 5335 3483 5372 re-

1900 5387 2088 5444 censet
2122 5387 2412 5445 liaereticas
2458 5405 2651 5460 nugas.
2692 5405 2848 5458 quas,
2909 5404 3033 5441 cum
3080 5397 3267 5460 essent.
3304 5387 3480 5458 Chry-

1901 5460 2145 5525 somalli,
2178 5460 2500 5528 Pamphilus
2542 5458 2851 5527 θεολογικα
2909 5460 3017 5529 ἔπη
3050 5458 3230 5529 χρυσᾶ
3267 5474 3482 5511 nuncu-

1900 5542 2144 5601 paverat.
2189 5529 2325 5584 Nam
2378 5530 2651 5601 Theodori
2692 5531 2883 5601 verba
2916 5532 3060 5583 bono
3118 5543 3281 5601 sensu
3324 5543 3483 5601 cassa

1900 5599 2079 5665 erunt,
2105 5602 2209 5656 nisi
2228 5603 2494 5671 placuerit
2516 5599 2803 5667 Pamphilo
2826 5599 3291 5671 Clirysomallicas
3310 5599 3483 5669 φλην-

1903 5671 2097 5741 ασρείας
2124 5670 2343 5727 nomine
2370 5671 2618 5741 Gregorii
2652 5670 2915 5740 Thcologi
2947 5670 3247 5724 venditare.

3166 5840 3238 5901 46
