3816 6220
367 324 505 390 1451

1868 317 1925 375 S.
1980 312 2146 373 NILI

3508 314 3655 379 1452

368 441 552 502 detur,
586 434 903 491 diuturnam
933 437 1289 497 senectutem,
1322 428 1568 500 corporis
1597 426 1944 485 imbecillita-

2128 421 2375 492 τάλειψιν
2409 422 2688 492 συγγενῶν
2716 424 2811 477 καὶ
2844 424 3035 495 φίλων,
3070 426 3167 479 καὶ
3192 424 3449 490 τοιαύτας
3484 425 3657 491 ἀλλ-ας

368 539 499 593 tem,
541 534 901 596 cognatorum
934 530 988 577 et
1019 521 1323 575 amicorum
1355 519 1748 583 desertionem,
1779 517 1950 571 alios-

366 636 475 691 que
504 619 557 673 id
601 632 775 689 genus
824 622 1135 685 praetextus.
1181 613 1261 668 Ac
1306 612 1563 683 deinceps
1605 611 1658 665 in
1706 610 1950 665 animum

368 712 619 774 subiens,
651 723 887 778 eumque
916 722 1140 778 prorsus
1169 719 1469 775 occupans,
1520 713 1691 759 totam
1741 702 1952 772 cupidi-

368 814 535 858 tatem
585 800 653 855 ad
700 816 821 856 sese
870 797 1129 864 traducit,
1183 795 1621 867 persuadetque,
1664 795 1951 864 pecuniam

369 896 540 951 solam
579 908 845 963 quaerere,
874 893 927 945 in
962 905 1137 959 eaque
1171 889 1305 954 sola,
1361 897 1420 942 ut
1450 903 1571 958 qua:
1622 888 1674 941 in
1708 897 1954 955 tempore

369 988 621 1055 adjutura
652 986 743 1049 sit,
767 982 995 1037 firmiter
1020 980 1322 1047 conlidere;
1353 996 1503 1050 spem
1530 994 1657 1034 vero
1693 980 1745 1033 in
1782 978 1951 1033 Deum

368 1077 543 1130 instar
571 1084 853 1127 ventorum
897 1080 1173 1141 reputare.
1207 1069 1332 1122 Tria
1366 1084 1530 1139 porro
1566 1068 1809 1123 avaritiae
1824 1077 1953 1122 sunt

368 1180 569 1237 genera
603 1164 921 1233 :primum,
977 1160 1196 1231 quando
1235 1160 1359 1229 quis
1405 1174 1467 1214 ea
1518 1158 1718 1229 quibus
1780 1165 1948 1221 caret,

368 1255 599 1328 adipisci
633 1256 830 1327 gestit;
857 1252 1107 1317 utGiezi,
1140 1252 1306 1321 cujus
1356 1266 1514 1322 paena
1558 1250 1702 1321 lepra
1750 1249 1952 1318 sempi-

368 1362 521 1406 terna
552 1359 635 1405 est
666 1358 693 1385 ιι
731 1368 744 1403 :
786 1349 1041 1411 alterum,
1075 1361 1198 1400 cum
1234 1345 1359 1415 quis
1390 1353 1677 1414 postquam
1721 1342 1954 1396 lat-ulta-

368 1444 513 1496 tibus
546 1443 661 1497 suis
694 1437 1047 1501 renuntiavit,
1081 1452 1276 1491 rursus
1306 1435 1621 1490 divitiarum
1656 1434 1953 1504 cupiditate

368 1532 632 1598 amciter;
670 1537 727 1583 ut
756 1528 947 1591 Judas,
1000 1527 1160 1597 cujus
1210 1527 1545 1597 supplicium
1590 1526 1822 1582 acerbus
1868 1535 1953 1580 est

366 1623 594 1693 laqueus
619 1628 643 1655 °
677 1638 689 1673 :
726 1618 968 1681 tertium,
1001 1616 1095 1671 ubi
1124 1615 1247 1685 quis
1282 1617 1426 1670 bona
1463 1614 1648 1668 omnia
1706 1613 1951 1683 abiectu-

358 1731 488 1770 rum
526 1729 584 1767 se
611 1712 908 1783 pollicitus,
941 1718 1146 1778 partem
1164 1708 1302 1763 clam
1328 1706 1564 1773 retinet;
1601 1713 1659 1759 ut
1709 1704 1951 1758 Ananias

2056 514 2386 586 προφάσεις·
2432 516 2529 568 καὶ
2559 516 2745 568 λοιπὴν
2782 516 3105 588 εἰσδυομένη
3149 517 3246 571 καὶ
3294 517 3657 588 περιλαμϐά-

2054 625 2221 661 νουσα
2278 609 2379 679 τήν
2430 608 2630 679 ψυχὴν,
2679 608 2809 680 ὃλην
2848 609 2951 680 τὴν
2992 608 3295 679 ἐπιθυμίαν
3331 610 3412 672 είς
3449 594 3675 675 ὲαυτὶιί

2056 700 2311 771 μεθιστᾷ,
2345 700 2440 754 καὶ
2484 700 2664 754 πείθει
2700 702 2861 772 μόνον
2895 702 2956 756 τὸ
2998 702 3266 773 ἀργύριον
3305 702 3521 771 ζητεῖν,
3559 705 3649 753 κει

2056 793 2205 863 μόνῳ
2247 794 2425 865 τούτῳ
2470 794 2705 864 βεϐαίως
2745 795 2991 867 θαρρεῖν,
3018 796 3096 858 ὡς
3130 796 3189 849 ἐν
3221 795 3402 866 καιρῷ
3443 793 3655 865 βοηθή-

2056 902 2231 939 σοντιο
2266 886 2366 950 τὰς
2394 886 2453 939 δὲ
2487 887 2625 958 πρὸς
2653 887 2786 941 Θεὸν
2810 888 3058 953 ἐλπίδας,
3083 889 3177 941 ίσα
3210 889 3306 941 καὶ
3330 886 3540 956 αὔραις
3571 886 3659 937 λου

2054 976 2322 1055 γίζεσθαι.
2362 979 2525 1048 Τρεῖς
2560 979 2617 1033 δὲ
2649 980 2846 1050 τρόποι
2880 980 2978 1050 τῆς
3018 978 3389 1051 φιλαργυρίας
3410 995 3426 1009 ·
3462 981 3495 1031 6
3528 979 3656 1047 μὲν,

2052 1070 2183 1124 ὅταν
2227 1089 2310 1135 τις
2359 1071 2623 1143 ἐπιθυμεῖ
2648 1072 2956 1144 κτήσασθαι
2989 1073 3026 1127 ἃ
3066 1073 3142 1145 μὴ
3169 1073 3317 1143 ἔχει’
3350 1072 3429 1136 ὡς
3459 1072 3656 1141 Γιεξῆ,

2053 1154 2115 1214 οὗ
2147 1162 2445 1231 ἐπιτίμιον,
2474 1164 2508 1233 ἡ
2531 1161 2752 1225 αἰώνιος
2773 1161 2951 1233 λέπρα
2975 1178 2990 1192 ’
3025 1163 3054 1215 6
3074 1161 3153 1227 δὲ,
3181 1162 3309 1215 ὅταν
3327 1179 3412 1225 τις
3436 1162 3659 1214 ἀποτα-

2054 1253 2289 1325 ξάμενος
2314 1249 2398 1319 οἷς
2425 1254 2558 1327 ἔχει,
2578 1256 2743 1310 πάλιν
2766 1256 3028 1326 ἐπιθυμεῖ
3046 1254 3280 1309 πλούτου
3298 1273 3313 1286 -
3343 1255 3423 1318 ὡς
3454 1257 3486 1307 6
3523 1253 3659 1306 Ἰού-

2053 1344 2170 1411 δας,
2215 1340 2278 1400 ob
2308 1347 2602 1419 ἐπιτίμιον,
2632 1351 2666 1419 ή
2701 1349 2876 1420 πικρά
2910 1348 3144 1420 ἀγχόνη·
3184 1351 3213 1402 6
3257 1348 3339 1413 δὲ,
3390 1349 3523 1401 ὅταν
3566 1364 3656 1408 τις

2054 1436 2427 1507 ὑποσχόμενος
2465 1438 2883 1509 ἀποκτήσασθαι
2923 1439 3103 1494 πάντα
3145 1439 3245 1493 ὅσα
3280 1440 3418 1509 ἔχει,
3472 1436 3655 1507 λάθρα

2055 1528 2477 1599 παρακατάσχει
2503 1529 2669 1601 μέρος
2687 1547 2703 1561 ο
2726 1531 2803 1593 ὡς
2842 1530 3092 1595 Ἀνανίας
3113 1532 3208 1584 καὶ
3233 1531 3551 1603 Σάπφειρα,
3574 1527 3654 1585 ὧν

2055 1618 2349 1689 ἐπιτίμιον,
2381 1621 2409 1673 ό
2434 1621 2703 1689 αἰφνίδιος
2734 1622 2830 1676 καὶ
2866 1622 3093 1692 ἀφειδὴς
3125 1622 3381 1687 θάνατος.
3435 1624 3651 1677 Ἐκκο-

2056 1710 2218 1763 πτέον
2247 1712 2428 1766 τοίνυν
2454 1714 2555 1785 τὴν
2584 1714 2744 1783 ῥίζαν
2764 1714 2873 1768 τῶν
2902 1715 3091 1769 κακῶν
3114 1733 3127 1747 ·
3162 1715 3371 1785 ταύτης
3397 1714 3515 1785 γὰρ
3545 1733 3650 1786 με-

363 1816 417 1860 et
436 1804 687 1874 Saphira,
717 1816 951 1873 quorum
983 1813 1143 1869 paena
1164 1812 1314 1851 mors
1343 1796 1627 1866 repentina
1654 1802 1708 1849 et
1736 1809 1877 1851 sava
1900 1805 1946 1848 P.

2128 1800 2269 1873 Ξσης,
2302 1803 2398 1857 καὶ
2437 1807 2486 1858 ot
2511 1767 2731 1859 aias};
2757 1767 3097 1878 φυήσονταιί·

365 1897 633 1964 Quocirca
672 1894 951 1951 evellenda
978 1900 1064 1948 est
1108 1890 1376 1946 malorum
1424 1890 1603 1945 radix.
1640 1889 1771 1944 Hmc
1806 1889 1951 1943 enim

2056 1909 2157 1963 μεν
2188 1896 2615 1968 ἀπροσδοκήτως
2638 1913 2653 1929 ·
2690 1900 2938 1969 Ἄφρων,
2968 1900 3153 1967 ταύτῃ
3186 1898 3263 1967 τῇ
3301 1901 3487 1953 νυκτὶ
3526 1900 3647 1968 τὴν·

366 1991 411 2046 si
451 1998 692 2054 maneat,
726 1987 865 2041 rami
906 2000 1128 2056 quoque
1150 1984 1517 2055 pullulabunt.
1563 1983 1643 2037 Ne
1669 1982 1949 2052 inopinato

2128 1983 2265 2054 ιχήν
2287 2002 2406 2041 σου
2434 1988 2798 2044 ἀπαιτοῦσιν
2823 1990 2943 2044 ἀπὸ
2964 1990 3103 2054 σοῦ,
3128 1988 3165 2043 ἄ
3192 1989 3261 2043 δὲ
3281 1990 3649 2061 ἡτοίμασας,

363 2082 654 2137 audiamus
684 2096 697 2133 :
737 2078 934 2143 Stulte,
958 2076 1055 2130 hac
1080 2086 1228 2129 nocte
1258 2076 1495 2128 animum
1530 2083 1677 2127 tuam
1716 2081 1949 2141 repetunt

2128 2092 2168 2128 νοι
2203 2076 2374 2131 ἔσται
2388 2095 2409 2143 ;
2434 2080 2775 2152 Κατορθοῦσι
2802 2082 2863 2137 δὲ
2895 2082 3129 2151 μάλιστα
3152 2083 3214 2136 τὺ
3242 2083 3651 2155 ἀφιλάργυρον,

366 2194 398 2228 a
429 2186 519 2239 te;
550 2190 664 2244 quae
696 2181 871 2225 autem
917 2169 1149 2239 parasti,
1202 2168 1356 2237 cujus
1407 2178 1559 2222 erunt
1586 2166 1652 2220 tt?
1679 2166 1949 2220 Caeterum

2129 2168 2188 2221 ὲν
2217 2171 2472 2243 κοινοϐίῳ
2499 2173 2728 2245 μηδενὸς
2750 2176 3151 2248 φροντίζοντες.

363 2267 621 2322 virtutem
675 2270 1000 2333 contemptae
1061 2262 1304 2332 pecuniae
1354 2269 1409 2316 et
1449 2260 1692 2316 avaritiae
1744 2259 1970 2330 abjectaa
2023 2262 2262 2319 maxime
2325 2265 2363 2319 ii
2413 2267 2698 2335 excolunt,
2740 2270 2834 2339 qui
2899 2270 2955 2325 in
2998 2270 3250 2327 coenobio
3298 2270 3515 2326 nullius
3567 2275 3649 2327 rei

364 2380 554 2421 curam
591 2361 919 2431 suscipiunt.

440 2457 652 2511 Avarus
698 2455 1025 2521 monachus,
1070 2456 1127 2511 in
1181 2468 1443 2508 manuum
1505 2452 1785 2508 laboribus
1830 2451 1957 2506 dili-

362 2550 737 2622 gentissimus.
781 2564 875 2605 eos
941 2548 1161 2618 quidem
1229 2560 1327 2616 pro
1369 2544 1513 2600 seria
1543 2558 1707 2614 opera
1771 2542 1955 2609 habet,

366 2657 467 2712 pro
489 2640 834 2695 delunetoria
893 2649 1074 2693 autem
1110 2636 1479 2708 precationem
1516 2650 1581 2689 ac
1631 2633 1953 2699 lectionem,

371 2742 426 2785 et
453 2732 498 2788 si
536 2732 663 2803 quid
696 2730 844 2785 aliud
880 2730 1165 2800 spirituale
1213 2738 1317 2782 est.
1352 2725 1494 2793 Quin
1542 2725 1608 2780 ad
1639 2724 1954 2796 hujusmodi

370 2824 599 2881 an‘ectus
631 2821 997 2894 patrocinium
1051 2819 1181 2874 illud
1212 2833 1431 2889 quoque
1455 2817 1703 2887 Apostoli
1743 2816 1947 2871 dictum

360 2916 652 2971 obtendit:
680 2914 785 2981 Qui
818 2914 1025 2968 otiosus
1058 2918 1161 2975 est,
1197 2926 1289 2963 nec
1320 2910 1601 2963 manducet
1629 2924 1672 2964 τ.
1699 2908 1837 2963 Cum
1866 2916 1949 2962 ta-o

368 3024 492 3063 men
533 3017 744 3071 contra,
780 3022 844 3060 ea
878 3022 998 3075 quae
1036 3004 1233 3059 animae
1274 3003 1429 3058 utilia
1459 3010 1586 3057 sunt
1635 3016 1734 3071 pro
1780 3014 1945 3071 opere

367 3099 554 3153 haberi
577 3098 831 3162 debeant,
866 3113 963 3167 pro
990 3095 1285 3167 appendice
1325 3108 1455 3150 vero
1491 3092 1673 3163 operis
1723 3106 1787 3146 ea
1830 3106 1952 3161 quae

364 3192 624 3246 manibus
679 3190 1065 3243 coniiciuntur.

440 3282 656 3336 Avarus
678 3281 765 3334 ille
787 3290 892 3344 est,
924 3295 1033 3333 non
1060 3279 1152 3349 qui
1183 3279 1409 3333 omnino
1462 3279 1723 3348 pecunias
1768 3279 1952 3345 habet,

373 3375 467 3431 sed
500 3374 593 3444 qui
619 3390 715 3428 eas
741 3382 908 3437 amat,
954 3381 1119 3442 atque
1139 3371 1367 3441 adipisci
1390 3372 1560 3441 cupit.

440 3466 742 3519 Monachus
790 3464 941 3517 dives
988 3470 1044 3516 et
1101 3460 1358 3530 copiosus
1399 3469 1597 3515 onusta
1646 3475 1801 3515 navns
1848 3467 1951 3525 est,

366 3573 491 3630 quae
515 3557 568 3611 in
598 3563 921 3626 tempestate
959 3552 1114 3608 facile
1148 3552 1541 3623 submergitur.

438 3649 643 3705 Contra
687 3648 734 3702 is
763 3646 857 3716 qui
911 3644 1048 3699 nihil
1093 3642 1357 3714 possidet,
1390 3643 1525 3698 levis
1574 3658 1637 3698 ac
1670 3643 1952 3714 expeditus

367 3742 552 3797 viator
582 3749 686 3803 est,
719 3739 811 3809 qui
864 3738 920 3792 in
972 3737 1121 3791 omni
1166 3737 1285 3791 loco
1332 3736 1693 3790 diversorium
1724 3737 1951 3803 invenit,

369 3837 591 3905 citoque
614 3829 864 3902 pervenit
893 3830 959 3883 ad
993 3827 1243 3883 bravium
1275 3842 1525 3897 supernae
1552 3829 1855 3885 vocationis
1882 3841 1903 3867 ³
1935 3847 1950 3896 ;

370 3928 554 3999 aquila
583 3924 820 3994 denique
848 3922 1083 3977 sublime
1126 3921 1339 3985 volans,
1390 3935 1455 3975 ac
1486 3928 1603 3975 tum
1634 3918 1952 3977 demum'ad

368 4021 552 4075 cibum
585 4017 869 4081 devolans,
906 4029 1031 4069 cum
1061 4015 1358 4069 necessitas
1397 4014 1561 4083 cogit.

440 4108 745 4163 Monachus
782 4105 1024 4159 avaritia:
1052 4104 1246 4159 morbo
1275 4104 1554 4167 laborans,
1607 4118 1890 4175 nunquam
1919 4118 1949 4159 a

369 4217 502 4258 cura
525 4209 579 4254 et
608 4198 970 4254 sollicitudine
992 4196 1130 4251 liber
1158 4206 1261 4253 est.

440 4290 697 4346 Avaritiae
719 4304 843 4340 cum
872 4289 1139 4343 charitate
1167 4288 1375 4342 nullum
1401 4288 1579 4345 foedus
1604 4305 1727 4345 esse
1750 4297 1947 4359 potest.

372 4381 498 4437 llaec
521 4381 665 4436 enim
702 4393 858 4448 aequo
884 4378 1177 4449 libentique
1223 4382 1407 4434 animo
1449 4396 1508 4435 se
1534 4380 1775 4435 fraudari
1808 4382 1949 4451 pati-

2128 2452 2470 2526 Φιλάργυρος
2522 2456 2756 2527 μοναχὸς
2788 2457 2848 2511 έν
2893 2458 3229 2529 ὲργοχείροις
3278 2457 3654 2529 ἐπιμελέστα-

2055 2561 2146 2609 τος
2169 2561 2182 2575 ·
2219 2544 2379 2615 ἔργον
2419 2546 2520 2617 μὲν
2548 2546 2689 2617 ἔχων
2714 2547 2911 2613 ταῦτα,
2942 2550 3221 2621 πάρεργον
3247 2549 3304 2604 δὲ
3338 2551 3443 2620 τήν
3473 2567 3653 2622 προσ-

2055 2635 2218 2706 ευχὴν
2249 2638 2344 2690 καὶ
2394 2636 2495 2709 τήν
2529 2638 2864 2707 ἀνάγνωσιν,
2895 2641 2992 2693 καὶ
3040 2640 3095 2693 εί
3128 2657 3182 2693 τι
3227 2641 3609 2709 πνευματικόν
3633 2658 3647 2670 ·

2055 2728 2423 2798 προϐάλλεται
2467 2730 2523 2783 δὲ
2560 2730 2654 2785 καὶ
2694 2733 2774 2795 εἰς
2820 2731 3150 2802 συνηγορίαν
3177 2730 3277 2784 τοῦ
3320 2732 3560 2797 πάθους,
3588 2733 3653 2785 τὸ

2051 2820 2411 2876 ἀποστολικὸν
2444 2823 2622 2876 ἐκεῖνο
2652 2823 2818 2895 ῥητόν
2840 2840 2855 2855 ο
2899 2822 2960 2878 Ὀ
2996 2823 3168 2895 ἀργὸς
3188 2823 3349 2892 μηδὲ
3375 2823 3647 2878 ἐσθιέτω.

2052 2911 2172 2965 δέον
2201 2911 2361 2983 ἔργον
2393 2913 2491 2976 μὲν
2512 2913 2678 2984 ἔχειν,
2709 2914 2781 2968 τὰ
2802 2915 3122 2986 ψυχωφελῆ,
3155 2916 3445 2987 πάρεργον
3467 2917 3550 2981 δὲ,
3580 2917 3651 2971 τά

2055 3002 2113 3056 ἐν
2146 3005 2504 3076 ὲργοχείροις.

2124 3277 2488 3350 Φιλάργυρος,
2519 3280 2619 3350 οὐχ
2660 3282 2687 3333 ὁ
2721 3280 2861 3351 ἔχων
2898 3281 3158 3351 χρήματα
3187 3280 3442 3346 πάντως,
3473 3280 3590 3335 ἀλλ’
3618 3283 3649 3334 6

2056 3372 2224 3441 φιλῶν
2274 3372 2433 3439 αὐτὰ,
2467 3372 2563 3425 καὶ
2606 3373 2707 3442 τῆς
2750 3371 2957 3425 τούτων
2986 3371 3324 3441 ὀρεγόμενος
3354 3372 3645 3442 κτήσεως·

2124 3465 2374 3535 Μοναχὸς
2399 3464 2791 3536 πολυκτήμων,
2834 3463 3018 3517 πλοῖον
3053 3466 3534 3535 πεφορτισμένον,
3563 3466 3652 3518 εὑ·-

2053 3552 2231 3625 χερῶς
2260 3556 2318 3608 ὲν
2348 3555 2484 3627 ζάλῃ
2520 3556 2943 3627 καταδυόμενον.

2135 3649 2195 3701 '0
2246 3648 2303 3701 δὲ
2356 3649 2642 3719 ἀκτήμων,
2701 3649 2972 3718 εὐσταλὴς
3016 3649 3323 3721 ὁδοιπόρος,
3385 3652 3447 3705 έν
3484 3654 3651 3706 παντὶ

2053 3739 2203 3811 τόπῳ
2242 3738 2587 3809 καταγώγιον
2638 3741 2951 3811 εὑρίσκωνο
3002 3742 3208 3811 κοῦφος
3256 3742 3525 3813 δρομεὺς,
3558 3761 3650 3799 τα-

2054 3828 2192 3899 χέως
2221 3828 2441 3897 φθάνων
2490 3830 2586 3883 ἐπὶ
2630 3831 2693 3884 τὸ
2746 3831 3003 3903 βραϐεῖον
3044 3833 3147 3903 τῆς
3193 3832 3309 3887 ἄνω
3352 3835 3645 3906 κλήσεως·

2053 3920 2210 3983 ἀετὸς
2267 3921 2559 3993 ὑψιπέτης,
2612 3924 2734 3976 τότε
2786 3924 3194 3995 καθιπτάμενος
3262 3926 3359 3979 ἐπὶ
3415 3928 3647 3999 τροφὴν,

2052 4013 2238 4083 ὅτανὴ
2275 4015 2434 4085 χρεία
2469 4015 2743 4085 βιάσηται.

2130 4105 2380 4176 Μοναχδς
2421 4106 2593 4161 νοσῶν
2642 4107 3028 4181 φιλαργυρίαν,
3070 4108 3331 4163 οὐδέποτε
3367 4111 3650 4183 μερίμνης

2054 4198 2419 4269 ἀπήλλακται.

2136 4284 2475 4359 ’Δσύμϐατος
2517 4290 2598 4353 είς
2649 4289 2871 4361 ἀγάπην
2916 4292 2951 4361 ἠ
3004 4290 3361 4365 φιλαργυρία.
3425 4291 3495 4345 Ἦ
3546 4292 3648 4363 μιν

2051 4384 2161 4456 γάρ
2208 4385 2384 4455 ήδέως
2436 4382 2689 4453 ἀνέχεται
2758 4382 3268 4453 πλεονεκτουμένη,
3324 4382 3427 4436 καὶ
3476 4382 3647 4435 ὅντων

370 4487 482 4538 tur,
521 4473 916 4541 facultatesque
946 4486 1077 4526 suas
1114 4471 1233 4525 laete
1274 4470 1537 4540 impertit,
1580 4481 1744 4543 atque
1778 4471 1947 4526 inter-

2130 4478 2368 4549 ριχαρῶς
2403 4476 2758 4547 μεταδίδωσιν
2783 4493 2797 4507 °
2830 4476 2976 4530 ἔστιν
3022 4477 3110 4530 ὅτε
3154 4476 3211 4528 δὲ
3267 4476 3496 4529 ἀπάντα
3550 4492 3647 4545 με·

369 4570 499 4624 dum
536 4568 701 4621 etiam
734 4566 917 4619 omnia
968 4579 1167 4633 magno
1210 4564 1395 4619 animo
1434 4564 1655 4633 abjicit;
1695 4563 1783 4618 illa
1820 4579 1949 4619 vero

365 4658 703 4717 contrarium
734 4656 959 4711 omnino
987 4654 1201 4711 elﬁcere
1233 4656 1538 4711 consuevit.

436 4750 731 4822 Nunquam
772 4750 1000 4805 deerunt
1028 4748 1223 4805 ﬂuctus
1259 4750 1418 4814 mari,
1455 4764 1633 4821 neque
1658 4764 1824 4804 avaro
1855 4750 1948 4805 ira:

366 4863 431 4905 ac
472 4860 760 4903 mterores.

439 4942 655 4997 Avarus
684 4939 740 4994 in
780 4936 979 4992 cmlum
1018 4934 1376 4999 contendens,
1427 4932 1557 4988 huic
1599 4932 1795 4989 similis
1841 4944 1944 4999 cst,

365 5035 459 5105 qui
510 5033 740 5105 pedibus
791 5031 907 5086 suis
945 5028 1164 5085 vinculo
1206 5027 1522 5084 constrictis
1578 5043 1799 5084 currere
1849 5044 1946 5083 co-

365 5136 545 5183 natur.

1046 5234 1122 5290 De
1168 5236 1273 5289 ira.

434 5332 519 5388 Ira
546 5347 671 5389 cum
699 5329 866 5386 semel
896 5338 1085 5399 pectus
1109 5327 1407 5392 obsederit,
1438 5341 1677 5399 cumque
1723 5343 1945 5385 exarse-

364 5427 458 5489 rit,
486 5435 722 5481 mentem
748 5423 901 5479 fumo
920 5422 1184 5486 obcaecat,
1210 5420 1587 5492 iudiciumque
1615 5423 1945 5492 corrumpit;

364 5527 430 5565 ac
460 5514 693 5581 denique
713 5510 921 5566 lubrica
937 5510 1122 5564 omnia
1152 5519 1207 5564 et
1236 5507 1465 5565 confusa
1488 5510 1682 5567 reddit.
1722 5510 1945 5567 Contur-

370 5700 466 5812 πυ
486 5690 561 5819 Ψ
595 5692 725 5764 Reg.
762 5711 811 5759 v,
844 5694 933 5747 9.7.

416 5795 453 5827 Α,
505 5795 557 5819 ι.

1008 5705 1029 5722 "
1066 5695 1261 5749 Matth.
1292 5696 1538 5763 xxvn,5.
1615 5707 1643 5747 r
1690 5696 1814 5752 Act.
1857 5713 1909 5758 γ,

2128 5706 2152 5747 ιι
2191 5694 2322 5753 Luc.
2368 5712 2467 5760 χιι,
2510 5694 2602 5750 20.
2684 5703 2708 5733 ι
2740 5693 2781 5749 ll
2813 5694 3008 5750 Thess.
3045 5706 3129 5755 ιιι,
3161 5689 3247 5744 10.

2054 4568 2377 4640 γαλοψύχως
2429 4567 2719 4638 προΐεται’
2772 4569 2806 4639 ή
2864 4567 2950 4633 δὲ,
3014 4569 3123 4621 πᾶν
3171 4566 3495 4621 τούναντίον
3541 4562 3647 4621 οῐδι

2055 4664 2247 4715 ποιεῖν.

2125 4753 2240 4805 Οὐκ
2272 4750 2512 4820 ἐκλείψει
2566 4749 2788 4820 κύματα
2826 4750 3092 4822 θαλάσσῃ,
3141 4749 3263 4803 οὐδὲ
3315 4749 3647 4822 φιλαργύρῳ

2054 4846 2215 4917 ὀργαὶ
2252 4845 2344 4898 καὶ
2382 4844 2575 4898 λῦπαι.

2126 4938 2479 5009 Φιλάργυρος·
2513 4936 2594 4999 είς
2638 4934 2867 5005 οὐρανὸν
2921 4935 3311 5006 ἐπειγόμενος,
3363 4936 3519 4991 ἔοικε
3558 4938 3645 4992 δε-

2057 5032 2332 5101 σμήσαντι
2376 5028 2501 5091 τοὺς
2551 5027 2716 5101 αὐτοῦ
2765 5027 2933 5091 πόδας
2989 5027 3085 5081 καὶ
3127 5030 3467 5099 πειρωμένῳ
3511 5030 3645 5101 δρα-

1950 5186 1957 5191 _
2059 5124 2201 5191 μεῖν.

2650 5229 2792 5299 Περὶ
2825 5228 3027 5300 ὀργῆς.

2131 5326 2197 5378 Ἦ
2226 5325 2367 5396 οργὴ
2393 5320 2807 5395 περικαθημένη
2841 5321 2940 5393 τὴν
2979 5319 3209 5393 καρδίαν
3246 5324 3343 5375 καὶ
3377 5322 3643 5377 ἀνακαιο-

2056 5417 2218 5490 μένη,
2255 5415 2450 5485 τυφλοῖ
2481 5412 2573 5467 τὸν
2602 5412 2726 5467 νοῦν
2757 5413 2835 5484 τῷ
2884 5413 3097 5484 καπνῷ,
3129 5413 3227 5467 καὶ
3278 5413 3498 5486 φθείρει
3545 5415 3641 5485 τήν

2052 5510 2328 5579 διάκρισιν
2353 5525 2366 5538 ·
2405 5505 2499 5561 καὶ
2529 5506 2715 5559 λοιπον
2750 5504 2993 5577 σφαλερά
3041 5508 3221 5561 πάντα
3255 5506 3499 5578 πράττει
3548 5506 3641 5561 καὶ

3328 5699 3351 5727 ³
3394 5686 3635 5761 Philipp.
