3816 6220
104 358 253 429 1453

1425 370 1525 429 DE
1559 364 1768 434 iOCTO
1805 367 2061 429 VITIIS.

3237 381 3375 449 1454

104 477 523 550 συγκεχυμένα.
596 478 919 550 Ἑταρεὶχθη
954 479 1086 551 γὰρ,
1123 481 1311 553 φησὶν,
1346 481 1465 535 ἀπὸ
1504 479 1690 551 θυμοῦ

1824 488 1955 534 tatus
1979 490 2057 535 est
2087 481 2258 548 enim,
2285 482 2481 554 inquit,
2515 485 2583 540 ab
2606 486 2690 543 ira
2716 490 2902 545 oculus
2935 507 3079 547 meus
3108 495 3149 548 ί.
3177 492 3243 549 Et
3274 497 3377 554 ite-

98 573 133 624 ό
183 570 501 642 ὀφθαλμός
522 589 665 642 μου.
720 573 835 627 Kal
891 571 1082 637 αὖθιςο
1117 573 1315 642 Θυμὸς
1363 572 1434 627 ἐν
1488 573 1697 636 κόλπῳ

95 662 391 730 ἀφρόνων
412 662 729 724 αὐλίζεται.
774 665 889 719 Kal
932 667 1086 736 μισεί
1138 664 1199 719 τὸ
1227 664 1458 720 δίκαιον.
1519 666 1694 734 Ὀργὴ

94 754 244 824 γὰρ,
284 757 474 825 φησὶν,
515 756 757 827 ἀνδρὸς,
813 757 1215 827 δικαιοσύνην
1254 758 1401 813 Θεοῦ
1438 760 1509 812 οὐ
1553 775 1697 811 κατ-

95 840 411 911 εργάζεται
461 844 527 899 ¹³.
571 848 682 900 Καὶ
732 848 1059 919 ἀσχημονεῖ.
1131 846 1312 916 Ἀνὴρ
1361 849 1491 920 γὰρ,
1537 849 1692 918 φησὶ.

96 932 409 1001 θυμώδης,
457 936 570 989 οὐκ
606 937 953 1007 εὐσχήμων.
1008 938 1120 992 Kal
1178 938 1457 1001 τοσούτοις
1502 941 1697 1003 κακοῖς

96 1025 494 1081 ὑποϐάλλουσα
519 1029 610 1082 τὸν
632 1029 935 1097 ἑαλωκότα,
959 1031 1210 1096 ἐλεεινῶς
1230 1031 1547 1104 ἁποθηριοῖ.
1573 1030 1696 1104 Χρὴ

93 1117 289 1169 τοίνυν
323 1118 610 1190 πραότητα
658 1123 1039 1192 μεταδιώκειν,
1075 1125 1172 1178 καὶ
1216 1124 1530 1197 ἀταράχους
1568 1126 1696 1178 ἐαυ-

94 1209 232 1273 τοὺς
280 1209 579 1284 διατηρεῖν,
614 1215 673 1267 ἐν
717 1215 796 1287 τῷ
844 1215 1192 1287 διορθοῦσθαι
1237 1217 1331 1272 τὸν
1362 1218 1693 1290 πλημμελή-

98 1316 316 1353 σαντα’
356 1303 570 1374 μήποτε
605 1304 693 1359 διὰ
733 1306 1054 1378 θεραπείας,
1105 1309 1259 1363 νόσον
1302 1309 1686 1379 ἐπισπώμεθα.

112 1393 459 1461 Ὀρτίζεσθε
489 1396 620 1469 γὰρ,
653 1401 810 1470 φησὶ,
862 1401 961 1455 καὶ
1003 1400 1090 1472 μὴ
1137 1402 1525 1472 ἁμαρτάνετε.
1572 1404 1696 1468 Πῶς

95 1483 142 1535 δ’
180 1483 248 1535 ἄν
273 1502 359 1547 τις
387 1486 762 1559 ὀργιζόμενος,
793 1492 891 1562 οὐχ
921 1492 1268 1564 ἁμαρτήσας
1317 1493 1380 1547 Εἰ
1414 1494 1556 1549 κατὰ
1579 1495 1689 1547 τῶν

106 1576 262 1629 ἰδίων
297 1579 576 1649 ὀργίζεται
608 1581 841 1635 πάντοτε
863 1583 1076 1649 παθῶν,
1106 1584 1200 1637 καὶ
1229 1588 1295 1656 τῇ
1313 1585 1508 1639 ἑαυτοῦ
1527 1585 1698 1656 ρᾳθυ-

100 1668 207 1739 μίᾳ
234 1672 338 1732 τὰς
354 1671 534 1735 αἰτίας
552 1672 651 1742 τῆς
669 1672 839 1744 ὀργῆς
864 1674 1251 1746 ἐπιγράφεται.
1272 1676 1337 1729 Ei
1352 1676 1410 1729 δὲ
1438 1677 1581 1731 κατὰ
1599 1675 1694 1730 τοῦ

100 1759 345 1831 πλησίον
399 1763 805 1835 ἐκκινηθῶμεν,
843 1765 985 1821 ἀλλὰ
1026 1768 1239 1838 ταχέως
1292 1768 1688 1840 διαλλαγῶμεν.

1802 586 1924 626 rum
1952 591 1963 626 :
1991 572 2085 628 Ira
2115 575 2171 630 in
2191 576 2312 630 sinu
2342 576 2628 634 stultorum
2676 591 2854 636 manet
2879 594 2928 637 τι.
2950 584 3127 655 Atque
3156 586 3209 642 id
3230 592 3377 660 quod

1794 662 2005 732 justum
2039 674 2124 721 est
2158 665 2286 722 odio
2311 666 2491 723 habet.
2521 667 2619 723 Ira
2666 672 2835 737 enim,
2871 675 3068 745 inquit,
3095 679 3196 732 viri
3222 679 3381 742 iusti-

1801 754 1933 804 tiam
1979 753 2079 807 Dei
2111 771 2217 808 non
2254 767 2505 826 operatur
2541 768 2591 824 ν,
2639 770 2694 816 et
2721 761 2974 820 indecore
3003 778 3061 820 se
3093 767 3246 836 gerit.
3287 769 3382 825 Vir
3480 814 3491 824 .

1798 839 1967 905 enim,
2006 840 2203 911 inquit,
2233 844 2545 913 iracundus,
2577 848 2796 904 decorus
2822 868 2926 907 non
2955 864 3031 908 est
3060 864 3107 911 ³.
3133 857 3383 930 Cumque

1800 928 1854 982 in
1882 938 1962 984 tot
1989 945 2053 986 ac
2076 940 2231 988 tanta
2263 935 2404 990 mala
2438 952 2567 992 eum
2614 955 2775 1009 quem
2808 945 2978 999 semei
3016 946 3215 1005 invasit
3249 928 3381 1005 con-

1794 1019 1973 1089 jiciat,
2000 1024 2371 1081 miserandum
2414 1029 2469 1083 in
2501 1030 2721 1086 modum
2757 1034 2934 1103 ipsum
2963 1036 3171 1095 cﬂ‘erat.
3211 1039 3384 1113 Opor-

1800 1118 1875 1165 tet
1912 1126 2044 1183 ergo
2074 1119 2552 1175 mansuetudinem
2580 1125 2906 1192 consectari,
2937 1142 3147 1198 nosque
3168 1132 3239 1187 ab
3259 1150 3383 1188 om-

1800 1201 1855 1255 ni
1880 1205 2288 1272 perturbatione
2316 1225 2484 1280 puros
2513 1226 2864 1280 conservare,
2889 1219 3104 1287 quoties
3140 1221 3381 1293 aliquem

1803 1295 1896 1365 qui
1944 1295 2170 1367 deliquit
2217 1303 2576 1374 corrigimus;
2616 1321 2685 1360 ne
2729 1305 2870 1363 forte
2912 1325 3008 1380 per
3055 1313 3379 1372 medicinam

1800 1387 2054 1442 morbum
2086 1392 2498 1449 oontrahamus.
2529 1393 2838 1452 Irascimini
2881 1400 3047 1466 enim,
3082 1403 3280 1475 inquit,
3330 1416 3381 1461 et

1799 1476 1961 1530 nolite
1982 1494 2205 1547 peccare
2228 1489 2279 1535 γ.
2307 1482 2377 1538 At
2401 1485 2493 1554 qni
2522 1487 2639 1541 ﬁeri
2667 1498 2864 1557 potest,
2896 1500 2954 1545 ut
2995 1492 3119 1561 quis
3152 1510 3381 1552 succen-

1798 1570 1972 1624 sendo
2001 1588 2108 1626 non
2150 1576 2384 1644 peccet?
2426 1576 2695 1634 Nimirum
2723 1582 2771 1637 si
2807 1583 3072 1641 adversus
3110 1587 3238 1642 vitia
3278 1604 3378 1644 sua

1797 1676 2011 1732 semper
2046 1665 2334 1732 irascatur,
2378 1681 2542 1741 atque
2593 1673 2891 1731 iracundia:
2916 1692 3113 1734 causas
3140 1682 3380 1738 ascribat

1798 1768 1912 1808 sua:
1939 1754 2116 1825 ipsius
2160 1761 2448 1817 socordiae.
2487 1766 2643 1830 Quod
2687 1769 2734 1823 si
2776 1770 3036 1828 adversus
3067 1775 3375 1843 proximum

95 1851 426 1922 Γέγραπται
478 1832 622 1926 γάρ’
683 1832 762 1911 ⁷Ὀ
810 1858 984 1925 ἥλιος
1021 1832 1441 1930 μῆἰέπιδυέτω
1610 1859 1690 1927 τῷ

1824 1850 2130 1904 :ommoveri
2162 1867 2263 1908 nos
2299 1856 2607 1927 contigerit,
2633 1868 2689 1915 at
2717 1871 2868 1918 certe
2896 1862 2950 1917 in
2990 1865 3218 1936 gratiam
3250 1881 3375 1921 cum

98 1941 500 2013 παροργισμῷ
542 1945 728 2015 ὑμῶν.
762 1948 872 2000 Kal
902 1948 1095 2003 πάλιν·
1130 1948 1227 2018 Μὴ
1263 1949 1541 2019 μισήσῃς
1584 1950 1693 2001 τὸν

94 2034 377 2103 ἀδελφόν
404 2051 521 2092 σου
550 2039 621 2092 ἐν
645 2037 722 2107 τῇ
753 2039 965 2108 καρδίᾳ
989 2056 1126 2095 σου.

191 2214 458 2288 Ὀμίχλης
486 2217 740 2280 ἀνάδοσις
788 2220 927 2290 ἀέρα
962 2223 1217 2294 παχύνει,
1255 2225 1348 2277 καὶ
1400 2224 1575 2296 θυμοῦ
1607 2224 1692 2279 xi-

96 2324 292 2379 νησις,
322 2308 542 2379 ὀργίλου
574 2309 837 2367 διάνοιαν.

189 2399 443 2469 Ὀργὶλου
475 2400 621 2466 νοῦς,
659 2401 812 2474 πηγὴ
843 2407 1253 2477 τεταραγμένη,
1304 2410 1455 2481 νᾶμα
1490 2426 1690 2479 κεκτη-

98 2490 250 2561 μένη
284 2490 651 2561 τεθολωμένω
684 2493 782 2548 καὶ
807 2495 1100 2566 ἄχρηστον.

186 2581 358 2653 Ἀνὴρ
392 2584 587 2653 σεμνὸς
643 2586 869 2657 αἰσχρὸν
896 2588 1299 2660 ἀποστρέφεται
1319 2590 1687 2660 καταγώγιον,

92 2676 199 2729 καὶ
227 2678 258 2729 ὁ
288 2675 443 2742 Θεὸς,
474 2676 694 2749 ὀργίλου
738 2678 985 2750 καρδίαν.

176 2768 404 2833 Καπνὸς
431 2769 745 2842 ὀφθαλμοὺς
771 2772 1059 2844 ταράσσει,
1093 2777 1189 2830 καὶ
1224 2775 1364 2849 ὀργὴ
1394 2793 1693 2847 προσευχοο

96 2860 277 2931 μένου
304 2858 504 2929 ψυχήν.

192 2949 441 3020 Ὀργίλου
474 2950 746 3022 λογισμοὶ,
792 2951 1006 3024 ἐχίδνης
1048 2956 1393 3028 γεννήματα,
1438 2958 1531 3011 καὶ
1560 2976 1692 3013 κατ-

93 3041 349 3095 εσθίουσι
381 3041 479 3114 τὴν
514 3044 857 3114 γεννήσασαν
881 3046 1081 3111 αὐτοὺς
1110 3048 1360 3119 καρδίαν.

179 3133 305 3188 τῶν
332 3135 568 3207 ὀργίλων
593 3138 983 3209 τεταραγμένα
1016 3140 1113 3194 καὶ
1141 3142 1316 3213 μεστὰ
1340 3142 1597 3215 δείματος
1622 3143 1692 3199 τὰ

92 3225 359 3279 ἐνύπνια.

188 3316 255 3369 '0
306 3316 481 3384 ἣλιος
508 3318 592 3385 ph
629 3318 938 3384 ἐπιδυέτω,
997 3323 1186 3392 φησὶν,
1212 3322 1312 3378 ἐπὶ
1344 3321 1425 3390 τῷ
1475 3341 1692 3394 παρορ-

94 3406 305 3479 γισμῷ
349 3405 517 3476 ὑμῶν
538 3424 551 3437 ·
590 3407 677 3461 ἴνα
713 3408 789 3480 μὴ
816 3407 1032 3481 νύκτωρ
1066 3410 1388 3475 ἐπιστάντες
1416 3414 1466 3465 οἱ
1504 3412 1695 3481 δαίμο-

94 3515 197 3560 νες
233 3496 575 3568 ἐκταράξωσι
604 3497 701 3569 τὴν
737 3499 916 3570 ψυχὴν
957 3498 1050 3553 διὰ
1075 3500 1324 3572 φοϐερῶν
1368 3504 1694 3575 φαντασμά-

92 3607 253 3645 των
289 3591 353 3643 ἐκ
383 3590 478 3644 τοῦ
515 3590 689 3662 θυμοῦ
729 3592 839 3663 γὰρ
880 3591 1054 3646 ταῦτα
1098 3593 1338 3662 γίνονται
1360 3613 1375 3628 ο
1410 3597 1508 3651 καὶ
1551 3596 1693 3652 οὕτω

93 3682 418 3756 δειλοτέραν
465 3684 602 3755 πρὸς
651 3684 741 3738 τὸν
786 3685 1025 3755 πόλεμον
1070 3687 1415 3755 ἐργάσωνται
1461 3688 1688 3762 ταύτην.

177 3775 448 3831 Πλειόνων
496 3778 668 3831 δεῖται
713 3782 1020 3850 φαρμάκων
1075 3781 1104 3832 ὁ
1156 3781 1325 3853 θυμὸς
1388 3783 1543 3855 παρὰ
1592 3783 1691 3854 τὴν

92 3866 428 3939 ἐπιθυμίαν.
480 3867 792 3941 Βιαιότερος
837 3873 947 3942 γάρ
1004 3875 1119 3926 ἐστι
1176 3874 1272 3928 καὶ
1324 3874 1691 3929 δυσκαθεκτο-

91 3974 286 4029 τερος.

175 4050 494 4123 Χείμαρῥος
534 4051 964 4126 πλημμυρήσας,
1009 4056 1319 4126 παρασύρει
1352 4056 1415 4110 τὺ
1456 4075 1689 4128 προστυ-

91 4144 200 4215 χόν
220 4160 234 4174 ο
267 4145 361 4197 καὶ
395 4145 567 4215 θυμὸς
594 4144 884 4212 ἀναζέσας,
920 4148 1223 4219 κατασύρει
1248 4149 1508 4204 διάνοιαν.

181 4238 249 4289 Oi
284 4236 466 4307 θυμοὶ,
517 4238 767 4313 καθάπερ
799 4240 850 4293 οἱ
896 4240 1081 4306 κύνες,
1123 4242 1301 4314 τυφλὰ
1330 4243 1576 4298 τίκτουσι
1622 4245 1687 4298 τὰ

89 4329 353 4401 νοήματα
381 4330 480 4401 (9).

186 4422 382 4492 Ὀργὴ,
427 4424 611 4496 μήτηρ
646 4426 865 4497 μανίας,
897 4429 1254 4501 ὑπερζέσασα
1273 4429 1508 4501 γίνεται.

698 4542 839 4611 Περὶ
869 4544 1091 4610 λύπης.

177 4630 345 4684 Ὅταν
374 4632 435 4686 τὸ
460 4633 698 4704 πονηρὸν
718 4634 939 4706 πνεῦμα
965 4635 1068 4706 τῆς
1088 4636 1265 4711 λύπης
1292 4640 1686 4712 περιδράξηται

90 4726 207 4794 τῆς
236 4722 437 4795 ψυχῆς,
467 4726 596 4798 ὅλην
628 4726 727 4799 τὴν
757 4728 1010 4781 εὐτονίαν
1038 4730 1210 4801 αὐτῆς
1245 4733 1341 4785 καὶ
1386 4733 1685 4805 καρτερίαν

92 4815 400 4886 παραλύει,
437 4818 532 4870 καὶ
573 4818 835 4886 σκοτίξει,
866 4823 959 4876 καὶ
989 4824 1289 4895 καταφέρει
1316 4826 1412 4878 καὶ
1443 4825 1684 4880 καταδα-

179 4996 199 5031 ι
248 4992 394 5049 Psal.
425 5011 555 5050 xxx.
598 4995 685 5051 i0.

760 5007 787 5034 υ
809 4994 988 5053 Eccle.
1021 5013 1122 5065 Vli,
1147 4998 1231 5054 10.

95 5072 120 5095 ·
162 5061 339 5118 Levit.
373 5080 488 5132 xix,
515 5065 602 5120 17.

1305 5009 1332 5037 ν
1359 5002 1472 5058 Jac.
1502 5018 1540 5067 t,
1570 5002 1662 5058 ΞΟ.

1741 5017 1767 5044 κ
1803 5005 1959 5059 Prov.
2002 5023 2078 5071 xl,
2118 5008 2209 5063 25.
2286 5019 2310 5057 .V
2361 5009 2509 5067 Psal.
2568 5028 2642 5079 tv,
2675 5015 2729 5071 5.

1797 1937 1896 1993 illo
1930 1940 2218 1996 confestim
2260 1945 2570 2005 redeamus.
2616 1950 2889 2023 Scriptum
2920 1967 3003 2011 est
3049 1957 3195 2011 enim
3226 1975 3241 2013 :
3280 1957 3376 2014 Sol

1793 2049 1898 2087 non
1922 2036 2131 2090 occidat
2161 2054 2317 2109 super
2349 2041 2683 2098 iracundiam
2710 2055 2941 2101 uestram
2965 2058 3011 2102 ι.
3046 2048 3113 2105 Et
3143 2064 3373 2109 rursus:

1798 2125 1922 2182 Non
1950 2130 2121 2184 oderis
2154 2131 2377 2199 fratrem
2406 2146 2557 2189 tuum
2583 2136 2637 2189 in
2662 2139 2820 2192 corde
2843 2149 2933 2194 tuo
2957 2152 3006 2195 δ.

1865 2215 2084 2274 Nebulae
2116 2232 2341 2278 exortus
2379 2239 2558 2279 aerem
2607 2227 2940 2296 condensat,
2975 2240 3030 2283 et
3081 2231 3377 2288 iracundia:

1791 2309 2066 2375 excitatio,
2099 2311 2343 2368 iracundi
2374 2323 2632 2371 mentem.

1862 2401 2118 2459 Iracundi
2151 2421 2307 2462 mens
2338 2408 2459 2464 fons
2493 2418 2577 2465 est
2607 2411 2880 2476 turbidus,
2912 2415 3009 2485 qui
3041 2415 3252 2475 obtinet
3287 2417 3375 2473 la-

1797 2493 1959 2550 ticem
1987 2512 2271 2554 caenosum
2297 2510 2353 2555 et
2384 2502 2651 2559 inutilem.

1866 2588 1961 2643 Vir
2006 2591 2269 2649 honestus
2309 2602 2363 2649 et
2424 2596 2606 2667 gravis
2668 2598 2965 2655 obscenum
3003 2602 3376 2670 jdiversorium

1794 2692 2081 2737 aversatur
2109 2701 2125 2738 :
2158 2684 2286 2740 item
2316 2687 2481 2755 Deus,
2512 2703 2607 2743 cor
2631 2689 2901 2751 iracundi.

1870 2768 1941 2828 Ut
1982 2774 2170 2831 fumus
2199 2776 2388 2833 oculos
2422 2782 2625 2846 turbat,
2673 2781 2755 2838 sic
2810 2782 2914 2851 ira,
2956 2788 3230 2856 precantis
3252 2789 3377 2846 ani-

1796 2881 1969 2919 mum.

1868 2959 2124 3015 iracundi
2164 2961 2545 3031 cogitationes,
2593 2966 2790 3036 vipera:
2849 2969 3147 3041 genimina,
3194 2984 3250 3031 et
3280 2990 3378 3033 cor

1795 3050 1942 3122 quod
1967 3067 2061 3107 eas
2098 3054 2307 3123 peperit
2326 3056 2581 3112 erodunt.

1868 3127 2263 3202 lracund'orum
2294 3151 2614 3220 perturbata
2642 3160 2705 3207 et
2724 3168 2846 3209 cum
2896 3162 3105 3215 terrore
3148 3158 3381 3233 conjun-

1792 3243 1879 3291 cta
1902 3247 2032 3293 sunt
2060 3240 2300 3295 somnia.

1863 3327 1977 3396 Sol,
2005 3331 2203 3403 inquit,
2228 3350 2331 3389 non
2354 3336 2558 3390 occidat
2577 3354 2735 3409 super
2756 3341 3092 3397 iracundiam
3114 3356 3340 3401 vestram
3356 3362 3378 3403 :

1792 3436 1863 3476 ne
1888 3430 2055 3477 noctu
2082 3422 2352 3478 irruentes
2377 3425 2681 3495 daemones,
2712 3429 2951 3485 animam
2986 3448 3082 3503 per
3102 3434 3376 3493 horrenda

1792 3525 2001 3585 spectra
2033 3519 2361 3574 conturbent
2396 3538 2412 3574 :
2445 3521 2644 3575 etenim
2691 3538 2760 3577 ex
2792 3523 3077 3581 iracundia
3109 3526 3225 3583 haec
3277 3544 3374 3586 ex-

1791 3608 1996 3663 sistunt
2024 3625 2037 3662 :
2063 3616 2225 3680 atque
2252 3625 2320 3666 eo
2375 3612 2536 3667 modo
2566 3612 2898 3684 ignaviorem
2928 3632 3049 3675 eam
3079 3618 3145 3673 ad
3173 3619 3372 3677 bellum

1790 3699 2044 3755 reddant.

1859 3791 2117 3848 Pluribus
2142 3793 2552 3852 medicamentis
2589 3797 2668 3854 ira
2710 3814 2849 3870 opus
2875 3800 3055 3867 habet,
3087 3818 3253 3874 quam
3278 3819 3376 3860 cu.

1789 3884 2008 3955 piditas.
2034 3882 2131 3940 Est
2156 3885 2303 3941 enim
2338 3888 2648 3955 violentior,
2682 3900 2737 3946 et
2779 3890 2849 3946 ad
2878 3896 3242 3951 coercendum
3266 3894 3376 3952 dif-

1791 3976 2007 4031 ﬁcilior.

1858 4064 2098 4122 Torrens
2129 4068 2435 4135 exundans,
2473 4071 2635 4128 obvia
2683 4090 2914 4145 quaeque
2945 4092 3130 4133 secum
3161 4078 3330 4135 trahit
3356 4097 3375 4149 ;

1789 4169 1844 4215 et
1871 4160 2155 4215 iracundia
2191 4161 2561 4242 infervescens
2589 4176 2822 4223 mentem
2855 4170 3099 4227 abducit.

1859 4253 2168 4322 Iracundia,
2198 4254 2252 4308 in
2286 4270 2495 4311 morem
2529 4272 2751 4327 canum,
2794 4276 2968 4321 caecas
3008 4269 3375 4339 cogitationes

1788 4346 1955 4401 parit.

1860 4438 1964 4505 ira,
1988 4441 2223 4497 vesaniae
2245 4452 2439 4511 mater,
2472 4458 2597 4500 cum
2628 4447 2962 4517 eﬂ‘erbuerit,
3014 4454 3261 4513 eiiiritur.

2416 4557 2492 4613 De
2515 4561 2759 4617 tristitia.

1865 4646 2000 4702 Cum
2036 4647 2329 4718 improbus
2359 4652 2597 4708 tristitiae
2654 4656 2881 4726 spiritus
2934 4660 3174 4715 animam
3233 4662 3374 4717 arri-

1795 4739 1991 4807 puerit,
2022 4753 2214 4795 omnes
2244 4741 2414 4809 ipsius
2444 4759 2644 4800 nervos
2674 4760 2740 4801 ac
2768 4747 2937 4803 robur
2967 4746 3191 4821 frangit,
3222 4765 3375 4805 eam-

1796 4847 1904 4902 que
1952 4832 2232 4897 obscurat,
2268 4834 2547 4907 deprimit,
2581 4853 2919 4911 prorsusque
2950 4840 3258 4915 demergit;
3288 4853 3373 4899 at-

2839 5026 2861 5053 ι
2884 5016 3085 5090 Ephes.
3115 5035 3170 5076 tv
3196 5037 3213 5088 ;
3276 5022 3371 5079 26.

1398 5232 1631 5288 VARLE
1673 5232 1964 5290 LECTION
1972 5236 2075 5291 ES.

180 5380 227 5414 ³³
248 5381 338 5436 ΑΙ.
364 5381 466 5437 οὐκ
496 5383 815 5455 ἐργάζεται.

1625 5554 1858 5614 NOTAE.

172 5726 257 5795 (9)
294 5729 368 5782 τὰ
390 5727 784 5824 νοήματαλει
819 5728 1069 5824 yelissa,
1119 5734 1168 5787 οἱ
1209 5733 1373 5805 θυμοὶ
1430 5735 1686 5810 καθάπερ
1724 5739 1780 5792 αἱ
1818 5741 1999 5809 κύνες,
2032 5742 2208 5815 τυφλὰ
2265 5745 2538 5804 τίκτουσιν
2598 5749 2943 5821 ἐγκλήματα,
2969 5761 3061 5807 aut
3089 5752 3235 5824 quod
3265 5767 3374 5807 non

94 5813 303 5857 vereor
333 5799 654 5867 rescribere,
676 5800 850 5871 ’ἐγκυή
859 5818 1024 5871 ματα.
