  <div class='ocr_page' id='page_1' title='image "/cluster/home/n/w/nwhite01/storage/ocr_20150623/79/nnc1.0038021404/827.png"; bbox 0 0 3816 6220; ppageno 0'>
   <div class='ocr_carea' id='block_1_1' title="bbox 413 382 550 450">
    <p class='ocr_par' dir='ltr' id='par_1_1' title="bbox 413 382 550 450">
     <span class='ocr_line' id='line_1_1' title="bbox 413 382 550 450; baseline -0.015 0"><span class='ocrx_word' id='word_1_1' title='bbox 413 382 550 450; x_wconf 64' lang='grc'><strong>1455</strong></span> 
     </span>
    </p>
   </div>
   <div class='ocr_carea' id='block_1_2' title="bbox 1909 376 2175 439">
    <p class='ocr_par' dir='ltr' id='par_1_2' title="bbox 1909 376 2175 439">
     <span class='ocr_line' id='line_1_2' title="bbox 1909 376 2175 439; baseline 0 -2"><span class='ocrx_word' id='word_1_2' title='bbox 1909 376 1968 437; x_wconf 92' lang='lat' dir='ltr'><strong>S.</strong></span> <span class='ocrx_word' id='word_1_3' title='bbox 2011 376 2175 439; x_wconf 85' lang='lat' dir='ltr'><strong>NILI</strong></span> 
     </span>
    </p>
   </div>
   <div class='ocr_carea' id='block_1_3' title="bbox 3542 381 3681 447">
    <p class='ocr_par' dir='ltr' id='par_1_3' title="bbox 3542 381 3681 447">
     <span class='ocr_line' id='line_1_3' title="bbox 3542 381 3681 447; baseline 0.022 -4"><span class='ocrx_word' id='word_1_4' title='bbox 3542 381 3681 447; x_wconf 69' lang='grc'><strong>1456</strong></span> 
     </span>
    </p>
   </div>
   <div class='ocr_carea' id='block_1_4' title="bbox 412 488 1998 562">
    <p class='ocr_par' dir='ltr' id='par_1_4' title="bbox 412 488 1987 561">
     <span class='ocr_line' id='line_1_4' title="bbox 412 488 1987 561; baseline -0.004 -10"><span class='ocrx_word' id='word_1_5' title='bbox 412 496 518 551; x_wconf 74' lang='grc' dir='ltr'>(Ιιιο</span> <span class='ocrx_word' id='word_1_6' title='bbox 545 502 607 549; x_wconf 85' lang='lat' dir='ltr'><strong>ut</strong></span> <span class='ocrx_word' id='word_1_7' title='bbox 630 492 773 548; x_wconf 89' lang='lat' dir='ltr'><strong>tinea</strong></span> <span class='ocrx_word' id='word_1_8' title='bbox 808 501 1035 558; x_wconf 86' lang='lat' dir='ltr'><strong>vestem,</strong></span> <span class='ocrx_word' id='word_1_9' title='bbox 1066 505 1131 549; x_wconf 85' lang='lat' dir='ltr'><strong>ac</strong></span> <span class='ocrx_word' id='word_1_10' title='bbox 1162 490 1362 548; x_wconf 81' lang='lat' dir='ltr'><strong>vermis</strong></span> <span class='ocrx_word' id='word_1_11' title='bbox 1408 490 1640 561; x_wconf 78' lang='lat' dir='ltr'><strong>lignum,</strong></span> <span class='ocrx_word' id='word_1_12' title='bbox 1668 488 1987 560; x_wconf 74' lang='lat' dir='ltr'><strong>depascitur</strong></span> 
     </span>
    </p>
   </div>
   <div class='ocr_carea' id='block_1_5' title="bbox 2180 488 3681 562">
    <p class='ocr_par' dir='ltr' id='par_1_5' title="bbox 2180 488 3681 562">
     <span class='ocr_line' id='line_1_5' title="bbox 2180 488 3681 562; baseline 0.001 -19"><span class='ocrx_word' id='word_1_13' title='bbox 2180 489 2271 555; x_wconf 76' lang='grc' dir='ltr'>ἵζει</span> <span class='ocrx_word' id='word_1_14' title='bbox 2301 490 2507 552; x_wconf 81' lang='grc' dir='ltr'>τέλεον,</span> <span class='ocrx_word' id='word_1_15' title='bbox 2544 489 2641 543; x_wconf 58' lang='grc' dir='ltr'><strong>καὶ¹</strong></span> <span class='ocrx_word' id='word_1_16' title='bbox 2688 488 2941 561; x_wconf 85' lang='grc' dir='ltr'>καθάπερ</span> <span class='ocrx_word' id='word_1_17' title='bbox 2974 489 3074 562; x_wconf 76' lang='grc' dir='ltr'>σὴς</span> <span class='ocrx_word' id='word_1_18' title='bbox 3106 490 3347 562; x_wconf 79' lang='grc' dir='ltr'>ἱμάτιον,</span> <span class='ocrx_word' id='word_1_19' title='bbox 3384 492 3482 545; x_wconf 69' lang='grc' dir='ltr'><strong>καὶ</strong></span> <span class='ocrx_word' id='word_1_20' title='bbox 3526 492 3681 557; x_wconf 73' lang='grc' dir='ltr'>ξύλον</span> 
     </span>
    </p>
   </div>
   <div class='ocr_carea' id='block_1_6' title="bbox 410 581 1987 657">
    <p class='ocr_par' dir='ltr' id='par_1_6' title="bbox 410 581 1987 657">
     <span class='ocr_line' id='line_1_6' title="bbox 410 581 1987 657; baseline -0.004 -15"><span class='ocrx_word' id='word_1_21' title='bbox 410 594 467 642; x_wconf 91' lang='lat' dir='ltr'><strong>et</strong></span> <span class='ocrx_word' id='word_1_22' title='bbox 496 584 772 657; x_wconf 68' lang='lat' dir='ltr'><strong>prmfocat,</strong></span> <span class='ocrx_word' id='word_1_23' title='bbox 816 600 916 640; x_wconf 89' lang='lat' dir='ltr'><strong>nec</strong></span> <span class='ocrx_word' id='word_1_24' title='bbox 946 584 1115 639; x_wconf 83' lang='lat' dir='ltr'><strong>ullam</strong></span> <span class='ocrx_word' id='word_1_25' title='bbox 1140 583 1366 639; x_wconf 82' lang='lat' dir='ltr'><strong>omnino</strong></span> <span class='ocrx_word' id='word_1_26' title='bbox 1394 582 1526 638; x_wconf 80' lang='lat' dir='ltr'><strong>sinit</strong></span> <span class='ocrx_word' id='word_1_27' title='bbox 1554 581 1987 637; x_wconf 79' lang='lat' dir='ltr'><strong>consolationem</strong></span> 
     </span>
    </p>
   </div>
   <div class='ocr_carea' id='block_1_7' title="bbox 412 672 1991 742">
    <p class='ocr_par' dir='ltr' id='par_1_7' title="bbox 412 672 1991 742">
     <span class='ocr_line' id='line_1_7' title="bbox 412 672 1991 742; baseline -0.004 -10"><span class='ocrx_word' id='word_1_28' title='bbox 412 677 720 732; x_wconf 80' lang='lat' dir='ltr'><strong>admittere.</strong></span> <span class='ocrx_word' id='word_1_29' title='bbox 774 674 907 730; x_wconf 83' lang='lat' dir='ltr'><strong>Nam</strong></span> <span class='ocrx_word' id='word_1_30' title='bbox 943 676 1035 730; x_wconf 90' lang='lat' dir='ltr'><strong>ubi</strong></span> <span class='ocrx_word' id='word_1_31' title='bbox 1070 690 1191 731; x_wconf 89' lang='lat' dir='ltr'><strong>eam</strong></span> <span class='ocrx_word' id='word_1_32' title='bbox 1217 675 1367 729; x_wconf 91' lang='lat' dir='ltr'><strong>omni</strong></span> <span class='ocrx_word' id='word_1_33' title='bbox 1399 672 1768 729; x_wconf 86' lang='lat' dir='ltr'><strong>amaritudine</strong></span> <span class='ocrx_word' id='word_1_34' title='bbox 1812 672 1991 742; x_wconf 81' lang='lat' dir='ltr'><strong>reple-</strong></span> 
     </span>
    </p>
   </div>
   <div class='ocr_carea' id='block_1_8' title="bbox 413 765 1993 835">
    <p class='ocr_par' dir='ltr' id='par_1_8' title="bbox 413 765 1993 835">
     <span class='ocr_line' id='line_1_8' title="bbox 413 765 1993 835; baseline -0.003 -11"><span class='ocrx_word' id='word_1_35' title='bbox 413 769 572 835; x_wconf 83' lang='lat' dir='ltr'><strong>verit,</strong></span> <span class='ocrx_word' id='word_1_36' title='bbox 626 769 681 823; x_wconf 89' lang='lat' dir='ltr'><strong>id</strong></span> <span class='ocrx_word' id='word_1_37' title='bbox 707 768 887 833; x_wconf 78' lang='lat' dir='ltr'><strong>eiiicit,</strong></span> <span class='ocrx_word' id='word_1_38' title='bbox 924 777 985 824; x_wconf 91' lang='lat' dir='ltr'><strong>ut</strong></span> <span class='ocrx_word' id='word_1_39' title='bbox 1026 782 1190 824; x_wconf 93' lang='lat' dir='ltr'><strong>omne</strong></span> <span class='ocrx_word' id='word_1_40' title='bbox 1217 776 1499 823; x_wconf 81' lang='lat' dir='ltr'><strong>aversetur</strong></span> <span class='ocrx_word' id='word_1_41' title='bbox 1548 765 1827 830; x_wconf 88' lang='lat' dir='ltr'><strong>solatium,</strong></span> <span class='ocrx_word' id='word_1_42' title='bbox 1892 778 1993 819; x_wconf 86' lang='lat' dir='ltr'><strong>cu-</strong></span> 
     </span>
    </p>
   </div>
   <div class='ocr_carea' id='block_1_9' title="bbox 416 858 1991 932">
    <p class='ocr_par' dir='ltr' id='par_1_9' title="bbox 416 858 1991 932">
     <span class='ocr_line' id='line_1_9' title="bbox 416 858 1991 932; baseline -0.004 -15"><span class='ocrx_word' id='word_1_43' title='bbox 416 874 530 917; x_wconf 55' lang='lat' dir='ltr'><strong>l‘am</strong></span> <span class='ocrx_word' id='word_1_44' title='bbox 561 861 805 932; x_wconf 86' lang='lat' dir='ltr'><strong>abjiciat,</strong></span> <span class='ocrx_word' id='word_1_45' title='bbox 849 862 1218 931; x_wconf 77' lang='lat' dir='ltr'><strong>elanguescat,</strong></span> <span class='ocrx_word' id='word_1_46' title='bbox 1250 869 1306 916; x_wconf 91' lang='lat' dir='ltr'><strong>et</strong></span> <span class='ocrx_word' id='word_1_47' title='bbox 1330 861 1395 916; x_wconf 88' lang='lat' dir='ltr'><strong>de</strong></span> <span class='ocrx_word' id='word_1_48' title='bbox 1415 859 1672 917; x_wconf 88' lang='lat' dir='ltr'><strong>omnibus</strong></span> <span class='ocrx_word' id='word_1_49' title='bbox 1721 858 1991 929; x_wconf 81' lang='lat' dir='ltr'><strong>desperet.</strong></span> 
     </span>
    </p>
   </div>
   <div class='ocr_carea' id='block_1_10' title="bbox 359 939 1991 1025">
    <p class='ocr_par' dir='ltr' id='par_1_10' title="bbox 359 939 1991 1025">
     <span class='ocr_line' id='line_1_10' title="bbox 359 939 1991 1025; baseline -0.005 -15"><span class='ocrx_word' id='word_1_50' title='bbox 359 939 365 967; x_wconf 66' lang='grc'><strong><em>⁵</em></strong></span> <span class='ocrx_word' id='word_1_51' title='bbox 413 955 593 1025; x_wconf 80' lang='lat' dir='ltr'><strong>Atque</strong></span> <span class='ocrx_word' id='word_1_52' title='bbox 622 956 694 1009; x_wconf 87' lang='lat' dir='ltr'><strong>ita</strong></span> <span class='ocrx_word' id='word_1_53' title='bbox 736 954 991 1024; x_wconf 87' lang='lat' dir='ltr'><strong>deinceps</strong></span> <span class='ocrx_word' id='word_1_54' title='bbox 1060 954 1265 1011; x_wconf 70' lang='lat' dir='ltr'><strong>acediaa</strong></span> <span class='ocrx_word' id='word_1_55' title='bbox 1293 954 1504 1008; x_wconf 56' lang='lat' dir='ltr'><strong>daemon</strong></span> <span class='ocrx_word' id='word_1_56' title='bbox 1556 967 1680 1008; x_wconf 90' lang='lat' dir='ltr'><strong>eam</strong></span> <span class='ocrx_word' id='word_1_57' title='bbox 1736 948 1991 1005; x_wconf 88' lang='lat' dir='ltr'><strong>assumit.</strong></span> 
     </span>
    </p>
   </div>
   <div class='ocr_carea' id='block_1_11' title="bbox 417 1037 1993 1114">
    <p class='ocr_par' dir='ltr' id='par_1_11' title="bbox 417 1037 1993 1114">
     <span class='ocr_line' id='line_1_11' title="bbox 417 1037 1993 1114; baseline -0.004 -14"><span class='ocrx_word' id='word_1_58' title='bbox 417 1047 490 1100; x_wconf 83' lang='lat' dir='ltr'><strong>At</strong></span> <span class='ocrx_word' id='word_1_59' title='bbox 535 1046 699 1101; x_wconf 84' lang='lat' dir='ltr'><strong>nobis</strong></span> <span class='ocrx_word' id='word_1_60' title='bbox 730 1045 1135 1114; x_wconf 77' lang='lat' dir='ltr'><strong>quamprimum</strong></span> <span class='ocrx_word' id='word_1_61' title='bbox 1164 1044 1431 1099; x_wconf 88' lang='lat' dir='ltr'><strong>adversus</strong></span> <span class='ocrx_word' id='word_1_62' title='bbox 1460 1037 1739 1097; x_wconf 76' lang='lat' dir='ltr'><strong>tristitiam</strong></span> <span class='ocrx_word' id='word_1_63' title='bbox 1801 1039 1993 1095; x_wconf 90' lang='lat' dir='ltr'><strong>decer-</strong></span> 
     </span>
    </p>
   </div>
   <div class='ocr_carea' id='block_1_12' title="bbox 414 1128 1991 1205">
    <p class='ocr_par' dir='ltr' id='par_1_12' title="bbox 414 1128 1991 1205">
     <span class='ocr_line' id='line_1_12' title="bbox 414 1128 1991 1205; baseline -0.007 -13"><span class='ocrx_word' id='word_1_64' title='bbox 414 1138 644 1192; x_wconf 87' lang='lat' dir='ltr'><strong>tandum</strong></span> <span class='ocrx_word' id='word_1_65' title='bbox 672 1146 779 1199; x_wconf 90' lang='lat' dir='ltr'><strong>est,</strong></span> <span class='ocrx_word' id='word_1_66' title='bbox 810 1150 1006 1205; x_wconf 85' lang='lat' dir='ltr'><strong>nempe</strong></span> <span class='ocrx_word' id='word_1_67' title='bbox 1043 1150 1141 1205; x_wconf 90' lang='lat' dir='ltr'><strong>per</strong></span> <span class='ocrx_word' id='word_1_68' title='bbox 1170 1133 1495 1200; x_wconf 89' lang='lat' dir='ltr'><strong>orationem,</strong></span> <span class='ocrx_word' id='word_1_69' title='bbox 1523 1146 1679 1202; x_wconf 87' lang='lat' dir='ltr'><strong>spem</strong></span> <span class='ocrx_word' id='word_1_70' title='bbox 1709 1130 1763 1183; x_wconf 85' lang='lat' dir='ltr'><strong>in</strong></span> <span class='ocrx_word' id='word_1_71' title='bbox 1794 1128 1991 1193; x_wconf 90' lang='lat' dir='ltr'><strong>Deum,</strong></span> 
     </span>
    </p>
   </div>
   <div class='ocr_carea' id='block_1_13' title="bbox 415 1221 1997 1298">
    <p class='ocr_par' dir='ltr' id='par_1_13' title="bbox 415 1221 1997 1298">
     <span class='ocr_line' id='line_1_13' title="bbox 415 1221 1997 1298; baseline -0.007 -13"><span class='ocrx_word' id='word_1_72' title='bbox 415 1227 1154 1298; x_wconf 82' lang='lat' dir='ltr'><strong>divinarumScripturarum</strong></span> <span class='ocrx_word' id='word_1_73' title='bbox 1180 1225 1488 1288; x_wconf 91' lang='lat' dir='ltr'><strong>lectionem,</strong></span> <span class='ocrx_word' id='word_1_74' title='bbox 1512 1221 1997 1279; x_wconf 88' lang='lat' dir='ltr'><strong>consuetudinem-</strong></span> 
     </span>
    </p>
   </div>
   <div class='ocr_carea' id='block_1_14' title="bbox 438 1310 1996 1396">
    <p class='ocr_par' dir='ltr' id='par_1_14' title="bbox 438 1310 1996 1396">
     <span class='ocr_line' id='line_1_14' title="bbox 438 1310 1996 1396; baseline -0.007 -20"><span class='ocrx_word' id='word_1_75' title='bbox 438 1338 524 1396; x_wconf 64' lang='lat' dir='ltr'><strong>)ue</strong></span> <span class='ocrx_word' id='word_1_76' title='bbox 550 1330 604 1376; x_wconf 91' lang='lat' dir='ltr'><strong>et</strong></span> <span class='ocrx_word' id='word_1_77' title='bbox 628 1320 959 1390; x_wconf 83' lang='lat' dir='ltr'><strong>colloquium</strong></span> <span class='ocrx_word' id='word_1_78' title='bbox 992 1334 1116 1373; x_wconf 87' lang='lat' dir='ltr'><strong>cum</strong></span> <span class='ocrx_word' id='word_1_79' title='bbox 1150 1318 1255 1387; x_wconf 87' lang='lat' dir='ltr'><strong>piis</strong></span> <span class='ocrx_word' id='word_1_80' title='bbox 1280 1316 1434 1370; x_wconf 86' lang='lat' dir='ltr'><strong>viris.</strong></span> <span class='ocrx_word' id='word_1_81' title='bbox 1474 1313 1623 1381; x_wconf 87' lang='lat' dir='ltr'><strong>Quin</strong></span> <span class='ocrx_word' id='word_1_82' title='bbox 1648 1312 1820 1368; x_wconf 89' lang='lat' dir='ltr'><strong>etiam</strong></span> <span class='ocrx_word' id='word_1_83' title='bbox 1846 1310 1898 1365; x_wconf 92' lang='lat' dir='ltr'><strong>in</strong></span> <span class='ocrx_word' id='word_1_84' title='bbox 1930 1324 1996 1365; x_wconf 85' lang='lat' dir='ltr'><strong>ea</strong></span> 
     </span>
    </p>
   </div>
   <div class='ocr_carea' id='block_1_15' title="bbox 420 1404 1994 1478">
    <p class='ocr_par' dir='ltr' id='par_1_15' title="bbox 420 1404 1994 1478">
     <span class='ocr_line' id='line_1_15' title="bbox 420 1404 1994 1478; baseline -0.009 -10"><span class='ocrx_word' id='word_1_85' title='bbox 420 1413 642 1468; x_wconf 85' lang='lat' dir='ltr'><strong>tristitia</strong></span> <span class='ocrx_word' id='word_1_86' title='bbox 668 1426 926 1465; x_wconf 77' lang='lat' dir='ltr'><strong>exercere</strong></span> <span class='ocrx_word' id='word_1_87' title='bbox 948 1424 1050 1465; x_wconf 86' lang='lat' dir='ltr'><strong>nos</strong></span> <span class='ocrx_word' id='word_1_88' title='bbox 1084 1416 1318 1478; x_wconf 88' lang='lat' dir='ltr'><strong>oportet,</strong></span> <span class='ocrx_word' id='word_1_89' title='bbox 1349 1421 1472 1477; x_wconf 69' lang='lat' dir='ltr'><strong>qua:</strong></span> <span class='ocrx_word' id='word_1_90' title='bbox 1498 1404 1799 1462; x_wconf 87' lang='lat' dir='ltr'><strong>secundum</strong></span> <span class='ocrx_word' id='word_1_91' title='bbox 1828 1404 1994 1457; x_wconf 85' lang='lat' dir='ltr'><strong>Deum</strong></span> 
     </span>
    </p>
   </div>
   <div class='ocr_carea' id='block_1_16' title="bbox 418 1494 1999 1574">
    <p class='ocr_par' dir='ltr' id='par_1_16' title="bbox 418 1494 1999 1574">
     <span class='ocr_line' id='line_1_16' title="bbox 418 1494 1999 1574; baseline -0.009 -12"><span class='ocrx_word' id='word_1_92' title='bbox 418 1516 504 1562; x_wconf 89' lang='lat' dir='ltr'><strong>est</strong></span> <span class='ocrx_word' id='word_1_93' title='bbox 536 1506 585 1571; x_wconf 69' lang='grc' dir='ltr'><strong>ι),</strong></span> <span class='ocrx_word' id='word_1_94' title='bbox 618 1518 780 1574; x_wconf 81' lang='lat' dir='ltr'><strong>atque</strong></span> <span class='ocrx_word' id='word_1_95' title='bbox 802 1504 873 1559; x_wconf 90' lang='lat' dir='ltr'><strong>ob</strong></span> <span class='ocrx_word' id='word_1_96' title='bbox 897 1519 960 1559; x_wconf 85' lang='lat' dir='ltr'><strong>ea</strong></span> <span class='ocrx_word' id='word_1_97' title='bbox 991 1504 1046 1557; x_wconf 93' lang='lat' dir='ltr'><strong>in</strong></span> <span class='ocrx_word' id='word_1_98' title='bbox 1107 1502 1311 1572; x_wconf 87' lang='lat' dir='ltr'><strong>quibus</strong></span> <span class='ocrx_word' id='word_1_99' title='bbox 1360 1512 1676 1570; x_wconf 88' lang='lat' dir='ltr'><strong>peccamus,</strong></span> <span class='ocrx_word' id='word_1_100' title='bbox 1756 1494 1999 1566; x_wconf 88' lang='lat' dir='ltr'><strong>segniter</strong></span> 
     </span>
    </p>
   </div>
   <div class='ocr_carea' id='block_1_17' title="bbox 419 1585 2001 1670">
    <p class='ocr_par' dir='ltr' id='par_1_17' title="bbox 419 1585 2001 1670">
     <span class='ocr_line' id='line_1_17' title="bbox 419 1585 2001 1670; baseline -0.008 -16"><span class='ocrx_word' id='word_1_101' title='bbox 419 1599 655 1670; x_wconf 82' lang='lat' dir='ltr'><strong>agimus,</strong></span> <span class='ocrx_word' id='word_1_102' title='bbox 689 1597 967 1666; x_wconf 85' lang='lat' dir='ltr'><strong>Deumque</strong></span> <span class='ocrx_word' id='word_1_103' title='bbox 986 1595 1053 1649; x_wconf 89' lang='lat' dir='ltr'><strong>ad</strong></span> <span class='ocrx_word' id='word_1_104' title='bbox 1086 1594 1427 1649; x_wconf 86' lang='lat' dir='ltr'><strong>iracundiam</strong></span> <span class='ocrx_word' id='word_1_105' title='bbox 1456 1604 1841 1662; x_wconf 85' lang='lat' dir='ltr'><strong>provocamus.</strong></span> <span class='ocrx_word' id='word_1_106' title='bbox 1871 1585 2001 1642; x_wconf 60' lang='lat' dir='ltr'><strong>Hac</strong></span> 
     </span>
    </p>
   </div>
   <div class='ocr_carea' id='block_1_18' title="bbox 417 1681 2000 1749">
    <p class='ocr_par' dir='ltr' id='par_1_18' title="bbox 417 1681 2000 1749">
     <span class='ocr_line' id='line_1_18' title="bbox 417 1681 2000 1749; baseline -0.009 -2"><span class='ocrx_word' id='word_1_107' title='bbox 417 1694 563 1749; x_wconf 87' lang='lat' dir='ltr'><strong>enim</strong></span> <span class='ocrx_word' id='word_1_108' title='bbox 598 1707 628 1745; x_wconf 93' lang='lat' dir='ltr'><strong>e</strong></span> <span class='ocrx_word' id='word_1_109' title='bbox 658 1690 939 1745; x_wconf 89' lang='lat' dir='ltr'><strong>contrario</strong></span> <span class='ocrx_word' id='word_1_110' title='bbox 975 1687 1043 1742; x_wconf 90' lang='lat' dir='ltr'><strong>ad</strong></span> <span class='ocrx_word' id='word_1_111' title='bbox 1072 1688 1339 1742; x_wconf 83' lang='lat' dir='ltr'><strong>virtutum</strong></span> <span class='ocrx_word' id='word_1_112' title='bbox 1396 1686 1609 1739; x_wconf 84' lang='lat' dir='ltr'><strong>cultum</strong></span> <span class='ocrx_word' id='word_1_113' title='bbox 1664 1681 1888 1747; x_wconf 83' lang='lat' dir='ltr'><strong>excitat,</strong></span> <span class='ocrx_word' id='word_1_114' title='bbox 1944 1688 2000 1734; x_wconf 89' lang='lat' dir='ltr'><strong>et</strong></span> 
     </span>
    </p>
   </div>
   <div class='ocr_carea' id='block_1_19' title="bbox 420 1776 1359 1850">
    <p class='ocr_par' dir='ltr' id='par_1_19' title="bbox 420 1776 1359 1850">
     <span class='ocr_line' id='line_1_19' title="bbox 420 1776 1359 1850; baseline -0.013 -9"><span class='ocrx_word' id='word_1_115' title='bbox 420 1784 700 1841; x_wconf 79' lang='lat' dir='ltr'><strong>studiosos</strong></span> <span class='ocrx_word' id='word_1_116' title='bbox 734 1780 1134 1850; x_wconf 77' lang='lat' dir='ltr'><strong>diligentesque</strong></span> <span class='ocrx_word' id='word_1_117' title='bbox 1164 1776 1359 1831; x_wconf 87' lang='lat' dir='ltr'><strong>reddit.</strong></span> 
     </span>
    </p>
   </div>
   <div class='ocr_carea' id='block_1_20' title="bbox 2096 568 3712 655">
    <p class='ocr_par' dir='ltr' id='par_1_20' title="bbox 2096 568 3712 655">
     <span class='ocr_line' id='line_1_20' title="bbox 2096 568 3712 655; baseline -0.001 -18"><span class='ocrx_word' id='word_1_118' title='bbox 2096 581 2334 655; x_wconf 80' lang='grc' dir='ltr'><strong>σκώληξ,</strong></span> <span class='ocrx_word' id='word_1_119' title='bbox 2362 581 2732 655; x_wconf 79' lang='grc' dir='ltr'>διαμασσᾶται</span> <span class='ocrx_word' id='word_1_120' title='bbox 2762 582 2970 654; x_wconf 83' lang='grc' dir='ltr'>ταύτην</span> <span class='ocrx_word' id='word_1_121' title='bbox 2997 583 3095 637; x_wconf 75' lang='grc' dir='ltr'><strong>καὶ</strong></span> <span class='ocrx_word' id='word_1_122' title='bbox 3130 584 3453 654; x_wconf 81' lang='grc' dir='ltr'>ἀποπνίγει,</span> <span class='ocrx_word' id='word_1_123' title='bbox 3492 587 3594 638; x_wconf 71' lang='grc' dir='ltr'><strong>καὶ</strong></span> <span class='ocrx_word' id='word_1_124' title='bbox 3624 568 3712 637; x_wconf 43' lang='grc' dir='ltr'>οὗί</span> 
     </span>
    </p>
   </div>
   <div class='ocr_carea' id='block_1_21' title="bbox 2097 675 3685 747">
    <p class='ocr_par' dir='ltr' id='par_1_21' title="bbox 2097 675 3685 747">
     <span class='ocr_line' id='line_1_21' title="bbox 2097 675 3685 747; baseline 0.001 -17"><span class='ocrx_word' id='word_1_125' title='bbox 2097 678 2374 747; x_wconf 84' lang='grc' dir='ltr'>συγχωρεῖ</span> <span class='ocrx_word' id='word_1_126' title='bbox 2414 676 2514 747; x_wconf 71' lang='grc' dir='ltr'><strong>τὴν</strong></span> <span class='ocrx_word' id='word_1_127' title='bbox 2547 675 2764 729; x_wconf 81' lang='grc' dir='ltr'>οίανοῦν</span> <span class='ocrx_word' id='word_1_128' title='bbox 2797 675 3148 747; x_wconf 81' lang='grc' dir='ltr'>παράκλησιν</span> <span class='ocrx_word' id='word_1_129' title='bbox 3181 676 3465 744; x_wconf 77' lang='grc' dir='ltr'>δέξασθαι.</span> <span class='ocrx_word' id='word_1_130' title='bbox 3497 677 3685 747; x_wconf 53' lang='lat' dir='ltr'><strong>Ilion;</strong></span> 
     </span>
    </p>
   </div>
   <div class='ocr_carea' id='block_1_22' title="bbox 2095 765 3689 839">
    <p class='ocr_par' dir='ltr' id='par_1_22' title="bbox 2095 765 3689 839">
     <span class='ocr_line' id='line_1_22' title="bbox 2095 765 3689 839; baseline -0.001 -19"><span class='ocrx_word' id='word_1_131' title='bbox 2095 766 2203 839; x_wconf 83' lang='grc' dir='ltr'>γὰρ</span> <span class='ocrx_word' id='word_1_132' title='bbox 2231 765 2461 838; x_wconf 80' lang='grc' dir='ltr'><strong>πικρίας</strong></span> <span class='ocrx_word' id='word_1_133' title='bbox 2494 765 2795 838; x_wconf 88' lang='grc' dir='ltr'>πληρῶσαν</span> <span class='ocrx_word' id='word_1_134' title='bbox 2825 765 3017 839; x_wconf 80' lang='grc' dir='ltr'>αὐτὴν,</span> <span class='ocrx_word' id='word_1_135' title='bbox 3048 768 3474 837; x_wconf 77' lang='grc' dir='ltr'><strong>παρασκευάζει</strong></span> <span class='ocrx_word' id='word_1_136' title='bbox 3509 771 3689 822; x_wconf 69' lang='grc' dir='ltr'>πᾶσαν</span> 
     </span>
    </p>
   </div>
   <div class='ocr_carea' id='block_1_23' title="bbox 2095 857 3691 931">
    <p class='ocr_par' dir='ltr' id='par_1_23' title="bbox 2095 857 3691 931">
     <span class='ocr_line' id='line_1_23' title="bbox 2095 857 3691 931; baseline 0 -19"><span class='ocrx_word' id='word_1_137' title='bbox 2095 858 2455 930; x_wconf 70' lang='grc' dir='ltr'><strong>ψυχαγωγίαν</strong></span> <span class='ocrx_word' id='word_1_138' title='bbox 2493 857 2957 930; x_wconf 79' lang='grc' dir='ltr'><strong>ἀποστρέφεσθαι,</strong></span> <span class='ocrx_word' id='word_1_139' title='bbox 2989 860 3082 913; x_wconf 68' lang='grc' dir='ltr'><strong>καὶ</strong></span> <span class='ocrx_word' id='word_1_140' title='bbox 3101 859 3345 931; x_wconf 83' lang='grc' dir='ltr'><strong>ἀμελεῖν,</strong></span> <span class='ocrx_word' id='word_1_141' title='bbox 3368 861 3465 912; x_wconf 72' lang='grc' dir='ltr'><strong>καὶ</strong></span> <span class='ocrx_word' id='word_1_142' title='bbox 3500 860 3691 913; x_wconf 75' lang='grc' dir='ltr'>ἐκλύε-</span> 
     </span>
    </p>
   </div>
   <div class='ocr_carea' id='block_1_24' title="bbox 2097 949 3691 1020">
    <p class='ocr_par' dir='ltr' id='par_1_24' title="bbox 2097 949 3691 1020">
     <span class='ocr_line' id='line_1_24' title="bbox 2097 949 3691 1020; baseline -0.001 -14"><span class='ocrx_word' id='word_1_143' title='bbox 2097 952 2245 1019; x_wconf 85' lang='grc' dir='ltr'>σθαι,</span> <span class='ocrx_word' id='word_1_144' title='bbox 2280 952 2373 1007; x_wconf 74' lang='grc' dir='ltr'><strong>καὶ</strong></span> <span class='ocrx_word' id='word_1_145' title='bbox 2411 952 2633 1006; x_wconf 81' lang='grc' dir='ltr'>πάντων</span> <span class='ocrx_word' id='word_1_146' title='bbox 2665 949 3071 1020; x_wconf 80' lang='grc' dir='ltr'>ἀπογινώσκειν</span> <span class='ocrx_word' id='word_1_147' title='bbox 3092 969 3105 983; x_wconf 89' lang='grc'><strong>·</strong></span> <span class='ocrx_word' id='word_1_148' title='bbox 3158 954 3253 1007; x_wconf 77' lang='grc' dir='ltr'>καὶ</span> <span class='ocrx_word' id='word_1_149' title='bbox 3283 952 3479 1006; x_wconf 78' lang='grc' dir='ltr'>λοιπὸν</span> <span class='ocrx_word' id='word_1_150' title='bbox 3512 953 3543 1004; x_wconf 75' lang='grc' dir='ltr'>ὁ</span> <span class='ocrx_word' id='word_1_151' title='bbox 3577 952 3691 1005; x_wconf 83' lang='grc' dir='ltr'>δαί-</span> 
     </span>
    </p>
   </div>
   <div class='ocr_carea' id='block_1_25' title="bbox 2101 1040 3693 1115">
    <p class='ocr_par' dir='ltr' id='par_1_25' title="bbox 2101 1040 3693 1115">
     <span class='ocr_line' id='line_1_25' title="bbox 2101 1040 3693 1115; baseline -0.002 -19"><span class='ocrx_word' id='word_1_152' title='bbox 2101 1059 2221 1115; x_wconf 88' lang='grc' dir='ltr'><strong>μων</strong></span> <span class='ocrx_word' id='word_1_153' title='bbox 2252 1040 2423 1113; x_wconf 79' lang='grc' dir='ltr'>αὐτὴν</span> <span class='ocrx_word' id='word_1_154' title='bbox 2465 1041 2888 1114; x_wconf 72' lang='grc' dir='ltr'>παραλαμϐάνει</span> <span class='ocrx_word' id='word_1_155' title='bbox 2936 1044 3037 1115; x_wconf 78' lang='grc' dir='ltr'>τῆς</span> <span class='ocrx_word' id='word_1_156' title='bbox 3065 1044 3321 1115; x_wconf 85' lang='grc' dir='ltr'>ἀκηδίας.</span> <span class='ocrx_word' id='word_1_157' title='bbox 3384 1042 3531 1097; x_wconf 80' lang='grc' dir='ltr'>Ἀλλ’</span> <span class='ocrx_word' id='word_1_158' title='bbox 3564 1045 3693 1115; x_wconf 71' lang='grc' dir='ltr'>ἡμῖν</span> 
     </span>
    </p>
   </div>
   <div class='ocr_carea' id='block_1_26' title="bbox 2099 1131 3692 1206">
    <p class='ocr_par' dir='ltr' id='par_1_26' title="bbox 2099 1131 3692 1206">
     <span class='ocr_line' id='line_1_26' title="bbox 2099 1131 3692 1206; baseline -0.001 -18"><span class='ocrx_word' id='word_1_159' title='bbox 2099 1133 2260 1199; x_wconf 80' lang='grc' dir='ltr'>εὐθὺς</span> <span class='ocrx_word' id='word_1_160' title='bbox 2290 1133 2432 1188; x_wconf 82' lang='grc' dir='ltr'>κατὰ</span> <span class='ocrx_word' id='word_1_161' title='bbox 2459 1133 2558 1206; x_wconf 77' lang='grc' dir='ltr'>τῆς</span> <span class='ocrx_word' id='word_1_162' title='bbox 2592 1131 2771 1205; x_wconf 83' lang='grc' dir='ltr'>λύπης</span> <span class='ocrx_word' id='word_1_163' title='bbox 2798 1133 3151 1202; x_wconf 82' lang='grc' dir='ltr'>ἀγωνιστέον,</span> <span class='ocrx_word' id='word_1_164' title='bbox 3187 1133 3277 1187; x_wconf 78' lang='grc' dir='ltr'>διὰ</span> <span class='ocrx_word' id='word_1_165' title='bbox 3320 1134 3427 1204; x_wconf 72' lang='grc' dir='ltr'><strong>τῆς</strong></span> <span class='ocrx_word' id='word_1_166' title='bbox 3454 1151 3692 1205; x_wconf 74' lang='grc' dir='ltr'>προσευ-</span> 
     </span>
    </p>
   </div>
   <div class='ocr_carea' id='block_1_27' title="bbox 2108 1220 3693 1299">
    <p class='ocr_par' dir='ltr' id='par_1_27' title="bbox 2108 1220 3693 1299">
     <span class='ocr_line' id='line_1_27' title="bbox 2108 1220 3693 1299; baseline -0.004 -15"><span class='ocrx_word' id='word_1_167' title='bbox 2108 1228 2230 1299; x_wconf 85' lang='grc' dir='ltr'>χῆς,</span> <span class='ocrx_word' id='word_1_168' title='bbox 2264 1226 2360 1283; x_wconf 72' lang='grc' dir='ltr'><strong>καὶ</strong></span> <span class='ocrx_word' id='word_1_169' title='bbox 2383 1229 2485 1299; x_wconf 79' lang='grc' dir='ltr'>τῆς</span> <span class='ocrx_word' id='word_1_170' title='bbox 2518 1228 2599 1290; x_wconf 87' lang='grc' dir='ltr'><strong>είς</strong></span> <span class='ocrx_word' id='word_1_171' title='bbox 2643 1226 2775 1280; x_wconf 77' lang='grc' dir='ltr'>Θεὸν</span> <span class='ocrx_word' id='word_1_172' title='bbox 2804 1220 3042 1291; x_wconf 81' lang='grc' dir='ltr'>ἐλπίδος,</span> <span class='ocrx_word' id='word_1_173' title='bbox 3080 1228 3173 1281; x_wconf 69' lang='grc' dir='ltr'><strong>καὶ</strong></span> <span class='ocrx_word' id='word_1_174' title='bbox 3192 1228 3294 1298; x_wconf 81' lang='grc' dir='ltr'>τῆς</span> <span class='ocrx_word' id='word_1_175' title='bbox 3323 1227 3693 1296; x_wconf 79' lang='grc' dir='ltr'>ἀναγνώσεως</span> 
     </span>
    </p>
   </div>
   <div class='ocr_carea' id='block_1_28' title="bbox 2099 1317 3694 1391">
    <p class='ocr_par' dir='ltr' id='par_1_28' title="bbox 2099 1317 3694 1391">
     <span class='ocr_line' id='line_1_28' title="bbox 2099 1317 3694 1391; baseline -0.001 -18"><span class='ocrx_word' id='word_1_176' title='bbox 2099 1321 2207 1375; x_wconf 87' lang='grc' dir='ltr'><strong>τῶν</strong></span> <span class='ocrx_word' id='word_1_177' title='bbox 2222 1320 2383 1373; x_wconf 83' lang='grc' dir='ltr'>θείων</span> <span class='ocrx_word' id='word_1_178' title='bbox 2411 1318 2666 1391; x_wconf 80' lang='grc' dir='ltr'>Γραφῶν,</span> <span class='ocrx_word' id='word_1_179' title='bbox 2696 1318 2905 1388; x_wconf 72' lang='grc' dir='ltr'>καὶτῆς</span> <span class='ocrx_word' id='word_1_180' title='bbox 2935 1318 3073 1389; x_wconf 85' lang='grc' dir='ltr'><strong>μετά</strong></span> <span class='ocrx_word' id='word_1_181' title='bbox 3103 1319 3352 1372; x_wconf 78' lang='grc' dir='ltr'>εύλαὸῶν</span> <span class='ocrx_word' id='word_1_182' title='bbox 3380 1317 3694 1389; x_wconf 81' lang='grc' dir='ltr'>ἀνθρώπων</span> 
     </span>
    </p>
   </div>
   <div class='ocr_carea' id='block_1_29' title="bbox 2107 1409 3694 1484">
    <p class='ocr_par' dir='ltr' id='par_1_29' title="bbox 2107 1409 3694 1484">
     <span class='ocr_line' id='line_1_29' title="bbox 2107 1409 3694 1484; baseline -0.004 -17"><span class='ocrx_word' id='word_1_183' title='bbox 2107 1413 2477 1484; x_wconf 81' lang='grc' dir='ltr'>ἀναστροφῆς,</span> <span class='ocrx_word' id='word_1_184' title='bbox 2510 1410 2604 1464; x_wconf 69' lang='grc' dir='ltr'><strong>καὶ</strong></span> <span class='ocrx_word' id='word_1_185' title='bbox 2632 1410 2986 1481; x_wconf 82' lang='grc' dir='ltr'>κοινολογίας.</span> <span class='ocrx_word' id='word_1_186' title='bbox 3018 1411 3129 1482; x_wconf 79' lang='grc' dir='ltr'><strong>Τὴν</strong></span> <span class='ocrx_word' id='word_1_187' title='bbox 3160 1412 3344 1481; x_wconf 80' lang='grc' dir='ltr'>μέντοι</span> <span class='ocrx_word' id='word_1_188' title='bbox 3380 1409 3529 1464; x_wconf 86' lang='grc' dir='ltr'><strong>κατά</strong></span> <span class='ocrx_word' id='word_1_189' title='bbox 3564 1409 3694 1461; x_wconf 73' lang='grc' dir='ltr'>Θεὸν</span> 
     </span>
    </p>
   </div>
   <div class='ocr_carea' id='block_1_30' title="bbox 2101 1497 3693 1575">
    <p class='ocr_par' dir='ltr' id='par_1_30' title="bbox 2101 1497 3693 1575">
     <span class='ocr_line' id='line_1_30' title="bbox 2101 1497 3693 1575; baseline -0.004 -17"><span class='ocrx_word' id='word_1_190' title='bbox 2101 1504 2298 1574; x_wconf 81' lang='grc' dir='ltr'>λύπην,</span> <span class='ocrx_word' id='word_1_191' title='bbox 2319 1503 2413 1557; x_wconf 72' lang='grc' dir='ltr'><strong>καὶ</strong></span> <span class='ocrx_word' id='word_1_192' title='bbox 2444 1501 2644 1573; x_wconf 83' lang='grc' dir='ltr'>μᾶλλον</span> <span class='ocrx_word' id='word_1_193' title='bbox 2662 1502 2949 1575; x_wconf 75' lang='grc' dir='ltr'>ἀσκητέον,</span> <span class='ocrx_word' id='word_1_194' title='bbox 2962 1502 3061 1574; x_wconf 78' lang='grc' dir='ltr'><strong>τὴν</strong></span> <span class='ocrx_word' id='word_1_195' title='bbox 3077 1504 3161 1570; x_wconf 73' lang='grc' dir='ltr'><strong>ἐφ’</strong></span> <span class='ocrx_word' id='word_1_196' title='bbox 3177 1497 3258 1567; x_wconf 74' lang='grc' dir='ltr'>οἷς</span> <span class='ocrx_word' id='word_1_197' title='bbox 3274 1501 3693 1573; x_wconf 77' lang='grc' dir='ltr'>ἁμαρτάνομεν,</span> 
     </span>
    </p>
   </div>
   <div class='ocr_carea' id='block_1_31' title="bbox 2109 1590 3693 1666">
    <p class='ocr_par' dir='ltr' id='par_1_31' title="bbox 2109 1590 3693 1666">
     <span class='ocr_line' id='line_1_31' title="bbox 2109 1590 3693 1666; baseline -0.006 -16"><span class='ocrx_word' id='word_1_198' title='bbox 2109 1596 2203 1650; x_wconf 75' lang='grc' dir='ltr'><strong>καὶ</strong></span> <span class='ocrx_word' id='word_1_199' title='bbox 2245 1592 2618 1666; x_wconf 78' lang='grc' dir='ltr'>ρᾳθυμοῦμεν,</span> <span class='ocrx_word' id='word_1_200' title='bbox 2656 1594 2755 1648; x_wconf 75' lang='grc' dir='ltr'><strong>καὶ</strong></span> <span class='ocrx_word' id='word_1_201' title='bbox 2782 1592 2875 1647; x_wconf 76' lang='grc' dir='ltr'><strong>τὸν</strong></span> <span class='ocrx_word' id='word_1_202' title='bbox 2908 1593 3041 1647; x_wconf 75' lang='grc' dir='ltr'>Θεὸν</span> <span class='ocrx_word' id='word_1_203' title='bbox 3076 1592 3516 1665; x_wconf 75' lang='grc' dir='ltr'>παροργίζομεν.</span> <span class='ocrx_word' id='word_1_204' title='bbox 3549 1590 3693 1660; x_wconf 73' lang='grc' dir='ltr'><strong>Δῦτη</strong></span> 
     </span>
    </p>
   </div>
   <div class='ocr_carea' id='block_1_32' title="bbox 2106 1682 3694 1759">
    <p class='ocr_par' dir='ltr' id='par_1_32' title="bbox 2106 1682 3694 1759">
     <span class='ocr_line' id='line_1_32' title="bbox 2106 1682 3694 1759; baseline -0.004 -17"><span class='ocrx_word' id='word_1_205' title='bbox 2106 1688 2214 1759; x_wconf 82' lang='grc' dir='ltr'>γὰρ</span> <span class='ocrx_word' id='word_1_206' title='bbox 2249 1686 2563 1741; x_wconf 81' lang='grc' dir='ltr'>τούναντίον</span> <span class='ocrx_word' id='word_1_207' title='bbox 2584 1685 2843 1758; x_wconf 83' lang='grc' dir='ltr'>διεγείρει</span> <span class='ocrx_word' id='word_1_208' title='bbox 2865 1685 3003 1757; x_wconf 74' lang='grc' dir='ltr'>πρὸς</span> <span class='ocrx_word' id='word_1_209' title='bbox 3032 1685 3297 1757; x_wconf 76' lang='grc' dir='ltr'>ἐργασίαν</span> <span class='ocrx_word' id='word_1_210' title='bbox 3329 1682 3572 1754; x_wconf 82' lang='grc' dir='ltr'>ἀρετῶν,</span> <span class='ocrx_word' id='word_1_211' title='bbox 3606 1684 3694 1736; x_wconf 78' lang='grc' dir='ltr'><strong>καὶ</strong></span> 
     </span>
    </p>
   </div>
   <div class='ocr_carea' id='block_1_33' title="bbox 2107 1777 2737 1843">
    <p class='ocr_par' dir='ltr' id='par_1_33' title="bbox 2107 1777 2737 1843">
     <span class='ocr_line' id='line_1_33' title="bbox 2107 1777 2737 1843; baseline -0.005 -9"><span class='ocrx_word' id='word_1_212' title='bbox 2107 1780 2431 1843; x_wconf 77' lang='grc' dir='ltr'>σπουδαίους</span> <span class='ocrx_word' id='word_1_213' title='bbox 2463 1777 2737 1832; x_wconf 86' lang='grc' dir='ltr'>ἀποτελεῖ.</span> 
     </span>
    </p>
   </div>
   <div class='ocr_carea' id='block_1_34' title="bbox 490 1861 1998 1945">
    <p class='ocr_par' dir='ltr' id='par_1_34' title="bbox 490 1864 1997 1940">
     <span class='ocr_line' id='line_1_34' title="bbox 490 1864 1997 1940; baseline -0.011 -13"><span class='ocrx_word' id='word_1_214' title='bbox 490 1872 795 1928; x_wconf 85' lang='lat' dir='ltr'><strong>Tristitiam</strong></span> <span class='ocrx_word' id='word_1_215' title='bbox 825 1884 948 1940; x_wconf 73' lang='lat' dir='ltr'><strong>quae</strong></span> <span class='ocrx_word' id='word_1_216' title='bbox 976 1865 1277 1923; x_wconf 87' lang='lat' dir='ltr'><strong>secundum</strong></span> <span class='ocrx_word' id='word_1_217' title='bbox 1326 1864 1499 1919; x_wconf 92' lang='lat' dir='ltr'><strong>Deum</strong></span> <span class='ocrx_word' id='word_1_218' title='bbox 1532 1876 1639 1917; x_wconf 89' lang='lat' dir='ltr'><strong>non</strong></span> <span class='ocrx_word' id='word_1_219' title='bbox 1674 1869 1776 1927; x_wconf 82' lang='lat' dir='ltr'><strong>est,</strong></span> <span class='ocrx_word' id='word_1_220' title='bbox 1832 1872 1997 1929; x_wconf 83' lang='lat' dir='ltr'><strong>prava</strong></span> 
     </span>
    </p>
   </div>
   <div class='ocr_carea' id='block_1_35' title="bbox 2180 1861 3688 1945">
    <p class='ocr_par' dir='ltr' id='par_1_35' title="bbox 2180 1870 3688 1945">
     <span class='ocr_line' id='line_1_35' title="bbox 2180 1870 3688 1945; baseline -0.002 -18"><span class='ocrx_word' id='word_1_221' title='bbox 2180 1873 2281 1945; x_wconf 80' lang='grc' dir='ltr'><strong>Γὴν</strong></span> <span class='ocrx_word' id='word_1_222' title='bbox 2309 1872 2369 1926; x_wconf 84' lang='grc' dir='ltr'><strong>οὐ</strong></span> <span class='ocrx_word' id='word_1_223' title='bbox 2401 1870 2545 1925; x_wconf 87' lang='grc' dir='ltr'><strong>κατά</strong></span> <span class='ocrx_word' id='word_1_224' title='bbox 2577 1870 2710 1924; x_wconf 80' lang='grc' dir='ltr'>Θεὸν</span> <span class='ocrx_word' id='word_1_225' title='bbox 2746 1870 2948 1943; x_wconf 84' lang='grc' dir='ltr'>λύπην,</span> <span class='ocrx_word' id='word_1_226' title='bbox 2966 1872 3175 1942; x_wconf 77' lang='grc' dir='ltr'>φαύλης</span> <span class='ocrx_word' id='word_1_227' title='bbox 3211 1870 3453 1942; x_wconf 77' lang='grc' dir='ltr'><strong>ὀρέξεως</strong></span> <span class='ocrx_word' id='word_1_228' title='bbox 3482 1874 3688 1926; x_wconf 81' lang='grc' dir='ltr'>ἀποτυ-</span> 
     </span>
    </p>
   </div>
   <div class='ocr_carea' id='block_1_36' title="bbox 420 1958 1317 2036">
    <p class='ocr_par' dir='ltr' id='par_1_36' title="bbox 420 1958 1317 2036">
     <span class='ocr_line' id='line_1_36' title="bbox 420 1958 1317 2036; baseline -0.012 -15"><span class='ocrx_word' id='word_1_229' title='bbox 420 1964 690 2036; x_wconf 90' lang='lat' dir='ltr'><strong>cupiditas</strong></span> <span class='ocrx_word' id='word_1_230' title='bbox 714 1962 975 2017; x_wconf 82' lang='lat' dir='ltr'><strong>frustrata</strong></span> <span class='ocrx_word' id='word_1_231' title='bbox 1011 1958 1317 2015; x_wconf 85' lang='lat' dir='ltr'><strong>constituit.</strong></span> 
     </span>
    </p>
   </div>
   <div class='ocr_carea' id='block_1_37' title="bbox 488 2044 1997 2122">
    <p class='ocr_par' dir='ltr' id='par_1_37' title="bbox 488 2044 1997 2122">
     <span class='ocr_line' id='line_1_37' title="bbox 488 2044 1997 2122; baseline -0.01 -12"><span class='ocrx_word' id='word_1_232' title='bbox 488 2055 594 2122; x_wconf 86' lang='lat' dir='ltr'><strong>Qui</strong></span> <span class='ocrx_word' id='word_1_233' title='bbox 623 2054 762 2108; x_wconf 80' lang='lat' dir='ltr'><strong>febri</strong></span> <span class='ocrx_word' id='word_1_234' title='bbox 795 2060 1081 2121; x_wconf 88' lang='lat' dir='ltr'><strong>correptus</strong></span> <span class='ocrx_word' id='word_1_235' title='bbox 1133 2058 1238 2115; x_wconf 87' lang='lat' dir='ltr'><strong>est,</strong></span> <span class='ocrx_word' id='word_1_236' title='bbox 1277 2045 1455 2103; x_wconf 86' lang='lat' dir='ltr'><strong>mellis</strong></span> <span class='ocrx_word' id='word_1_237' title='bbox 1517 2053 1737 2117; x_wconf 87' lang='lat' dir='ltr'><strong>gustum</strong></span> <span class='ocrx_word' id='word_1_238' title='bbox 1791 2044 1997 2110; x_wconf 84' lang='lat' dir='ltr'><strong>nescit;</strong></span> 
     </span>
    </p>
   </div>
   <div class='ocr_carea' id='block_1_38' title="bbox 422 2133 2002 2213">
    <p class='ocr_par' dir='ltr' id='par_1_38' title="bbox 422 2133 2002 2213">
     <span class='ocr_line' id='line_1_38' title="bbox 422 2133 2002 2213; baseline -0.007 -15"><span class='ocrx_word' id='word_1_239' title='bbox 422 2160 522 2199; x_wconf 92' lang='lat' dir='ltr'><strong>nec</strong></span> <span class='ocrx_word' id='word_1_240' title='bbox 580 2142 914 2213; x_wconf 85' lang='lat' dir='ltr'><strong>spiritualem</strong></span> <span class='ocrx_word' id='word_1_241' title='bbox 970 2140 1213 2195; x_wconf 64' lang='lat' dir='ltr'><strong>laetitiam</strong></span> <span class='ocrx_word' id='word_1_242' title='bbox 1266 2136 1573 2192; x_wconf 84' lang='lat' dir='ltr'><strong>monachus</strong></span> <span class='ocrx_word' id='word_1_243' title='bbox 1617 2135 1708 2205; x_wconf 91' lang='lat' dir='ltr'><strong>qui</strong></span> <span class='ocrx_word' id='word_1_244' title='bbox 1768 2133 2002 2190; x_wconf 70' lang='lat' dir='ltr'><strong>tristitia:</strong></span> 
     </span>
    </p>
   </div>
   <div class='ocr_carea' id='block_1_39' title="bbox 421 2236 887 2293">
    <p class='ocr_par' dir='ltr' id='par_1_39' title="bbox 421 2236 887 2293">
     <span class='ocr_line' id='line_1_39' title="bbox 421 2236 887 2293; baseline -0.009 0"><span class='ocrx_word' id='word_1_245' title='bbox 421 2237 615 2293; x_wconf 86' lang='lat' dir='ltr'><strong>morbo</strong></span> <span class='ocrx_word' id='word_1_246' title='bbox 656 2236 887 2290; x_wconf 85' lang='lat' dir='ltr'><strong>laborat.</strong></span> 
     </span>
    </p>
   </div>
   <div class='ocr_carea' id='block_1_40' title="bbox 492 2319 2000 2392">
    <p class='ocr_par' dir='ltr' id='par_1_40' title="bbox 492 2319 2000 2392">
     <span class='ocr_line' id='line_1_40' title="bbox 492 2319 2000 2392; baseline -0.006 -10"><span class='ocrx_word' id='word_1_247' title='bbox 492 2327 737 2382; x_wconf 88' lang='lat' dir='ltr'><strong>Tristitia</strong></span> <span class='ocrx_word' id='word_1_248' title='bbox 768 2324 970 2382; x_wconf 84' lang='lat' dir='ltr'><strong>vermis</strong></span> <span class='ocrx_word' id='word_1_249' title='bbox 1003 2322 1185 2379; x_wconf 84' lang='lat' dir='ltr'><strong>cordis</strong></span> <span class='ocrx_word' id='word_1_250' title='bbox 1210 2331 1318 2388; x_wconf 90' lang='lat' dir='ltr'><strong>est,</strong></span> <span class='ocrx_word' id='word_1_251' title='bbox 1358 2334 1483 2392; x_wconf 65' lang='lat' dir='ltr'><strong>quae</strong></span> <span class='ocrx_word' id='word_1_252' title='bbox 1510 2319 1579 2374; x_wconf 89' lang='lat' dir='ltr'><strong>ad</strong></span> <span class='ocrx_word' id='word_1_253' title='bbox 1606 2333 1729 2375; x_wconf 87' lang='lat' dir='ltr'><strong>sese</strong></span> <span class='ocrx_word' id='word_1_254' title='bbox 1761 2327 2000 2373; x_wconf 88' lang='lat' dir='ltr'><strong>mentem</strong></span> 
     </span>
    </p>
   </div>
   <div class='ocr_carea' id='block_1_41' title="bbox 420 2418 957 2475">
    <p class='ocr_par' dir='ltr' id='par_1_41' title="bbox 420 2418 957 2475">
     <span class='ocr_line' id='line_1_41' title="bbox 420 2418 957 2475; baseline -0.007 0"><span class='ocrx_word' id='word_1_255' title='bbox 420 2419 602 2475; x_wconf 86' lang='lat' dir='ltr'><strong>trahat</strong></span> <span class='ocrx_word' id='word_1_256' title='bbox 634 2426 688 2474; x_wconf 86' lang='lat' dir='ltr'><strong>et</strong></span> <span class='ocrx_word' id='word_1_257' title='bbox 718 2418 957 2474; x_wconf 87' lang='lat' dir='ltr'><strong>divellat.</strong></span> 
     </span>
    </p>
   </div>
   <div class='ocr_carea' id='block_1_42' title="bbox 492 2505 2004 2578">
    <p class='ocr_par' dir='ltr' id='par_1_42' title="bbox 492 2505 2004 2578">
     <span class='ocr_line' id='line_1_42' title="bbox 492 2505 2004 2578; baseline -0.007 -12"><span class='ocrx_word' id='word_1_258' title='bbox 492 2511 596 2578; x_wconf 88' lang='lat' dir='ltr'><strong>Qui</strong></span> <span class='ocrx_word' id='word_1_259' title='bbox 670 2512 725 2565; x_wconf 88' lang='lat' dir='ltr'><strong>in</strong></span> <span class='ocrx_word' id='word_1_260' title='bbox 790 2525 1025 2566; x_wconf 62' lang='lat' dir='ltr'><strong>maerore</strong></span> <span class='ocrx_word' id='word_1_261' title='bbox 1078 2520 1190 2575; x_wconf 90' lang='lat' dir='ltr'><strong>est,</strong></span> <span class='ocrx_word' id='word_1_262' title='bbox 1250 2509 1297 2564; x_wconf 87' lang='lat' dir='ltr'><strong>is</strong></span> <span class='ocrx_word' id='word_1_263' title='bbox 1354 2517 1588 2563; x_wconf 85' lang='lat' dir='ltr'><strong>mentem</strong></span> <span class='ocrx_word' id='word_1_264' title='bbox 1648 2505 1715 2561; x_wconf 89' lang='lat' dir='ltr'><strong>ad</strong></span> <span class='ocrx_word' id='word_1_265' title='bbox 1762 2514 2004 2560; x_wconf 87' lang='lat' dir='ltr'><strong>contem-</strong></span> 
     </span>
    </p>
   </div>
   <div class='ocr_carea' id='block_1_43' title="bbox 420 2599 2000 2677">
    <p class='ocr_par' dir='ltr' id='par_1_43' title="bbox 420 2599 2000 2677">
     <span class='ocr_line' id='line_1_43' title="bbox 420 2599 2000 2677; baseline -0.007 -16"><span class='ocrx_word' id='word_1_266' title='bbox 420 2604 718 2677; x_wconf 87' lang='lat' dir='ltr'><strong>plationem</strong></span> <span class='ocrx_word' id='word_1_267' title='bbox 749 2604 975 2658; x_wconf 90' lang='lat' dir='ltr'><strong>minime</strong></span> <span class='ocrx_word' id='word_1_268' title='bbox 1015 2603 1294 2670; x_wconf 87' lang='lat' dir='ltr'><strong>movebit;</strong></span> <span class='ocrx_word' id='word_1_269' title='bbox 1333 2619 1433 2658; x_wconf 89' lang='lat' dir='ltr'><strong>nec</strong></span> <span class='ocrx_word' id='word_1_270' title='bbox 1464 2615 1659 2673; x_wconf 88' lang='lat' dir='ltr'><strong>puram</strong></span> <span class='ocrx_word' id='word_1_271' title='bbox 1695 2599 2000 2653; x_wconf 88' lang='lat' dir='ltr'><strong>orationem</strong></span> 
     </span>
    </p>
   </div>
   <div class='ocr_carea' id='block_1_44' title="bbox 422 2685 2002 2751">
    <p class='ocr_par' dir='ltr' id='par_1_44' title="bbox 422 2685 2002 2751">
     <span class='ocr_line' id='line_1_44' title="bbox 422 2685 2002 2751; baseline -0.006 -2"><span class='ocrx_word' id='word_1_272' title='bbox 422 2696 491 2751; x_wconf 89' lang='lat' dir='ltr'><strong>ad</strong></span> <span class='ocrx_word' id='word_1_273' title='bbox 568 2693 739 2749; x_wconf 88' lang='lat' dir='ltr'><strong>Deum</strong></span> <span class='ocrx_word' id='word_1_274' title='bbox 802 2692 1045 2749; x_wconf 91' lang='lat' dir='ltr'><strong>emittit:</strong></span> <span class='ocrx_word' id='word_1_275' title='bbox 1125 2707 1332 2747; x_wconf 72' lang='lat' dir='ltr'><strong>mmror</strong></span> <span class='ocrx_word' id='word_1_276' title='bbox 1388 2694 1534 2746; x_wconf 86' lang='lat' dir='ltr'><strong>enim</strong></span> <span class='ocrx_word' id='word_1_277' title='bbox 1601 2688 1790 2743; x_wconf 81' lang='lat' dir='ltr'><strong>virtuti</strong></span> <span class='ocrx_word' id='word_1_278' title='bbox 1853 2685 2002 2741; x_wconf 91' lang='lat' dir='ltr'><strong>omni</strong></span> 
     </span>
    </p>
   </div>
   <div class='ocr_carea' id='block_1_45' title="bbox 421 2784 608 2843">
    <p class='ocr_par' dir='ltr' id='par_1_45' title="bbox 421 2784 608 2843">
     <span class='ocr_line' id='line_1_45' title="bbox 421 2784 608 2843; baseline -0.032 1"><span class='ocrx_word' id='word_1_279' title='bbox 421 2784 608 2843; x_wconf 68' lang='lat' dir='ltr'><strong>allicit.</strong></span> 
     </span>
    </p>
   </div>
   <div class='ocr_carea' id='block_1_46' title="bbox 495 2873 1992 2939">
    <p class='ocr_par' dir='ltr' id='par_1_46' title="bbox 495 2873 1992 2939">
     <span class='ocr_line' id='line_1_46' title="bbox 495 2873 1992 2939; baseline -0.004 -7"><span class='ocrx_word' id='word_1_280' title='bbox 495 2878 684 2933; x_wconf 84' lang='lat' dir='ltr'><strong>Nullas</strong></span> <span class='ocrx_word' id='word_1_281' title='bbox 714 2876 859 2932; x_wconf 86' lang='lat' dir='ltr'><strong>vires</strong></span> <span class='ocrx_word' id='word_1_282' title='bbox 887 2875 1050 2929; x_wconf 86' lang='lat' dir='ltr'><strong>habet</strong></span> <span class='ocrx_word' id='word_1_283' title='bbox 1081 2873 1324 2939; x_wconf 90' lang='lat' dir='ltr'><strong>tristitia,</strong></span> <span class='ocrx_word' id='word_1_284' title='bbox 1357 2888 1482 2928; x_wconf 91' lang='lat' dir='ltr'><strong>cum</strong></span> <span class='ocrx_word' id='word_1_285' title='bbox 1519 2873 1749 2929; x_wconf 82' lang='lat' dir='ltr'><strong>aﬂ‘ectus</strong></span> <span class='ocrx_word' id='word_1_286' title='bbox 1769 2874 1992 2929; x_wconf 87' lang='lat' dir='ltr'><strong>absunt.</strong></span> 
     </span>
    </p>
   </div>
   <div class='ocr_carea' id='block_1_47' title="bbox 426 2962 2006 3029">
    <p class='ocr_par' dir='ltr' id='par_1_47' title="bbox 426 2962 2006 3029">
     <span class='ocr_line' id='line_1_47' title="bbox 426 2962 2006 3029; baseline -0.005 -5"><span class='ocrx_word' id='word_1_287' title='bbox 426 2970 527 3025; x_wconf 87' lang='lat' dir='ltr'><strong>Est</strong></span> <span class='ocrx_word' id='word_1_288' title='bbox 559 2968 704 3023; x_wconf 90' lang='lat' dir='ltr'><strong>enim</strong></span> <span class='ocrx_word' id='word_1_289' title='bbox 753 2981 959 3022; x_wconf 70' lang='lat' dir='ltr'><strong>maeror</strong></span> <span class='ocrx_word' id='word_1_290' title='bbox 989 2963 1283 3020; x_wconf 73' lang='lat' dir='ltr'><strong>affectuum</strong></span> <span class='ocrx_word' id='word_1_291' title='bbox 1312 2963 1658 3019; x_wconf 88' lang='lat' dir='ltr'><strong>certissimus</strong></span> <span class='ocrx_word' id='word_1_292' title='bbox 1694 2963 1876 3018; x_wconf 76' lang='lat' dir='ltr'><strong>index.</strong></span> <span class='ocrx_word' id='word_1_293' title='bbox 1902 2962 2006 3029; x_wconf 87' lang='lat' dir='ltr'><strong>Qui</strong></span> 
     </span>
    </p>
   </div>
   <div class='ocr_carea' id='block_1_48' title="bbox 423 3052 2008 3132">
    <p class='ocr_par' dir='ltr' id='par_1_48' title="bbox 423 3052 2008 3132">
     <span class='ocr_line' id='line_1_48' title="bbox 423 3052 2008 3132; baseline -0.006 -16"><span class='ocrx_word' id='word_1_294' title='bbox 423 3075 556 3132; x_wconf 85' lang='lat' dir='ltr'><strong>ergo</strong></span> <span class='ocrx_word' id='word_1_295' title='bbox 602 3058 889 3113; x_wconf 77' lang='lat' dir='ltr'><strong>all‘ectibus</strong></span> <span class='ocrx_word' id='word_1_296' title='bbox 948 3056 1282 3122; x_wconf 89' lang='lat' dir='ltr'><strong>dominatur,</strong></span> <span class='ocrx_word' id='word_1_297' title='bbox 1339 3054 1575 3109; x_wconf 75' lang='lat' dir='ltr'><strong>tristitia:</strong></span> <span class='ocrx_word' id='word_1_298' title='bbox 1634 3055 1840 3129; x_wconf 78' lang='lat' dir='ltr'><strong>pariter</strong></span> <span class='ocrx_word' id='word_1_299' title='bbox 1900 3052 2008 3107; x_wconf 79' lang='lat' dir='ltr'><strong>im-</strong></span> 
     </span>
    </p>
   </div>
   <div class='ocr_carea' id='block_1_49' title="bbox 426 3152 655 3225">
    <p class='ocr_par' dir='ltr' id='par_1_49' title="bbox 426 3152 655 3225">
     <span class='ocr_line' id='line_1_49' title="bbox 426 3152 655 3225; baseline -0.017 -16"><span class='ocrx_word' id='word_1_300' title='bbox 426 3152 655 3225; x_wconf 75' lang='lat' dir='ltr'><strong>perarit.</strong></span> 
     </span>
    </p>
   </div>
   <div class='ocr_carea' id='block_1_50' title="bbox 2101 1964 2567 2037">
    <p class='ocr_par' dir='ltr' id='par_1_50' title="bbox 2101 1964 2567 2037">
     <span class='ocr_line' id='line_1_50' title="bbox 2101 1964 2567 2037; baseline -0.002 -18"><span class='ocrx_word' id='word_1_301' title='bbox 2101 1965 2193 2037; x_wconf 90' lang='grc' dir='ltr'>χία</span> <span class='ocrx_word' id='word_1_302' title='bbox 2232 1964 2567 2037; x_wconf 82' lang='grc' dir='ltr'>συνίστησιν.</span> 
     </span>
    </p>
   </div>
   <div class='ocr_carea' id='block_1_51' title="bbox 2176 2053 3698 2127">
    <p class='ocr_par' dir='ltr' id='par_1_51' title="bbox 2176 2053 3698 2127">
     <span class='ocr_line' id='line_1_51' title="bbox 2176 2053 3698 2127; baseline 0 -16"><span class='ocrx_word' id='word_1_303' title='bbox 2176 2057 2290 2111; x_wconf 79' lang='grc' dir='ltr'>Οὐκ</span> <span class='ocrx_word' id='word_1_304' title='bbox 2326 2053 2436 2111; x_wconf 74' lang='grc' dir='ltr'>οἶδε</span> <span class='ocrx_word' id='word_1_305' title='bbox 2471 2057 2687 2127; x_wconf 85' lang='grc' dir='ltr'>μέλιτος</span> <span class='ocrx_word' id='word_1_306' title='bbox 2719 2055 2907 2125; x_wconf 82' lang='grc' dir='ltr'>γεῦσιν</span> <span class='ocrx_word' id='word_1_307' title='bbox 2950 2057 2980 2108; x_wconf 85' lang='grc' dir='ltr'>ὁ</span> <span class='ocrx_word' id='word_1_308' title='bbox 3013 2056 3320 2127; x_wconf 79' lang='grc' dir='ltr'>πυρέσσων,</span> <span class='ocrx_word' id='word_1_309' title='bbox 3362 2053 3493 2110; x_wconf 82' lang='grc' dir='ltr'>οὐδὲ</span> <span class='ocrx_word' id='word_1_310' title='bbox 3533 2071 3698 2111; x_wconf 82' lang='grc' dir='ltr'>πνεν-</span> 
     </span>
    </p>
   </div>
   <div class='ocr_carea' id='block_1_52' title="bbox 2109 2147 3313 2221">
    <p class='ocr_par' dir='ltr' id='par_1_52' title="bbox 2109 2147 3313 2221">
     <span class='ocr_line' id='line_1_52' title="bbox 2109 2147 3313 2221; baseline -0.002 -18"><span class='ocrx_word' id='word_1_311' title='bbox 2109 2150 2350 2221; x_wconf 83' lang='grc' dir='ltr'>ματικὴν</span> <span class='ocrx_word' id='word_1_312' title='bbox 2383 2149 2578 2221; x_wconf 77' lang='grc' dir='ltr'>ἡδονὴν</span> <span class='ocrx_word' id='word_1_313' title='bbox 2618 2152 2647 2203; x_wconf 86' lang='grc' dir='ltr'>ὁ</span> <span class='ocrx_word' id='word_1_314' title='bbox 2682 2148 3021 2220; x_wconf 83' lang='grc' dir='ltr'>λυπούμενος</span> <span class='ocrx_word' id='word_1_315' title='bbox 3059 2147 3313 2220; x_wconf 85' lang='grc' dir='ltr'>μοναχός.</span> 
     </span>
    </p>
   </div>
   <div class='ocr_carea' id='block_1_53' title="bbox 2171 2327 3700 2402">
    <p class='ocr_par' dir='ltr' id='par_1_53' title="bbox 2171 2327 3700 2402">
     <span class='ocr_line' id='line_1_53' title="bbox 2171 2327 3700 2402; baseline -0.003 -20"><span class='ocrx_word' id='word_1_316' title='bbox 2171 2330 2358 2400; x_wconf 85' lang='grc' dir='ltr'>Λύπη,</span> <span class='ocrx_word' id='word_1_317' title='bbox 2409 2328 2627 2398; x_wconf 83' lang='grc' dir='ltr'>σκώληξ</span> <span class='ocrx_word' id='word_1_318' title='bbox 2666 2328 2918 2402; x_wconf 86' lang='grc' dir='ltr'>καρδίας,</span> <span class='ocrx_word' id='word_1_319' title='bbox 2965 2328 3045 2390; x_wconf 84' lang='grc' dir='ltr'><strong>εἰς</strong></span> <span class='ocrx_word' id='word_1_320' title='bbox 3082 2327 3282 2399; x_wconf 80' lang='grc' dir='ltr'>ἑαυτὴν</span> <span class='ocrx_word' id='word_1_321' title='bbox 3317 2327 3572 2383; x_wconf 77' lang='grc' dir='ltr'>ἕλκουσα</span> <span class='ocrx_word' id='word_1_322' title='bbox 3611 2328 3700 2382; x_wconf 77' lang='grc' dir='ltr'><strong>καὶ</strong></span> 
     </span>
    </p>
   </div>
   <div class='ocr_carea' id='block_1_54' title="bbox 2104 2420 2732 2494">
    <p class='ocr_par' dir='ltr' id='par_1_54' title="bbox 2104 2420 2732 2494">
     <span class='ocr_line' id='line_1_54' title="bbox 2104 2420 2732 2494; baseline 0.002 -19"><span class='ocrx_word' id='word_1_323' title='bbox 2104 2421 2434 2494; x_wconf 84' lang='grc' dir='ltr'>περισπῶσα</span> <span class='ocrx_word' id='word_1_324' title='bbox 2463 2421 2555 2475; x_wconf 79' lang='grc' dir='ltr'><strong>τὸν</strong></span> <span class='ocrx_word' id='word_1_325' title='bbox 2584 2420 2732 2476; x_wconf 82' lang='grc' dir='ltr'>νοῦν.</span> 
     </span>
    </p>
   </div>
   <div class='ocr_carea' id='block_1_55' title="bbox 2187 2510 3696 2586">
    <p class='ocr_par' dir='ltr' id='par_1_55' title="bbox 2187 2510 3696 2586">
     <span class='ocr_line' id='line_1_55' title="bbox 2187 2510 3696 2586; baseline -0.001 -20"><span class='ocrx_word' id='word_1_326' title='bbox 2187 2513 2245 2566; x_wconf 87' lang='grc' dir='ltr'>Ὀ</span> <span class='ocrx_word' id='word_1_327' title='bbox 2287 2512 2630 2582; x_wconf 85' lang='grc' dir='ltr'>λυπούμενος</span> <span class='ocrx_word' id='word_1_328' title='bbox 2683 2513 2743 2567; x_wconf 87' lang='grc' dir='ltr'><strong>οὐ</strong></span> <span class='ocrx_word' id='word_1_329' title='bbox 2779 2512 2994 2584; x_wconf 80' lang='grc' dir='ltr'>κινήσει</span> <span class='ocrx_word' id='word_1_330' title='bbox 3034 2512 3125 2566; x_wconf 76' lang='grc' dir='ltr'><strong>τὸν</strong></span> <span class='ocrx_word' id='word_1_331' title='bbox 3157 2510 3284 2565; x_wconf 78' lang='grc' dir='ltr'>νοῦν</span> <span class='ocrx_word' id='word_1_332' title='bbox 3322 2512 3405 2575; x_wconf 86' lang='grc' dir='ltr'><strong>είς</strong></span> <span class='ocrx_word' id='word_1_333' title='bbox 3438 2512 3696 2586; x_wconf 82' lang='grc' dir='ltr'>θεωρίαν,</span> 
     </span>
    </p>
   </div>
   <div class='ocr_carea' id='block_1_56' title="bbox 2104 2602 3700 2676">
    <p class='ocr_par' dir='ltr' id='par_1_56' title="bbox 2104 2602 3700 2676">
     <span class='ocr_line' id='line_1_56' title="bbox 2104 2602 3700 2676; baseline -0.001 -17"><span class='ocrx_word' id='word_1_334' title='bbox 2104 2605 2225 2660; x_wconf 80' lang='grc' dir='ltr'>οὐδὲ</span> <span class='ocrx_word' id='word_1_335' title='bbox 2266 2606 2573 2676; x_wconf 85' lang='grc' dir='ltr'>προσευχὴν</span> <span class='ocrx_word' id='word_1_336' title='bbox 2621 2604 2946 2674; x_wconf 85' lang='grc' dir='ltr'>ἀναπέμπει</span> <span class='ocrx_word' id='word_1_337' title='bbox 2979 2602 3245 2675; x_wconf 75' lang='grc' dir='ltr'>καθαράν.</span> <span class='ocrx_word' id='word_1_338' title='bbox 3287 2603 3354 2657; x_wconf 84' lang='grc' dir='ltr'>Ἡ</span> <span class='ocrx_word' id='word_1_339' title='bbox 3390 2603 3551 2675; x_wconf 83' lang='grc' dir='ltr'>λύπη</span> <span class='ocrx_word' id='word_1_340' title='bbox 3600 2606 3700 2676; x_wconf 69' lang='grc' dir='ltr'>γὰρ</span> 
     </span>
    </p>
   </div>
   <div class='ocr_carea' id='block_1_57' title="bbox 2106 2696 3081 2771">
    <p class='ocr_par' dir='ltr' id='par_1_57' title="bbox 2106 2696 3081 2771">
     <span class='ocr_line' id='line_1_57' title="bbox 2106 2696 3081 2771; baseline -0.004 -17"><span class='ocrx_word' id='word_1_341' title='bbox 2106 2699 2368 2771; x_wconf 76' lang='grc' dir='ltr'>ἐμπόδιον</span> <span class='ocrx_word' id='word_1_342' title='bbox 2404 2700 2607 2761; x_wconf 79' lang='grc' dir='ltr'>παντὸς</span> <span class='ocrx_word' id='word_1_343' title='bbox 2638 2696 3081 2767; x_wconf 84' lang='grc' dir='ltr'>κατορθώματος.</span> 
     </span>
    </p>
   </div>
   <div class='ocr_carea' id='block_1_58' title="bbox 2175 2872 3704 2947">
    <p class='ocr_par' dir='ltr' id='par_1_58' title="bbox 2175 2872 3704 2947">
     <span class='ocr_line' id='line_1_58' title="bbox 2175 2872 3704 2947; baseline -0.002 -16"><span class='ocrx_word' id='word_1_344' title='bbox 2175 2877 2290 2931; x_wconf 81' lang='grc' dir='ltr'>Οὐκ</span> <span class='ocrx_word' id='word_1_345' title='bbox 2325 2875 2498 2947; x_wconf 79' lang='grc' dir='ltr'>ἰσχύει</span> <span class='ocrx_word' id='word_1_346' title='bbox 2524 2874 2695 2946; x_wconf 88' lang='grc' dir='ltr'>λύπη,</span> <span class='ocrx_word' id='word_1_347' title='bbox 2732 2874 2807 2945; x_wconf 81' lang='grc' dir='ltr'>μὴ</span> <span class='ocrx_word' id='word_1_348' title='bbox 2838 2874 3125 2946; x_wconf 89' lang='grc' dir='ltr'>παρόντων</span> <span class='ocrx_word' id='word_1_349' title='bbox 3154 2872 3370 2928; x_wconf 86' lang='grc' dir='ltr'>παθῶν.</span> <span class='ocrx_word' id='word_1_350' title='bbox 3401 2872 3578 2946; x_wconf 82' lang='grc' dir='ltr'>Δύπη</span> <span class='ocrx_word' id='word_1_351' title='bbox 3605 2874 3704 2946; x_wconf 66' lang='grc' dir='ltr'><strong>γὰρ</strong></span> 
     </span>
    </p>
   </div>
   <div class='ocr_carea' id='block_1_59' title="bbox 2106 2961 3705 3038">
    <p class='ocr_par' dir='ltr' id='par_1_59' title="bbox 2106 2961 3705 3038">
     <span class='ocr_line' id='line_1_59' title="bbox 2106 2961 3705 3038; baseline -0.003 -17"><span class='ocrx_word' id='word_1_352' title='bbox 2106 2968 2298 3023; x_wconf 88' lang='grc' dir='ltr'>παθῶν</span> <span class='ocrx_word' id='word_1_353' title='bbox 2344 2968 2567 3038; x_wconf 75' lang='grc' dir='ltr'>ἔλεγχος</span> <span class='ocrx_word' id='word_1_354' title='bbox 2619 2966 2878 3037; x_wconf 79' lang='grc' dir='ltr'>ἀψευδής.</span> <span class='ocrx_word' id='word_1_355' title='bbox 2944 2968 3006 3019; x_wconf 84' lang='lat'><strong>&#39;0</strong></span> <span class='ocrx_word' id='word_1_356' title='bbox 3050 2965 3272 3037; x_wconf 83' lang='grc' dir='ltr'>κρατῶν</span> <span class='ocrx_word' id='word_1_357' title='bbox 3324 2961 3423 3020; x_wconf 74' lang='grc' dir='ltr'>οὖν</span> <span class='ocrx_word' id='word_1_358' title='bbox 3492 2964 3705 3029; x_wconf 77' lang='grc' dir='ltr'>παθῶν,</span> 
     </span>
    </p>
   </div>
   <div class='ocr_carea' id='block_1_60' title="bbox 2108 3060 2614 3134">
    <p class='ocr_par' dir='ltr' id='par_1_60' title="bbox 2108 3060 2614 3134">
     <span class='ocr_line' id='line_1_60' title="bbox 2108 3060 2614 3134; baseline -0.008 -17"><span class='ocrx_word' id='word_1_359' title='bbox 2108 3061 2382 3134; x_wconf 77' lang='grc' dir='ltr'>ἐκράτησε</span> <span class='ocrx_word' id='word_1_360' title='bbox 2412 3060 2614 3132; x_wconf 86' lang='grc' dir='ltr'>λύπης.</span> 
     </span>
    </p>
   </div>
   <div class='ocr_carea' id='block_1_61' title="bbox 500 3224 1998 3313">
    <p class='ocr_par' dir='ltr' id='par_1_61' title="bbox 500 3234 1998 3313">
     <span class='ocr_line' id='line_1_61' title="bbox 500 3234 1998 3313; baseline -0.008 -13"><span class='ocrx_word' id='word_1_361' title='bbox 500 3246 571 3301; x_wconf 87' lang='lat' dir='ltr'><strong>Ut</strong></span> <span class='ocrx_word' id='word_1_362' title='bbox 593 3242 786 3313; x_wconf 88' lang='lat' dir='ltr'><strong>aurigo</strong></span> <span class='ocrx_word' id='word_1_363' title='bbox 809 3254 1032 3296; x_wconf 84' lang='lat' dir='ltr'><strong>sensum</strong></span> <span class='ocrx_word' id='word_1_364' title='bbox 1059 3236 1305 3308; x_wconf 89' lang='lat' dir='ltr'><strong>corporis</strong></span> <span class='ocrx_word' id='word_1_365' title='bbox 1331 3235 1521 3290; x_wconf 89' lang='lat' dir='ltr'><strong>adimit</strong></span> <span class='ocrx_word' id='word_1_366' title='bbox 1548 3253 1565 3303; x_wconf 92' lang='lat'><strong>;</strong></span> <span class='ocrx_word' id='word_1_367' title='bbox 1600 3235 1681 3291; x_wconf 87' lang='lat' dir='ltr'><strong>sic</strong></span> <span class='ocrx_word' id='word_1_368' title='bbox 1698 3234 1864 3289; x_wconf 89' lang='lat' dir='ltr'><strong>animi</strong></span> <span class='ocrx_word' id='word_1_369' title='bbox 1881 3249 1998 3290; x_wconf 85' lang='lat' dir='ltr'><strong>sen-</strong></span> 
     </span>
    </p>
   </div>
   <div class='ocr_carea' id='block_1_62' title="bbox 2180 3224 3709 3313">
    <p class='ocr_par' dir='ltr' id='par_1_62' title="bbox 2180 3238 3709 3312">
     <span class='ocr_line' id='line_1_62' title="bbox 2180 3238 3709 3312; baseline 0.001 -19"><span class='ocrx_word' id='word_1_370' title='bbox 2180 3238 2446 3312; x_wconf 80' lang='grc' dir='ltr'>Δίσθησιν</span> <span class='ocrx_word' id='word_1_371' title='bbox 2500 3238 2602 3310; x_wconf 79' lang='grc' dir='ltr'><strong>μὲν</strong></span> <span class='ocrx_word' id='word_1_372' title='bbox 2652 3238 2906 3308; x_wconf 88' lang='grc' dir='ltr'>σώματος</span> <span class='ocrx_word' id='word_1_373' title='bbox 2937 3239 3256 3309; x_wconf 73' lang='grc' dir='ltr'>ἀφαιρεῖται</span> <span class='ocrx_word' id='word_1_374' title='bbox 3312 3242 3578 3310; x_wconf 78' lang='grc' dir='ltr'>ἰκτερος·</span> <span class='ocrx_word' id='word_1_375' title='bbox 3628 3239 3709 3294; x_wconf 76' lang='grc' dir='ltr'><strong>ατο</strong></span> 
     </span>
    </p>
   </div>
   <div class='ocr_carea' id='block_1_63' title="bbox 426 3333 821 3392">
    <p class='ocr_par' dir='ltr' id='par_1_63' title="bbox 426 3333 821 3392">
     <span class='ocr_line' id='line_1_63' title="bbox 426 3333 821 3392; baseline -0.015 0"><span class='ocrx_word' id='word_1_376' title='bbox 426 3351 548 3392; x_wconf 84' lang='lat' dir='ltr'><strong>sum</strong></span> <span class='ocrx_word' id='word_1_377' title='bbox 582 3333 821 3388; x_wconf 87' lang='lat' dir='ltr'><strong>tristitia.</strong></span> 
     </span>
    </p>
   </div>
   <div class='ocr_carea' id='block_1_64' title="bbox 498 3419 2008 3493">
    <p class='ocr_par' dir='ltr' id='par_1_64' title="bbox 498 3419 2008 3493">
     <span class='ocr_line' id='line_1_64' title="bbox 498 3419 2008 3493; baseline -0.005 -12"><span class='ocrx_word' id='word_1_378' title='bbox 498 3425 674 3493; x_wconf 86' lang='lat' dir='ltr'><strong>Quem</strong></span> <span class='ocrx_word' id='word_1_379' title='bbox 714 3421 903 3479; x_wconf 86' lang='lat' dir='ltr'><strong>mundi</strong></span> <span class='ocrx_word' id='word_1_380' title='bbox 971 3428 1220 3490; x_wconf 74' lang='lat' dir='ltr'><strong>voluptas</strong></span> <span class='ocrx_word' id='word_1_381' title='bbox 1284 3433 1393 3473; x_wconf 87' lang='lat' dir='ltr'><strong>non</strong></span> <span class='ocrx_word' id='word_1_382' title='bbox 1430 3419 1644 3485; x_wconf 84' lang='lat' dir='ltr'><strong>vicerit,</strong></span> <span class='ocrx_word' id='word_1_383' title='bbox 1704 3421 1853 3475; x_wconf 85' lang='lat' dir='ltr'><strong>hunc</strong></span> <span class='ocrx_word' id='word_1_384' title='bbox 1907 3434 2008 3475; x_wconf 89' lang='lat' dir='ltr'><strong>nec</strong></span> 
     </span>
    </p>
   </div>
   <div class='ocr_carea' id='block_1_65' title="bbox 428 3507 2009 3581">
    <p class='ocr_par' dir='ltr' id='par_1_65' title="bbox 428 3507 2009 3581">
     <span class='ocr_line' id='line_1_65' title="bbox 428 3507 2009 3581; baseline -0.003 -10"><span class='ocrx_word' id='word_1_385' title='bbox 428 3531 634 3572; x_wconf 72' lang='lat' dir='ltr'><strong>mceror</strong></span> <span class='ocrx_word' id='word_1_386' title='bbox 673 3514 878 3569; x_wconf 81' lang='lat' dir='ltr'><strong>vincet.</strong></span> <span class='ocrx_word' id='word_1_387' title='bbox 909 3510 1045 3566; x_wconf 85' lang='lat' dir='ltr'><strong>Nam</strong></span> <span class='ocrx_word' id='word_1_388' title='bbox 1075 3510 1171 3581; x_wconf 91' lang='lat' dir='ltr'><strong>qui</strong></span> <span class='ocrx_word' id='word_1_389' title='bbox 1198 3509 1345 3564; x_wconf 90' lang='lat' dir='ltr'><strong>illam</strong></span> <span class='ocrx_word' id='word_1_390' title='bbox 1382 3507 1754 3579; x_wconf 84' lang='lat' dir='ltr'><strong>fugerit,huic</strong></span> <span class='ocrx_word' id='word_1_391' title='bbox 1784 3508 2009 3566; x_wconf 86' lang='lat' dir='ltr'><strong>minime</strong></span> 
     </span>
    </p>
   </div>
   <div class='ocr_carea' id='block_1_66' title="bbox 429 3611 604 3664">
    <p class='ocr_par' dir='ltr' id='par_1_66' title="bbox 429 3611 604 3664">
     <span class='ocr_line' id='line_1_66' title="bbox 429 3611 604 3664; baseline -0.011 0"><span class='ocrx_word' id='word_1_392' title='bbox 429 3611 604 3664; x_wconf 82' lang='lat' dir='ltr'><strong>cedet.</strong></span> 
     </span>
    </p>
   </div>
   <div class='ocr_carea' id='block_1_67' title="bbox 504 3693 2006 3768">
    <p class='ocr_par' dir='ltr' id='par_1_67' title="bbox 504 3693 2006 3768">
     <span class='ocr_line' id='line_1_67' title="bbox 504 3693 2006 3768; baseline -0.005 -15"><span class='ocrx_word' id='word_1_393' title='bbox 504 3698 718 3768; x_wconf 67' lang='lat' dir='ltr'><strong>Vipera:</strong></span> <span class='ocrx_word' id='word_1_394' title='bbox 779 3694 1279 3760; x_wconf 85' lang='lat' dir='ltr'><strong>medicamentum,</strong></span> <span class='ocrx_word' id='word_1_395' title='bbox 1333 3693 1379 3748; x_wconf 87' lang='lat' dir='ltr'><strong>si</strong></span> <span class='ocrx_word' id='word_1_396' title='bbox 1432 3707 1598 3763; x_wconf 88' lang='lat' dir='ltr'><strong>parce</strong></span> <span class='ocrx_word' id='word_1_397' title='bbox 1652 3693 2006 3756; x_wconf 82' lang='lat' dir='ltr'><strong>adhibeatur,</strong></span> 
     </span>
    </p>
   </div>
   <div class='ocr_carea' id='block_1_68' title="bbox 429 3785 2008 3858">
    <p class='ocr_par' dir='ltr' id='par_1_68' title="bbox 429 3785 2008 3858">
     <span class='ocr_line' id='line_1_68' title="bbox 429 3785 2008 3858; baseline -0.006 -10"><span class='ocrx_word' id='word_1_398' title='bbox 429 3792 661 3848; x_wconf 87' lang='lat' dir='ltr'><strong>aliorum</strong></span> <span class='ocrx_word' id='word_1_399' title='bbox 691 3796 1003 3858; x_wconf 87' lang='lat' dir='ltr'><strong>serpentum</strong></span> <span class='ocrx_word' id='word_1_400' title='bbox 1042 3800 1250 3842; x_wconf 86' lang='lat' dir='ltr'><strong>venena</strong></span> <span class='ocrx_word' id='word_1_401' title='bbox 1298 3785 1641 3855; x_wconf 85' lang='lat' dir='ltr'><strong>corrumpit;</strong></span> <span class='ocrx_word' id='word_1_402' title='bbox 1692 3785 1774 3840; x_wconf 87' lang='lat' dir='ltr'><strong>sin</strong></span> <span class='ocrx_word' id='word_1_403' title='bbox 1824 3796 2008 3839; x_wconf 82' lang='lat' dir='ltr'><strong>autem</strong></span> 
     </span>
    </p>
   </div>
   <div class='ocr_carea' id='block_1_69' title="bbox 431 3878 2010 3949">
    <p class='ocr_par' dir='ltr' id='par_1_69' title="bbox 431 3878 2010 3949">
     <span class='ocr_line' id='line_1_69' title="bbox 431 3878 2010 3949; baseline -0.006 -10"><span class='ocrx_word' id='word_1_404' title='bbox 431 3886 573 3940; x_wconf 80' lang='lat' dir='ltr'><strong>ultra</strong></span> <span class='ocrx_word' id='word_1_405' title='bbox 604 3882 829 3938; x_wconf 80' lang='lat' dir='ltr'><strong>modum</strong></span> <span class='ocrx_word' id='word_1_406' title='bbox 867 3879 1173 3945; x_wconf 78' lang='lat' dir='ltr'><strong>hauriatur,</strong></span> <span class='ocrx_word' id='word_1_407' title='bbox 1197 3879 1471 3933; x_wconf 84' lang='lat' dir='ltr'><strong>bibentem</strong></span> <span class='ocrx_word' id='word_1_408' title='bbox 1525 3893 1745 3949; x_wconf 84' lang='lat' dir='ltr'><strong>quoque</strong></span> <span class='ocrx_word' id='word_1_409' title='bbox 1783 3878 2010 3948; x_wconf 79' lang='lat' dir='ltr'><strong>insuper</strong></span> 
     </span>
    </p>
   </div>
   <div class='ocr_carea' id='block_1_70' title="bbox 433 3968 2010 4036">
    <p class='ocr_par' dir='ltr' id='par_1_70' title="bbox 433 3968 2010 4036">
     <span class='ocr_line' id='line_1_70' title="bbox 433 3968 2010 4036; baseline -0.007 -5"><span class='ocrx_word' id='word_1_410' title='bbox 433 3986 614 4031; x_wconf 89' lang='lat' dir='ltr'><strong>necat.</strong></span> <span class='ocrx_word' id='word_1_411' title='bbox 656 3971 1029 4030; x_wconf 81' lang='lat' dir='ltr'><strong>Consimiliter</strong></span> <span class='ocrx_word' id='word_1_412' title='bbox 1069 3969 1304 4025; x_wconf 84' lang='lat' dir='ltr'><strong>tristitiae</strong></span> <span class='ocrx_word' id='word_1_413' title='bbox 1355 3970 1591 4036; x_wconf 77' lang='lat' dir='ltr'><strong>daemon,</strong></span> <span class='ocrx_word' id='word_1_414' title='bbox 1620 3969 1668 4026; x_wconf 87' lang='lat' dir='ltr'><strong>si</strong></span> <span class='ocrx_word' id='word_1_415' title='bbox 1717 3968 2010 4024; x_wconf 85' lang='lat' dir='ltr'><strong>mediocri-</strong></span> 
     </span>
    </p>
   </div>
   <div class='ocr_carea' id='block_1_71' title="bbox 432 4060 2011 4132">
    <p class='ocr_par' dir='ltr' id='par_1_71' title="bbox 432 4060 2011 4132">
     <span class='ocr_line' id='line_1_71' title="bbox 432 4060 2011 4132; baseline -0.005 -9"><span class='ocrx_word' id='word_1_416' title='bbox 432 4077 517 4123; x_wconf 89' lang='lat' dir='ltr'><strong>ter</strong></span> <span class='ocrx_word' id='word_1_417' title='bbox 548 4068 814 4131; x_wconf 82' lang='lat' dir='ltr'><strong>incurrat,</strong></span> <span class='ocrx_word' id='word_1_418' title='bbox 843 4062 1184 4132; x_wconf 83' lang='lat' dir='ltr'><strong>voluptatum</strong></span> <span class='ocrx_word' id='word_1_419' title='bbox 1218 4075 1458 4126; x_wconf 86' lang='lat' dir='ltr'><strong>amores,</strong></span> <span class='ocrx_word' id='word_1_420' title='bbox 1500 4062 1596 4132; x_wconf 91' lang='lat' dir='ltr'><strong>qui</strong></span> <span class='ocrx_word' id='word_1_421' title='bbox 1626 4062 1694 4116; x_wconf 86' lang='lat' dir='ltr'><strong>ab</strong></span> <span class='ocrx_word' id='word_1_422' title='bbox 1722 4060 1850 4117; x_wconf 86' lang='lat' dir='ltr'><strong>aliis</strong></span> <span class='ocrx_word' id='word_1_423' title='bbox 1904 4060 2011 4115; x_wconf 81' lang='lat' dir='ltr'><strong>dae-</strong></span> 
     </span>
    </p>
   </div>
   <div class='ocr_carea' id='block_1_72' title="bbox 432 4153 2011 4231">
    <p class='ocr_par' dir='ltr' id='par_1_72' title="bbox 432 4153 2011 4231">
     <span class='ocr_line' id='line_1_72' title="bbox 432 4153 2011 4231; baseline -0.012 -7"><span class='ocrx_word' id='word_1_424' title='bbox 432 4168 690 4226; x_wconf 88' lang='lat' dir='ltr'><strong>monibus</strong></span> <span class='ocrx_word' id='word_1_425' title='bbox 719 4166 1110 4230; x_wconf 82' lang='lat' dir='ltr'><strong>immittuntur,</strong></span> <span class='ocrx_word' id='word_1_426' title='bbox 1144 4159 1493 4231; x_wconf 76' lang='lat' dir='ltr'><strong>exstinguit;</strong></span> <span class='ocrx_word' id='word_1_427' title='bbox 1523 4156 1609 4213; x_wconf 89' lang='lat' dir='ltr'><strong>sin</strong></span> <span class='ocrx_word' id='word_1_428' title='bbox 1651 4169 1780 4209; x_wconf 82' lang='lat' dir='ltr'><strong>vero</strong></span> <span class='ocrx_word' id='word_1_429' title='bbox 1841 4153 2011 4207; x_wconf 81' lang='lat' dir='ltr'><strong>vehe-</strong></span> 
     </span>
    </p>
   </div>
   <div class='ocr_carea' id='block_1_73' title="bbox 435 4246 1878 4327">
    <p class='ocr_par' dir='ltr' id='par_1_73' title="bbox 435 4246 1878 4327">
     <span class='ocr_line' id='line_1_73' title="bbox 435 4246 1878 4327; baseline -0.01 -12"><span class='ocrx_word' id='word_1_430' title='bbox 435 4261 672 4315; x_wconf 82' lang='lat' dir='ltr'><strong>mentius</strong></span> <span class='ocrx_word' id='word_1_431' title='bbox 707 4258 995 4327; x_wconf 82' lang='lat' dir='ltr'><strong>irrumpat,</strong></span> <span class='ocrx_word' id='word_1_432' title='bbox 1018 4256 1281 4311; x_wconf 82' lang='lat' dir='ltr'><strong>miseram</strong></span> <span class='ocrx_word' id='word_1_433' title='bbox 1317 4251 1559 4306; x_wconf 88' lang='lat' dir='ltr'><strong>animam</strong></span> <span class='ocrx_word' id='word_1_434' title='bbox 1591 4246 1878 4317; x_wconf 86' lang='lat' dir='ltr'><strong>demergit.</strong></span> 
     </span>
    </p>
   </div>
   <div class='ocr_carea' id='block_1_74' title="bbox 502 4341 2013 4421">
    <p class='ocr_par' dir='ltr' id='par_1_74' title="bbox 502 4341 2013 4421">
     <span class='ocr_line' id='line_1_74' title="bbox 502 4341 2013 4421; baseline -0.006 -16"><span class='ocrx_word' id='word_1_435' title='bbox 502 4351 711 4406; x_wconf 86' lang='lat' dir='ltr'><strong>Aurum</strong></span> <span class='ocrx_word' id='word_1_436' title='bbox 742 4348 1049 4421; x_wconf 89' lang='lat' dir='ltr'><strong>improbum</strong></span> <span class='ocrx_word' id='word_1_437' title='bbox 1074 4347 1269 4402; x_wconf 79' lang='lat' dir='ltr'><strong>fornax</strong></span> <span class='ocrx_word' id='word_1_438' title='bbox 1304 4353 1497 4416; x_wconf 90' lang='lat' dir='ltr'><strong>purgat</strong></span> <span class='ocrx_word' id='word_1_439' title='bbox 1522 4360 1537 4411; x_wconf 90' lang='lat'><strong>;</strong></span> <span class='ocrx_word' id='word_1_440' title='bbox 1559 4351 1615 4398; x_wconf 87' lang='lat' dir='ltr'><strong>et</strong></span> <span class='ocrx_word' id='word_1_441' title='bbox 1642 4341 1863 4397; x_wconf 87' lang='lat' dir='ltr'><strong>tristitia</strong></span> <span class='ocrx_word' id='word_1_442' title='bbox 1890 4355 2013 4411; x_wconf 63' lang='lat' dir='ltr'><strong>qua</strong></span> 
     </span>
    </p>
   </div>
   <div class='ocr_carea' id='block_1_75' title="bbox 436 4436 1727 4505">
    <p class='ocr_par' dir='ltr' id='par_1_75' title="bbox 436 4436 1727 4505">
     <span class='ocr_line' id='line_1_75' title="bbox 436 4436 1727 4505; baseline -0.008 -6"><span class='ocrx_word' id='word_1_443' title='bbox 436 4444 734 4501; x_wconf 86' lang='lat' dir='ltr'><strong>secundum</strong></span> <span class='ocrx_word' id='word_1_444' title='bbox 769 4440 941 4496; x_wconf 92' lang='lat' dir='ltr'><strong>Deum</strong></span> <span class='ocrx_word' id='word_1_445' title='bbox 976 4449 1083 4505; x_wconf 88' lang='lat' dir='ltr'><strong>est,</strong></span> <span class='ocrx_word' id='word_1_446' title='bbox 1116 4455 1211 4495; x_wconf 91' lang='lat' dir='ltr'><strong>cor</strong></span> <span class='ocrx_word' id='word_1_447' title='bbox 1268 4436 1727 4494; x_wconf 82' lang='lat' dir='ltr'><strong>contaminatum.</strong></span> 
     </span>
    </p>
   </div>
   <div class='ocr_carea' id='block_1_76' title="bbox 2111 3328 3137 3401">
    <p class='ocr_par' dir='ltr' id='par_1_76' title="bbox 2111 3328 3137 3401">
     <span class='ocr_line' id='line_1_76' title="bbox 2111 3328 3137 3401; baseline -0.003 -16"><span class='ocrx_word' id='word_1_448' title='bbox 2111 3330 2303 3401; x_wconf 88' lang='grc' dir='ltr'>σθησιν</span> <span class='ocrx_word' id='word_1_449' title='bbox 2329 3330 2385 3383; x_wconf 81' lang='grc' dir='ltr'>δὲ</span> <span class='ocrx_word' id='word_1_450' title='bbox 2404 3329 2589 3401; x_wconf 74' lang='grc' dir='ltr'>ψυχῆς</span> <span class='ocrx_word' id='word_1_451' title='bbox 2617 3331 2933 3401; x_wconf 79' lang='grc' dir='ltr'>ἀφαιρεῖται</span> <span class='ocrx_word' id='word_1_452' title='bbox 2966 3328 3137 3401; x_wconf 88' lang='grc' dir='ltr'>λύπη.</span> 
     </span>
    </p>
   </div>
   <div class='ocr_carea' id='block_1_77' title="bbox 2184 3419 3712 3491">
    <p class='ocr_par' dir='ltr' id='par_1_77' title="bbox 2184 3419 3712 3491">
     <span class='ocr_line' id='line_1_77' title="bbox 2184 3419 3712 3491; baseline 0.001 -16"><span class='ocrx_word' id='word_1_453' title='bbox 2184 3423 2282 3476; x_wconf 88' lang='grc' dir='ltr'>Ὃν</span> <span class='ocrx_word' id='word_1_454' title='bbox 2347 3422 2446 3491; x_wconf 81' lang='grc' dir='ltr'>οὐχ</span> <span class='ocrx_word' id='word_1_455' title='bbox 2495 3422 2732 3491; x_wconf 72' lang='grc' dir='ltr'>ἥττησεν</span> <span class='ocrx_word' id='word_1_456' title='bbox 2793 3419 2955 3491; x_wconf 76' lang='grc' dir='ltr'>ἡδονὴ</span> <span class='ocrx_word' id='word_1_457' title='bbox 3012 3420 3291 3491; x_wconf 77' lang='grc' dir='ltr'>κοσμικὴ,</span> <span class='ocrx_word' id='word_1_458' title='bbox 3340 3421 3548 3476; x_wconf 80' lang='grc' dir='ltr'>τοῦτον</span> <span class='ocrx_word' id='word_1_459' title='bbox 3598 3422 3712 3477; x_wconf 68' lang='grc' dir='ltr'>οὐδὲ</span> 
     </span>
    </p>
   </div>
   <div class='ocr_carea' id='block_1_78' title="bbox 2108 3512 3711 3589">
    <p class='ocr_par' dir='ltr' id='par_1_78' title="bbox 2108 3512 3711 3589">
     <span class='ocr_line' id='line_1_78' title="bbox 2108 3512 3711 3589; baseline 0.001 -21"><span class='ocrx_word' id='word_1_460' title='bbox 2108 3514 2275 3586; x_wconf 85' lang='grc' dir='ltr'>λύπη.</span> <span class='ocrx_word' id='word_1_461' title='bbox 2314 3513 2538 3583; x_wconf 77' lang='grc' dir='ltr'>Φεύγων</span> <span class='ocrx_word' id='word_1_462' title='bbox 2568 3512 2678 3585; x_wconf 88' lang='grc' dir='ltr'><strong>γάρ</strong></span> <span class='ocrx_word' id='word_1_463' title='bbox 2711 3513 2928 3584; x_wconf 70' lang='grc' dir='ltr'>ἐκείνην</span> <span class='ocrx_word' id='word_1_464' title='bbox 2962 3514 3025 3566; x_wconf 75' lang='grc' dir='ltr'><strong>οὐ</strong></span> <span class='ocrx_word' id='word_1_465' title='bbox 3060 3512 3104 3544; x_wconf 65' lang='grc'>⁸⁸</span> <span class='ocrx_word' id='word_1_466' title='bbox 3139 3512 3351 3585; x_wconf 86' lang='grc' dir='ltr'>ταύτης</span> <span class='ocrx_word' id='word_1_467' title='bbox 3380 3516 3447 3568; x_wconf 80' lang='grc' dir='ltr'><strong>οὐ</strong></span> <span class='ocrx_word' id='word_1_468' title='bbox 3499 3533 3711 3589; x_wconf 80' lang='grc' dir='ltr'>κρατη-</span> 
     </span>
    </p>
   </div>
   <div class='ocr_carea' id='block_1_79' title="bbox 2111 3606 2357 3677">
    <p class='ocr_par' dir='ltr' id='par_1_79' title="bbox 2111 3606 2357 3677">
     <span class='ocr_line' id='line_1_79' title="bbox 2111 3606 2357 3677; baseline -0.004 -16"><span class='ocrx_word' id='word_1_469' title='bbox 2111 3606 2357 3677; x_wconf 84' lang='grc' dir='ltr'>θήσεται.</span> 
     </span>
    </p>
   </div>
   <div class='ocr_carea' id='block_1_80' title="bbox 2183 3696 3712 3770">
    <p class='ocr_par' dir='ltr' id='par_1_80' title="bbox 2183 3696 3712 3770">
     <span class='ocr_line' id='line_1_80' title="bbox 2183 3696 3712 3770; baseline -0.002 -18"><span class='ocrx_word' id='word_1_470' title='bbox 2183 3697 2258 3752; x_wconf 78' lang='grc' dir='ltr'><strong>Τὺ</strong></span> <span class='ocrx_word' id='word_1_471' title='bbox 2283 3698 2577 3770; x_wconf 76' lang='grc' dir='ltr'>φάρμακον</span> <span class='ocrx_word' id='word_1_472' title='bbox 2601 3698 2702 3768; x_wconf 78' lang='grc' dir='ltr'>τῆς</span> <span class='ocrx_word' id='word_1_473' title='bbox 2730 3696 2967 3767; x_wconf 76' lang='grc' dir='ltr'>ἐχίδνης,</span> <span class='ocrx_word' id='word_1_474' title='bbox 2995 3697 3239 3769; x_wconf 88' lang='grc' dir='ltr'>μετρίως</span> <span class='ocrx_word' id='word_1_475' title='bbox 3264 3698 3369 3769; x_wconf 80' lang='grc' dir='ltr'><strong>μὲν</strong></span> <span class='ocrx_word' id='word_1_476' title='bbox 3396 3700 3712 3769; x_wconf 69' lang='grc' dir='ltr'>προσφερό-</span> 
     </span>
    </p>
   </div>
   <div class='ocr_carea' id='block_1_81' title="bbox 2114 3787 3712 3862">
    <p class='ocr_par' dir='ltr' id='par_1_81' title="bbox 2114 3787 3712 3862">
     <span class='ocr_line' id='line_1_81' title="bbox 2114 3787 3712 3862; baseline 0.001 -19"><span class='ocrx_word' id='word_1_477' title='bbox 2114 3806 2298 3861; x_wconf 88' lang='grc' dir='ltr'>μενον,</span> <span class='ocrx_word' id='word_1_478' title='bbox 2327 3787 2630 3859; x_wconf 79' lang='grc' dir='ltr'>διαφθείρει</span> <span class='ocrx_word' id='word_1_479' title='bbox 2658 3788 2787 3852; x_wconf 82' lang='grc' dir='ltr'>τοὺς</span> <span class='ocrx_word' id='word_1_480' title='bbox 2823 3789 2936 3853; x_wconf 81' lang='grc' dir='ltr'>ἰοὺς</span> <span class='ocrx_word' id='word_1_481' title='bbox 2964 3788 3072 3841; x_wconf 88' lang='grc' dir='ltr'><strong>τῶν</strong></span> <span class='ocrx_word' id='word_1_482' title='bbox 3099 3789 3277 3843; x_wconf 79' lang='grc' dir='ltr'>ἄλλων</span> <span class='ocrx_word' id='word_1_483' title='bbox 3306 3790 3554 3860; x_wconf 79' lang='grc' dir='ltr'>θηρίων,</span> <span class='ocrx_word' id='word_1_484' title='bbox 3591 3792 3712 3862; x_wconf 78' lang='grc' dir='ltr'>ἀμέ-</span> 
     </span>
    </p>
   </div>
   <div class='ocr_carea' id='block_1_82' title="bbox 2111 3881 3710 3954">
    <p class='ocr_par' dir='ltr' id='par_1_82' title="bbox 2111 3881 3710 3954">
     <span class='ocr_line' id='line_1_82' title="bbox 2111 3881 3710 3954; baseline 0.001 -19"><span class='ocrx_word' id='word_1_485' title='bbox 2111 3900 2257 3954; x_wconf 88' lang='grc' dir='ltr'>τρως</span> <span class='ocrx_word' id='word_1_486' title='bbox 2284 3883 2343 3936; x_wconf 79' lang='grc' dir='ltr'>δὲ</span> <span class='ocrx_word' id='word_1_487' title='bbox 2375 3882 2685 3953; x_wconf 86' lang='grc' dir='ltr'>πινόμενον,</span> <span class='ocrx_word' id='word_1_488' title='bbox 2710 3881 2805 3935; x_wconf 75' lang='grc' dir='ltr'>καὶ</span> <span class='ocrx_word' id='word_1_489' title='bbox 2832 3882 2924 3935; x_wconf 80' lang='grc' dir='ltr'><strong>τὸν</strong></span> <span class='ocrx_word' id='word_1_490' title='bbox 2956 3881 3181 3935; x_wconf 87' lang='grc' dir='ltr'>πίνοντα</span> <span class='ocrx_word' id='word_1_491' title='bbox 3212 3882 3710 3954; x_wconf 68' lang='grc' dir='ltr'>προσδιαφθείρειο</span> 
     </span>
    </p>
   </div>
   <div class='ocr_carea' id='block_1_83' title="bbox 2114 3974 3710 4046">
    <p class='ocr_par' dir='ltr' id='par_1_83' title="bbox 2114 3974 3710 4046">
     <span class='ocr_line' id='line_1_83' title="bbox 2114 3974 3710 4046; baseline 0.001 -18"><span class='ocrx_word' id='word_1_492' title='bbox 2114 3975 2209 4028; x_wconf 78' lang='grc' dir='ltr'><strong>καὶ</strong></span> <span class='ocrx_word' id='word_1_493' title='bbox 2238 3977 2265 4028; x_wconf 85' lang='grc' dir='ltr'>ὁ</span> <span class='ocrx_word' id='word_1_494' title='bbox 2294 3975 2393 4045; x_wconf 85' lang='grc' dir='ltr'><strong>τῆς</strong></span> <span class='ocrx_word' id='word_1_495' title='bbox 2422 3974 2601 4044; x_wconf 88' lang='grc' dir='ltr'>λύπης</span> <span class='ocrx_word' id='word_1_496' title='bbox 2650 3974 2883 4045; x_wconf 86' lang='grc' dir='ltr'>δαίμων,</span> <span class='ocrx_word' id='word_1_497' title='bbox 2945 3974 3185 4046; x_wconf 81' lang='grc' dir='ltr'>μετρίως</span> <span class='ocrx_word' id='word_1_498' title='bbox 3240 3975 3344 4045; x_wconf 81' lang='grc' dir='ltr'>μὲν</span> <span class='ocrx_word' id='word_1_499' title='bbox 3392 3976 3710 4043; x_wconf 75' lang='grc' dir='ltr'>ἐμπίπτων.</span> 
     </span>
    </p>
   </div>
   <div class='ocr_carea' id='block_1_84' title="bbox 2113 4065 3713 4138">
    <p class='ocr_par' dir='ltr' id='par_1_84' title="bbox 2113 4065 3713 4138">
     <span class='ocr_line' id='line_1_84' title="bbox 2113 4065 3713 4138; baseline -0.003 -15"><span class='ocrx_word' id='word_1_500' title='bbox 2113 4068 2329 4138; x_wconf 82' lang='grc' dir='ltr'>ἀναιρεῖ</span> <span class='ocrx_word' id='word_1_501' title='bbox 2358 4065 2456 4130; x_wconf 79' lang='grc' dir='ltr'>τὰς</span> <span class='ocrx_word' id='word_1_502' title='bbox 2485 4065 2598 4121; x_wconf 85' lang='grc' dir='ltr'><strong>ἀπὸ</strong></span> <span class='ocrx_word' id='word_1_503' title='bbox 2632 4065 2738 4120; x_wconf 86' lang='grc' dir='ltr'><strong>τῶν</strong></span> <span class='ocrx_word' id='word_1_504' title='bbox 2758 4066 2936 4121; x_wconf 76' lang='grc' dir='ltr'>ἄλλων</span> <span class='ocrx_word' id='word_1_505' title='bbox 2976 4065 3247 4136; x_wconf 81' lang='grc' dir='ltr'>δαιμόνων</span> <span class='ocrx_word' id='word_1_506' title='bbox 3273 4068 3576 4137; x_wconf 75' lang='grc' dir='ltr'>ἐνιεμένας</span> <span class='ocrx_word' id='word_1_507' title='bbox 3602 4068 3713 4136; x_wconf 76' lang='grc' dir='ltr'>φιλ-</span> 
     </span>
    </p>
   </div>
   <div class='ocr_carea' id='block_1_85' title="bbox 2113 4156 3711 4232">
    <p class='ocr_par' dir='ltr' id='par_1_85' title="bbox 2113 4156 3711 4232">
     <span class='ocr_line' id='line_1_85' title="bbox 2113 4156 3711 4232; baseline -0.001 -20"><span class='ocrx_word' id='word_1_508' title='bbox 2113 4159 2356 4231; x_wconf 82' lang='grc' dir='ltr'>ηδονίας,</span> <span class='ocrx_word' id='word_1_509' title='bbox 2398 4158 2756 4232; x_wconf 83' lang='grc' dir='ltr'>σφοδρότερον</span> <span class='ocrx_word' id='word_1_510' title='bbox 2796 4157 2853 4211; x_wconf 84' lang='grc' dir='ltr'>δὲ</span> <span class='ocrx_word' id='word_1_511' title='bbox 2921 4156 3271 4227; x_wconf 73' lang='grc' dir='ltr'>προσϐαλὼν,</span> <span class='ocrx_word' id='word_1_512' title='bbox 3320 4160 3711 4224; x_wconf 76' lang='grc' dir='ltr'>καταποντίζει</span> 
     </span>
    </p>
   </div>
   <div class='ocr_carea' id='block_1_86' title="bbox 2112 4251 2659 4324">
    <p class='ocr_par' dir='ltr' id='par_1_86' title="bbox 2112 4251 2659 4324">
     <span class='ocr_line' id='line_1_86' title="bbox 2112 4251 2659 4324; baseline -0.004 -17"><span class='ocrx_word' id='word_1_513' title='bbox 2112 4252 2211 4324; x_wconf 88' lang='grc' dir='ltr'>τὴν</span> <span class='ocrx_word' id='word_1_514' title='bbox 2243 4251 2433 4306; x_wconf 84' lang='grc' dir='ltr'>ἀθλίαν</span> <span class='ocrx_word' id='word_1_515' title='bbox 2460 4251 2659 4323; x_wconf 80' lang='grc' dir='ltr'>ψυχήν.</span> 
     </span>
    </p>
   </div>
   <div class='ocr_carea' id='block_1_87' title="bbox 2183 4339 3707 4417">
    <p class='ocr_par' dir='ltr' id='par_1_87' title="bbox 2183 4339 3707 4417">
     <span class='ocr_line' id='line_1_87' title="bbox 2183 4339 3707 4417; baseline 0.001 -20"><span class='ocrx_word' id='word_1_516' title='bbox 2183 4343 2472 4412; x_wconf 80' lang='grc' dir='ltr'>Ἀδόκιμον</span> <span class='ocrx_word' id='word_1_517' title='bbox 2494 4343 2715 4413; x_wconf 84' lang='grc' dir='ltr'>χρυσὸν,</span> <span class='ocrx_word' id='word_1_518' title='bbox 2739 4340 2981 4411; x_wconf 75' lang='grc' dir='ltr'>ἐκάθηρε</span> <span class='ocrx_word' id='word_1_519' title='bbox 3013 4339 3410 4412; x_wconf 84' lang='grc' dir='ltr'>χωνευτήριον,</span> <span class='ocrx_word' id='word_1_520' title='bbox 3436 4344 3545 4397; x_wconf 67' lang='grc' dir='ltr'>καὶ</span> <span class='ocrx_word' id='word_1_521' title='bbox 3572 4344 3707 4417; x_wconf 75' lang='grc' dir='ltr'>λύπη</span> 
     </span>
    </p>
   </div>
   <div class='ocr_carea' id='block_1_88' title="bbox 2115 4433 3196 4507">
    <p class='ocr_par' dir='ltr' id='par_1_88' title="bbox 2115 4433 3196 4507">
     <span class='ocr_line' id='line_1_88' title="bbox 2115 4433 3196 4507; baseline -0.003 -16"><span class='ocrx_word' id='word_1_522' title='bbox 2115 4436 2256 4491; x_wconf 88' lang='grc' dir='ltr'><strong>κατά</strong></span> <span class='ocrx_word' id='word_1_523' title='bbox 2288 4435 2441 4502; x_wconf 79' lang='grc' dir='ltr'>Θεὸν,</span> <span class='ocrx_word' id='word_1_524' title='bbox 2483 4434 2715 4507; x_wconf 85' lang='grc' dir='ltr'>καρδίαν</span> <span class='ocrx_word' id='word_1_525' title='bbox 2751 4433 3196 4504; x_wconf 83' lang='grc' dir='ltr'>μεμολυσμένην.</span> 
     </span>
    </p>
   </div>
   <div class='ocr_carea' id='block_1_89' title="bbox 509 4524 1998 4621">
    <p class='ocr_par' dir='ltr' id='par_1_89' title="bbox 509 4524 1998 4604">
     <span class='ocr_line' id='line_1_89' title="bbox 509 4524 1998 4604; baseline -0.008 -14"><span class='ocrx_word' id='word_1_526' title='bbox 509 4536 680 4591; x_wconf 63' lang='lat' dir='ltr'><strong>Nimia</strong></span> <span class='ocrx_word' id='word_1_527' title='bbox 720 4535 991 4604; x_wconf 90' lang='lat' dir='ltr'><strong>lignorum</strong></span> <span class='ocrx_word' id='word_1_528' title='bbox 1048 4532 1327 4604; x_wconf 85' lang='lat' dir='ltr'><strong>congeries</strong></span> <span class='ocrx_word' id='word_1_529' title='bbox 1356 4529 1630 4584; x_wconf 83' lang='lat' dir='ltr'><strong>ﬂammam</strong></span> <span class='ocrx_word' id='word_1_530' title='bbox 1662 4524 1928 4590; x_wconf 76' lang='lat' dir='ltr'><strong>sull‘ocat;</strong></span> <span class='ocrx_word' id='word_1_531' title='bbox 1958 4533 1998 4579; x_wconf 90' lang='lat' dir='ltr'><strong>el</strong></span> 
     </span>
    </p>
   </div>
   <div class='ocr_carea' id='block_1_90' title="bbox 2180 4524 3708 4621">
    <p class='ocr_par' dir='ltr' id='par_1_90' title="bbox 2188 4525 3708 4602">
     <span class='ocr_line' id='line_1_90' title="bbox 2188 4525 3708 4602; baseline -0.004 -17"><span class='ocrx_word' id='word_1_532' title='bbox 2188 4529 2399 4601; x_wconf 81' lang='grc' dir='ltr'>Πλῆθος</span> <span class='ocrx_word' id='word_1_533' title='bbox 2429 4527 2625 4595; x_wconf 80' lang='grc' dir='ltr'>ξύλων,</span> <span class='ocrx_word' id='word_1_534' title='bbox 2662 4527 2958 4598; x_wconf 85' lang='grc' dir='ltr'>συμπνίγει</span> <span class='ocrx_word' id='word_1_535' title='bbox 3002 4526 3199 4596; x_wconf 72' lang='grc' dir='ltr'>φλόγα,</span> <span class='ocrx_word' id='word_1_536' title='bbox 3233 4525 3331 4580; x_wconf 74' lang='grc' dir='ltr'>καὶ</span> <span class='ocrx_word' id='word_1_537' title='bbox 3355 4528 3551 4602; x_wconf 83' lang='grc' dir='ltr'>λύπης</span> <span class='ocrx_word' id='word_1_538' title='bbox 3583 4532 3708 4600; x_wconf 80' lang='grc' dir='ltr'>ἀμε-</span> 
     </span>
    </p>
   </div>
   <div class='ocr_carea' id='block_1_91' title="bbox 437 4616 1998 4696">
    <p class='ocr_par' dir='ltr' id='par_1_91' title="bbox 437 4617 1998 4696">
     <span class='ocr_line' id='line_1_91' title="bbox 437 4617 1998 4696; baseline -0.008 -13"><span class='ocrx_word' id='word_1_539' title='bbox 437 4628 655 4684; x_wconf 87' lang='lat' dir='ltr'><strong>tristitia</strong></span> <span class='ocrx_word' id='word_1_540' title='bbox 693 4626 985 4682; x_wconf 86' lang='lat' dir='ltr'><strong>immodica</strong></span> <span class='ocrx_word' id='word_1_541' title='bbox 1023 4626 1294 4696; x_wconf 87' lang='lat' dir='ltr'><strong>lacrymas</strong></span> <span class='ocrx_word' id='word_1_542' title='bbox 1310 4623 1502 4687; x_wconf 87' lang='lat' dir='ltr'><strong>siccat,</strong></span> <span class='ocrx_word' id='word_1_543' title='bbox 1528 4620 1825 4676; x_wconf 79' lang='lat' dir='ltr'><strong>fumantem</strong></span> <span class='ocrx_word' id='word_1_544' title='bbox 1861 4617 1998 4673; x_wconf 87' lang='lat' dir='ltr'><strong>vide-</strong></span> 
     </span>
    </p>
   </div>
   <div class='ocr_carea' id='block_1_92' title="bbox 2180 4616 3707 4696">
    <p class='ocr_par' dir='ltr' id='par_1_92' title="bbox 2180 4616 3707 4693">
     <span class='ocr_line' id='line_1_92' title="bbox 2180 4616 3707 4693; baseline 0 -22"><span class='ocrx_word' id='word_1_545' title='bbox 2180 4621 2265 4687; x_wconf 79' lang='grc' dir='ltr'>ιία,</span> <span class='ocrx_word' id='word_1_546' title='bbox 2296 4619 2542 4692; x_wconf 81' lang='grc' dir='ltr'>ξηραίνει</span> <span class='ocrx_word' id='word_1_547' title='bbox 2583 4619 2841 4691; x_wconf 85' lang='grc' dir='ltr'>δάκρυον,</span> <span class='ocrx_word' id='word_1_548' title='bbox 2876 4616 3138 4689; x_wconf 84' lang='grc' dir='ltr'>καπνώδή</span> <span class='ocrx_word' id='word_1_549' title='bbox 3169 4618 3264 4672; x_wconf 78' lang='grc' dir='ltr'>καὶ</span> <span class='ocrx_word' id='word_1_550' title='bbox 3290 4622 3593 4693; x_wconf 79' lang='grc' dir='ltr'>σκοτεινὴν</span> <span class='ocrx_word' id='word_1_551' title='bbox 3618 4625 3707 4692; x_wconf 68' lang='grc' dir='ltr'>τὴν</span> 
     </span>
    </p>
   </div>
   <div class='ocr_carea' id='block_1_93' title="bbox 435 4712 1581 4776">
    <p class='ocr_par' dir='ltr' id='par_1_93' title="bbox 435 4712 1581 4776">
     <span class='ocr_line' id='line_1_93' title="bbox 435 4712 1581 4776; baseline -0.006 -2"><span class='ocrx_word' id='word_1_552' title='bbox 435 4720 560 4776; x_wconf 88' lang='lat' dir='ltr'><strong>licet</strong></span> <span class='ocrx_word' id='word_1_553' title='bbox 588 4732 654 4773; x_wconf 90' lang='lat' dir='ltr'><strong>ac</strong></span> <span class='ocrx_word' id='word_1_554' title='bbox 681 4716 1023 4774; x_wconf 85' lang='lat' dir='ltr'><strong>tenebrosam</strong></span> <span class='ocrx_word' id='word_1_555' title='bbox 1053 4715 1290 4771; x_wconf 90' lang='lat' dir='ltr'><strong>animam</strong></span> <span class='ocrx_word' id='word_1_556' title='bbox 1330 4712 1581 4769; x_wconf 87' lang='lat' dir='ltr'><strong>reddens.</strong></span> 
     </span>
    </p>
   </div>
   <div class='ocr_carea' id='block_1_94' title="bbox 1103 4830 1411 4887">
    <p class='ocr_par' dir='ltr' id='par_1_94' title="bbox 1103 4830 1411 4887">
     <span class='ocr_line' id='line_1_94' title="bbox 1103 4830 1411 4887; baseline -0.01 0"><span class='ocrx_word' id='word_1_557' title='bbox 1103 4833 1176 4887; x_wconf 82' lang='lat' dir='ltr'><strong>De</strong></span> <span class='ocrx_word' id='word_1_558' title='bbox 1209 4830 1411 4886; x_wconf 81' lang='lat' dir='ltr'><strong>acedia.</strong></span> 
     </span>
    </p>
   </div>
   <div class='ocr_carea' id='block_1_95' title="bbox 508 4937 2007 5018">
    <p class='ocr_par' dir='ltr' id='par_1_95' title="bbox 508 4937 2007 5018">
     <span class='ocr_line' id='line_1_95' title="bbox 508 4937 2007 5018; baseline -0.008 -16"><span class='ocrx_word' id='word_1_559' title='bbox 508 4946 745 5018; x_wconf 89' lang='lat' dir='ltr'><strong>Spiritus</strong></span> <span class='ocrx_word' id='word_1_560' title='bbox 786 4945 987 5000; x_wconf 71' lang='lat' dir='ltr'><strong>acediae</strong></span> <span class='ocrx_word' id='word_1_561' title='bbox 1048 4941 1280 4997; x_wconf 73' lang='lat' dir='ltr'><strong>tristitia:</strong></span> <span class='ocrx_word' id='word_1_562' title='bbox 1324 4939 1576 5010; x_wconf 87' lang='lat' dir='ltr'><strong>spiritum</strong></span> <span class='ocrx_word' id='word_1_563' title='bbox 1642 4937 1937 4994; x_wconf 89' lang='lat' dir='ltr'><strong>comitatur</strong></span> <span class='ocrx_word' id='word_1_564' title='bbox 1990 4951 2007 4990; x_wconf 85' lang='lat'><strong>:</strong></span> 
     </span>
    </p>
   </div>
   <div class='ocr_carea' id='block_1_96' title="bbox 437 5030 2010 5106">
    <p class='ocr_par' dir='ltr' id='par_1_96' title="bbox 437 5030 2010 5106">
     <span class='ocr_line' id='line_1_96' title="bbox 437 5030 2010 5106; baseline -0.008 -11"><span class='ocrx_word' id='word_1_565' title='bbox 437 5054 567 5095; x_wconf 80' lang='lat' dir='ltr'><strong>acer</strong></span> <span class='ocrx_word' id='word_1_566' title='bbox 594 5048 776 5094; x_wconf 86' lang='lat' dir='ltr'><strong>autem</strong></span> <span class='ocrx_word' id='word_1_567' title='bbox 808 5046 969 5106; x_wconf 89' lang='lat' dir='ltr'><strong>atque</strong></span> <span class='ocrx_word' id='word_1_568' title='bbox 991 5035 1046 5089; x_wconf 91' lang='lat' dir='ltr'><strong>in</strong></span> <span class='ocrx_word' id='word_1_569' title='bbox 1081 5034 1270 5105; x_wconf 85' lang='lat' dir='ltr'><strong>primis</strong></span> <span class='ocrx_word' id='word_1_570' title='bbox 1302 5031 1482 5103; x_wconf 88' lang='lat' dir='ltr'><strong>gravis</strong></span> <span class='ocrx_word' id='word_1_571' title='bbox 1532 5040 1615 5087; x_wconf 86' lang='lat' dir='ltr'><strong>est</strong></span> <span class='ocrx_word' id='word_1_572' title='bbox 1645 5030 1735 5085; x_wconf 88' lang='lat' dir='ltr'><strong>hic</strong></span> <span class='ocrx_word' id='word_1_573' title='bbox 1777 5030 2010 5092; x_wconf 63' lang='lat' dir='ltr'><strong>daemon,</strong></span> 
     </span>
    </p>
   </div>
   <div class='ocr_carea' id='block_1_97' title="bbox 438 5120 2012 5200">
    <p class='ocr_par' dir='ltr' id='par_1_97' title="bbox 438 5120 2012 5200">
     <span class='ocr_line' id='line_1_97' title="bbox 438 5120 2012 5200; baseline -0.01 -12"><span class='ocrx_word' id='word_1_574' title='bbox 438 5143 760 5200; x_wconf 86' lang='lat' dir='ltr'><strong>semperque</strong></span> <span class='ocrx_word' id='word_1_575' title='bbox 793 5126 1079 5183; x_wconf 82' lang='lat' dir='ltr'><strong>monachis</strong></span> <span class='ocrx_word' id='word_1_576' title='bbox 1115 5126 1386 5179; x_wconf 83' lang='lat' dir='ltr'><strong>infestus:</strong></span> <span class='ocrx_word' id='word_1_577' title='bbox 1437 5122 1532 5193; x_wconf 91' lang='lat' dir='ltr'><strong>qui</strong></span> <span class='ocrx_word' id='word_1_578' title='bbox 1579 5120 1887 5193; x_wconf 69' lang='lat' dir='ltr'><strong>praesertim</strong></span> <span class='ocrx_word' id='word_1_579' title='bbox 1946 5120 2012 5173; x_wconf 91' lang='lat' dir='ltr'><strong>ad</strong></span> 
     </span>
    </p>
   </div>
   <div class='ocr_carea' id='block_1_98' title="bbox 439 5212 2015 5283">
    <p class='ocr_par' dir='ltr' id='par_1_98' title="bbox 439 5212 2015 5283">
     <span class='ocr_line' id='line_1_98' title="bbox 439 5212 2015 5283; baseline -0.007 -7"><span class='ocrx_word' id='word_1_580' title='bbox 439 5230 649 5276; x_wconf 79' lang='lat' dir='ltr'><strong>sextam</strong></span> <span class='ocrx_word' id='word_1_581' title='bbox 682 5220 874 5274; x_wconf 89' lang='lat' dir='ltr'><strong>horam</strong></span> <span class='ocrx_word' id='word_1_582' title='bbox 898 5217 1182 5283; x_wconf 89' lang='lat' dir='ltr'><strong>adoritur;</strong></span> <span class='ocrx_word' id='word_1_583' title='bbox 1220 5215 1362 5270; x_wconf 89' lang='lat' dir='ltr'><strong>unde</strong></span> <span class='ocrx_word' id='word_1_584' title='bbox 1388 5213 1723 5268; x_wconf 90' lang='lat' dir='ltr'><strong>meridianus</strong></span> <span class='ocrx_word' id='word_1_585' title='bbox 1774 5212 2015 5282; x_wconf 84' lang='lat' dir='ltr'><strong>appella-</strong></span> 
     </span>
    </p>
   </div>
   <div class='ocr_carea' id='block_1_99' title="bbox 442 5304 2012 5379">
    <p class='ocr_par' dir='ltr' id='par_1_99' title="bbox 442 5304 2012 5379">
     <span class='ocr_line' id='line_1_99' title="bbox 442 5304 2012 5379; baseline -0.007 -12"><span class='ocrx_word' id='word_1_586' title='bbox 442 5325 530 5367; x_wconf 91' lang='lat' dir='ltr'><strong>tur</strong></span> <span class='ocrx_word' id='word_1_587' title='bbox 560 5323 609 5368; x_wconf 73' lang='grc' dir='ltr'><strong>ε.</strong></span> <span class='ocrx_word' id='word_1_588' title='bbox 638 5308 931 5367; x_wconf 85' lang='lat' dir='ltr'><strong>Horrorem</strong></span> <span class='ocrx_word' id='word_1_589' title='bbox 958 5316 1013 5365; x_wconf 89' lang='lat' dir='ltr'><strong>et</strong></span> <span class='ocrx_word' id='word_1_590' title='bbox 1032 5308 1350 5379; x_wconf 86' lang='lat' dir='ltr'><strong>languorem</strong></span> <span class='ocrx_word' id='word_1_591' title='bbox 1380 5304 1555 5369; x_wconf 72' lang='lat' dir='ltr'><strong>affert,</strong></span> <span class='ocrx_word' id='word_1_592' title='bbox 1580 5304 1875 5372; x_wconf 90' lang='lat' dir='ltr'><strong>odiumque</strong></span> <span class='ocrx_word' id='word_1_593' title='bbox 1898 5310 2012 5357; x_wconf 92' lang='lat' dir='ltr'><strong>tum</strong></span> 
     </span>
    </p>
   </div>
   <div class='ocr_carea' id='block_1_100' title="bbox 513 5481 1510 5552">
    <p class='ocr_par' dir='ltr' id='par_1_100' title="bbox 513 5481 1510 5552">
     <span class='ocr_line' id='line_1_100' title="bbox 513 5481 1510 5552; baseline -0.005 -13"><span class='ocrx_word' id='word_1_594' title='bbox 513 5487 543 5527; x_wconf 76' lang='grc' dir='ltr'>ιι</span> <span class='ocrx_word' id='word_1_595' title='bbox 574 5487 617 5539; x_wconf 84' lang='grc' dir='ltr'><strong>ιι</strong></span> <span class='ocrx_word' id='word_1_596' title='bbox 643 5485 772 5541; x_wconf 83' lang='lat' dir='ltr'><strong>Cor.</strong></span> <span class='ocrx_word' id='word_1_597' title='bbox 800 5487 900 5552; x_wconf 84' lang='lat' dir='ltr'><strong>.vn,</strong></span> <span class='ocrx_word' id='word_1_598' title='bbox 936 5484 1023 5540; x_wconf 78' lang='grc'><strong>10.</strong></span> <span class='ocrx_word' id='word_1_599' title='bbox 1102 5497 1121 5521; x_wconf 74' lang='grc' dir='ltr'>ι·</span> <span class='ocrx_word' id='word_1_600' title='bbox 1160 5484 1302 5537; x_wconf 81' lang='lat' dir='ltr'><strong>Psal.</strong></span> <span class='ocrx_word' id='word_1_601' title='bbox 1341 5497 1430 5548; x_wconf 81' lang='lat' dir='ltr'><strong>xc,</strong></span> <span class='ocrx_word' id='word_1_602' title='bbox 1456 5481 1510 5536; x_wconf 87' lang='lat'><strong>6.</strong></span> 
     </span>
    </p>
   </div>
   <div class='ocr_carea' id='block_1_101' title="bbox 2115 4712 2768 4786">
    <p class='ocr_par' dir='ltr' id='par_1_101' title="bbox 2115 4712 2768 4786">
     <span class='ocr_line' id='line_1_101' title="bbox 2115 4712 2768 4786; baseline -0.002 0"><span class='ocrx_word' id='word_1_603' title='bbox 2115 4714 2291 4786; x_wconf 76' lang='grc' dir='ltr'>ψυχὴν</span> <span class='ocrx_word' id='word_1_604' title='bbox 2318 4712 2768 4785; x_wconf 79' lang='grc' dir='ltr'>ἀπεργαζομένη-</span> 
     </span>
    </p>
   </div>
   <div class='ocr_carea' id='block_1_102' title="bbox 2678 4826 3132 4895">
    <p class='ocr_par' dir='ltr' id='par_1_102' title="bbox 2678 4826 3132 4895">
     <span class='ocr_line' id='line_1_102' title="bbox 2678 4826 3132 4895; baseline 0 -14"><span class='ocrx_word' id='word_1_605' title='bbox 2678 4827 2819 4895; x_wconf 82' lang='grc' dir='ltr'>Περὶ</span> <span class='ocrx_word' id='word_1_606' title='bbox 2852 4826 3132 4895; x_wconf 59' lang='lat' dir='ltr'><strong>dammae.</strong></span> 
     </span>
    </p>
   </div>
   <div class='ocr_carea' id='block_1_103' title="bbox 2187 4937 3702 5011">
    <p class='ocr_par' dir='ltr' id='par_1_103' title="bbox 2187 4937 3702 5011">
     <span class='ocr_line' id='line_1_103' title="bbox 2187 4937 3702 5011; baseline -0.005 -16"><span class='ocrx_word' id='word_1_607' title='bbox 2187 4942 2260 4995; x_wconf 82' lang='grc' dir='ltr'>Τὸ</span> <span class='ocrx_word' id='word_1_608' title='bbox 2280 4939 2503 5011; x_wconf 80' lang='grc' dir='ltr'>πνεῦμα</span> <span class='ocrx_word' id='word_1_609' title='bbox 2544 4940 2645 5009; x_wconf 84' lang='grc' dir='ltr'><strong>τῆς</strong></span> <span class='ocrx_word' id='word_1_610' title='bbox 2686 4938 2938 5010; x_wconf 81' lang='grc' dir='ltr'>ἀκηδίας,</span> <span class='ocrx_word' id='word_1_611' title='bbox 2974 4937 3053 5008; x_wconf 83' lang='grc' dir='ltr'>τῷ</span> <span class='ocrx_word' id='word_1_612' title='bbox 3100 4938 3378 5009; x_wconf 84' lang='grc' dir='ltr'>πνεύματι</span> <span class='ocrx_word' id='word_1_613' title='bbox 3396 4941 3505 5011; x_wconf 77' lang='grc' dir='ltr'>τῆς</span> <span class='ocrx_word' id='word_1_614' title='bbox 3540 4941 3702 5010; x_wconf 74' lang='grc' dir='ltr'>λύπης</span> 
     </span>
    </p>
   </div>
   <div class='ocr_carea' id='block_1_104' title="bbox 2111 5023 3703 5101">
    <p class='ocr_par' dir='ltr' id='par_1_104' title="bbox 2111 5023 3703 5101">
     <span class='ocr_line' id='line_1_104' title="bbox 2111 5023 3703 5101; baseline -0.003 -14"><span class='ocrx_word' id='word_1_615' title='bbox 2111 5031 2427 5087; x_wconf 83' lang='grc' dir='ltr'>ἀκολουθεῖ·</span> <span class='ocrx_word' id='word_1_616' title='bbox 2457 5029 2633 5093; x_wconf 76' lang='grc' dir='ltr'>δεινὸς</span> <span class='ocrx_word' id='word_1_617' title='bbox 2664 5029 2721 5083; x_wconf 79' lang='grc' dir='ltr'>δὲ</span> <span class='ocrx_word' id='word_1_618' title='bbox 2746 5030 2839 5083; x_wconf 72' lang='grc' dir='ltr'><strong>καὶ</strong></span> <span class='ocrx_word' id='word_1_619' title='bbox 2868 5028 3177 5100; x_wconf 84' lang='grc' dir='ltr'>βαρύτατος</span> <span class='ocrx_word' id='word_1_620' title='bbox 3210 5023 3373 5093; x_wconf 76' lang='grc' dir='ltr'>οὗτος</span> <span class='ocrx_word' id='word_1_621' title='bbox 3412 5032 3444 5083; x_wconf 80' lang='grc' dir='ltr'><strong>δ</strong></span> <span class='ocrx_word' id='word_1_622' title='bbox 3475 5030 3703 5101; x_wconf 80' lang='grc' dir='ltr'>δαίμων.</span> 
     </span>
    </p>
   </div>
   <div class='ocr_carea' id='block_1_105' title="bbox 2112 5120 3706 5194">
    <p class='ocr_par' dir='ltr' id='par_1_105' title="bbox 2112 5120 3706 5194">
     <span class='ocr_line' id='line_1_105' title="bbox 2112 5120 3706 5194; baseline -0.003 -16"><span class='ocrx_word' id='word_1_623' title='bbox 2112 5126 2207 5178; x_wconf 77' lang='grc' dir='ltr'><strong>καὶ</strong></span> <span class='ocrx_word' id='word_1_624' title='bbox 2235 5125 2349 5188; x_wconf 76' lang='grc' dir='ltr'>τοῖς</span> <span class='ocrx_word' id='word_1_625' title='bbox 2386 5124 2644 5192; x_wconf 86' lang='grc' dir='ltr'>μοναχοῖς</span> <span class='ocrx_word' id='word_1_626' title='bbox 2674 5123 2761 5175; x_wconf 72' lang='grc' dir='ltr'><strong>ἀεὶ</strong></span> <span class='ocrx_word' id='word_1_627' title='bbox 2795 5121 3051 5191; x_wconf 88' lang='grc' dir='ltr'>πολεμῶν</span> <span class='ocrx_word' id='word_1_628' title='bbox 3075 5136 3088 5149; x_wconf 89' lang='grc'><strong>·</strong></span> <span class='ocrx_word' id='word_1_629' title='bbox 3120 5120 3179 5184; x_wconf 83' lang='grc' dir='ltr'>ὃς</span> <span class='ocrx_word' id='word_1_630' title='bbox 3210 5122 3384 5192; x_wconf 76' lang='grc' dir='ltr'>ἕκτην</span> <span class='ocrx_word' id='word_1_631' title='bbox 3409 5120 3569 5194; x_wconf 81' lang='grc' dir='ltr'>ὥραν</span> <span class='ocrx_word' id='word_1_632' title='bbox 3598 5124 3706 5174; x_wconf 73' lang='grc' dir='ltr'>ἐπι-</span> 
     </span>
    </p>
   </div>
   <div class='ocr_carea' id='block_1_106' title="bbox 2111 5211 3706 5285">
    <p class='ocr_par' dir='ltr' id='par_1_106' title="bbox 2111 5211 3706 5285">
     <span class='ocr_line' id='line_1_106' title="bbox 2111 5211 3706 5285; baseline -0.001 -18"><span class='ocrx_word' id='word_1_633' title='bbox 2111 5214 2320 5268; x_wconf 84' lang='grc' dir='ltr'>τίθεται</span> <span class='ocrx_word' id='word_1_634' title='bbox 2344 5211 2583 5285; x_wconf 80' lang='grc' dir='ltr'>μάλιστα</span> <span class='ocrx_word' id='word_1_635' title='bbox 2604 5229 2617 5244; x_wconf 93' lang='grc'><strong>·</strong></span> <span class='ocrx_word' id='word_1_636' title='bbox 2640 5211 2719 5266; x_wconf 75' lang='grc' dir='ltr'>διὸ</span> <span class='ocrx_word' id='word_1_637' title='bbox 2742 5214 2835 5265; x_wconf 74' lang='grc' dir='ltr'><strong>καὶ</strong></span> <span class='ocrx_word' id='word_1_638' title='bbox 2875 5212 3253 5285; x_wconf 74' lang='grc' dir='ltr'>μεσημϐρινὸς</span> <span class='ocrx_word' id='word_1_639' title='bbox 3274 5214 3537 5269; x_wconf 82' lang='grc' dir='ltr'>καλεῖται</span> <span class='ocrx_word' id='word_1_640' title='bbox 3558 5232 3573 5246; x_wconf 93' lang='grc'><strong>·</strong></span> <span class='ocrx_word' id='word_1_641' title='bbox 3595 5214 3706 5285; x_wconf 75' lang='grc' dir='ltr'>φρί-</span> 
     </span>
    </p>
   </div>
   <div class='ocr_carea' id='block_1_107' title="bbox 2114 5302 3704 5375">
    <p class='ocr_par' dir='ltr' id='par_1_107' title="bbox 2114 5302 3704 5375">
     <span class='ocr_line' id='line_1_107' title="bbox 2114 5302 3704 5375; baseline 0.001 -16"><span class='ocrx_word' id='word_1_642' title='bbox 2114 5322 2218 5375; x_wconf 88' lang='grc' dir='ltr'><strong>κην</strong></span> <span class='ocrx_word' id='word_1_643' title='bbox 2244 5302 2494 5368; x_wconf 80' lang='grc' dir='ltr'>ἐμποιῶν</span> <span class='ocrx_word' id='word_1_644' title='bbox 2531 5304 2626 5358; x_wconf 72' lang='grc' dir='ltr'><strong>καὶ</strong></span> <span class='ocrx_word' id='word_1_645' title='bbox 2670 5304 2908 5372; x_wconf 82' lang='grc' dir='ltr'>ἀτονίαν,</span> <span class='ocrx_word' id='word_1_646' title='bbox 2943 5305 3042 5357; x_wconf 74' lang='grc' dir='ltr'>καὶ</span> <span class='ocrx_word' id='word_1_647' title='bbox 3093 5306 3254 5372; x_wconf 85' lang='grc' dir='ltr'>μῖσος</span> <span class='ocrx_word' id='word_1_648' title='bbox 3285 5305 3432 5375; x_wconf 84' lang='grc' dir='ltr'>πρὸς</span> <span class='ocrx_word' id='word_1_649' title='bbox 3460 5306 3626 5361; x_wconf 76' lang='grc' dir='ltr'>αὐτόν</span> <span class='ocrx_word' id='word_1_650' title='bbox 3652 5317 3704 5360; x_wconf 65' lang='grc' dir='ltr'><strong>τε</strong></span> 
     </span>
    </p>
   </div>
   <div class='ocr_carea' id='block_1_108' title="bbox 1738 5657 2412 5745">
    <p class='ocr_par' dir='ltr' id='par_1_108' title="bbox 1738 5657 2412 5745">
     <span class='ocr_line' id='line_1_108' title="bbox 1738 5657 2412 5745; baseline -0.003 -28"><span class='ocrx_word' id='word_1_651' title='bbox 1738 5659 1969 5745; x_wconf 64' lang='lat' dir='ltr'><strong>nam;</strong></span> <span class='ocrx_word' id='word_1_652' title='bbox 2003 5657 2412 5718; x_wconf 84' lang='lat' dir='ltr'><strong>LECTIONES.</strong></span> 
     </span>
    </p>
   </div>
   <div class='ocr_carea' id='block_1_109' title="bbox 518 5812 831 5867">
    <p class='ocr_par' dir='ltr' id='par_1_109' title="bbox 518 5812 831 5867">
     <span class='ocr_line' id='line_1_109' title="bbox 518 5812 831 5867; baseline 0.003 -1"><span class='ocrx_word' id='word_1_653' title='bbox 518 5816 560 5846; x_wconf 75' lang='lat'><strong><em>“</em></strong></span> <span class='ocrx_word' id='word_1_654' title='bbox 594 5812 680 5867; x_wconf 80' lang='grc' dir='ltr'>Δί.</span> <span class='ocrx_word' id='word_1_655' title='bbox 708 5813 831 5867; x_wconf 76' lang='grc' dir='ltr'>ὑπό.</span> 
     </span>
    </p>
   </div>
  </div>
