3816 6220
164 299 304 366 145⁸1

1480 308 1575 366 DE
1600 308 1789 368 OCTO
1806 307 2066 371 VITIIS.

3271 313 3421 374 1358‘

152 414 254 464 τὸν
274 413 464 475 τόπον,
506 412 601 466 καὶ⁵
643 413 767 475 τοὺς
810 410 1282 481 συνδιατρίϐοντας
1320 410 1605 480 ἀδελφοὺς,
1642 416 1739 465 καὶ

1882 411 1948 466 ιοί
1996 409 2190 482 ipsius,
2217 418 2332 466 tum
2363 425 2470 466 una
2511 413 2971 466 commorantium
3002 411 3256 482 fratrum,
3276 434 3423 472 nec--

156 502 439 574 ρζςιθυμίαν
490 505 571 567 είς
612 504 777 575 εὐχὴν
818 505 913 558 καὶ
960 503 1304 572 ἀνάγνωσιν·
1342 502 1635 557 ὑποϐάλλει
1681 505 1739 559 δέ

151 594 455 663 λογισμοὺς
502 596 889 665 μεταϐάσεως,
925 594 1021 649 καὶ
1042 595 1227 648 τόπων
1258 594 1432 649 ἀλλων
1467 596 1562 649 καὶ
1593 596 1736 649 διαί-

151 700 257 752 της
284 684 452 755 ἄλλης
477 684 685 753 ἐνίησιν
720 684 923 756 ἔρωτα,
954 686 1050 738 καὶ
1083 684 1197 754 βίον
1215 684 1403 755 ἕτερον
1427 685 1740 756 ὑπογράφει

152 773 692 848 σωτηριωδέστερον,
724 774 820 827 καὶ
846 773 1023 827 πείθει
1047 772 1337 843 γινώσκειν
1360 774 1434 838 ὡς
1453 774 1737 828 ἀπολεῖται

154 862 241 933 μὴ
291 863 557 935 μεταϐάς.
606 867 717 920 Καὶ
776 865 913 937 πρὸς
960 865 1175 929 τούτοις
1228 869 1421 919 πεῖναν
1468 866 1741 937 ἐντίθησιν

152 958 411 1027 ἀσυνήθη
438 959 532 1011 καὶ
572 956 831 1029 διεγείρει
873 958 972 1029 τὴν
1019 957 1216 1030 ὄρεξιν.
1257 957 1491 1011 Ἔπειτα
1520 958 1614 1012 καὶ
1650 958 1741 1011 λο-

152 1049 401 1118 γισμοὺς
429 1050 663 1117 εἰσάγει,
704 1048 1075 1122 παραϐάλλειν
1110 1049 1381 1119 ἀδελφοῖς,
1412 1050 1572 1121 χάριν
1601 1050 1745 1119 ὠφε-

152 1137 315 1200 λείας
361 1138 543 1208 δῆθεν,
583 1140 615 1209 ἢ
663 1140 1039 1211 ἐπισκέψεως·
1091 1142 1184 1195 καὶ
1230 1141 1446 1208 πείσας,
1504 1142 1739 1197 ἄστατον

155 1230 514 1285 ἀποδεικνύει
566 1233 664 1287 καὶ
705 1232 1006 1303 φιλήδονον,
1053 1236 1148 1289 καὶ
1201 1234 1435 1305 ρεμϐόν·
1484 1234 1582 1289 καὶ
1623 1233 1742 1287 κατ’

152 1319 368 1388 ὀλίγον,
409 1326 701 1393 κοσμικαῖς
739 1324 990 1397 ἐνδεσμεῖ
1021 1325 1268 1397 φροντίσι
1301 1326 1396 1380 καὶ
1442 1325 1740 1396 ἀσχολίαις.

156 1411 228 1465 Et
262 1411 322 1467 δὲ
353 1413 428 1484 μὴ
452 1414 670 1489 νικήσῃ,
703 1414 875 1489 βαρὺν
916 1416 1084 1471 ὕπνον
1119 1417 1424 1487 ἐφοπλίζει,
1453 1417 1548 1472 καὶ
1571 1432 1745 1471 κατα·-

156 1501 468 1569 6απτίζων,
502 1504 753 1561 ἐντεῦθεν
793 1511 1050 1580 πειρᾶται
1101 1508 1506 1579 περιγενέσθαι.
1564 1508 1744 1578 Προσ-

157 1593 295 1663 ἡκει
321 1594 376 1647 δὲ
399 1594 486 1648 διὰ
516 1598 825 1672 προσευχῆς
842 1600 1005 1654 αὑτὸν
1020 1597 1370 1671 ἀνατρέπειν,
1386 1601 1478 1654 καὶ
1498 1599 1745 1668 ἀναγνώ-

161 1698 330 1748 σεως,
361 1686 457 1737 καὶ
485 1686 783 1760 ὑπομονῆς,
812 1690 908 1743 καὶ
943 1690 1257 1761 καρτερίας,
1289 1692 1384 1745 καὶ
1417 1692 1624 1762 ἀποχῆς
1643 1694 1746 1761 ἀρ-

158 1774 450 1845 γολογίας,
481 1778 576 1830 καὶ
603 1778 691 1832 διὰ
714 1779 808 1832 τοῦ
849 1780 1013 1850 ἔργου
1041 1781 1148 1834 τῶν
1174 1782 1394 1853 χειρῶν.

1840 518 1950 557 non
2003 501 2309 558 socordiam
2344 502 2401 556 in
2429 502 2684 572 precibus
2722 517 2788 558 ac
2842 503 3094 560 lectione.
3149 506 3230 560 Ad
3293 508 3411 564 haec

1846 595 2089 664 suggerit
2120 593 2477 665 cogitationes
2514 594 2877 665 migrationis,
2912 606 2965 650 et
2990 596 3218 652 aliorum
3251 598 3405 653 loco-

1841 699 1962 738 rum
1990 683 2323 755 alteriusque
2351 684 2585 739 instituti
2620 686 2867 741 immittit
2892 687 3240 757 cupiditatem
3271 708 3285 755 ;
3319 691 3409 745 iti-

1840 774 1966 830 dem
1996 775 2159 831 aliam
2184 777 2350 831 vitam
2388 784 2449 830 ut
2473 776 2638 831 saluti
2675 779 2941 847 aptiorem
2977 779 3254 847 describit,
3292 797 3429 836 mo--

1842 875 2045 937 netque
2095 878 2155 923 ut
2187 868 2327 923 sciat
2355 867 2502 937 quod
2534 867 2638 923 nisi
2662 869 2843 923 locum
2884 872 3175 926 mutaverit
3197 874 3407 941 peritu-

1843 973 1940 1014 rus
1967 958 2058 1013 sit.
2094 958 2361 1013 Praaterea
2401 958 2637 1013 esuriem
2704 959 2883 1029 injicit
2912 960 3314 1029 inconsuetam,
3355 971 3425 1018 et'

1842 1049 2043 1104 excitat
2066 1048 2173 1104 cibi
2228 1051 2609 1118 appetentiam.
2661 1050 2794 1107 Dein
2840 1052 3004 1106 etiam
3052 1054 3429 1127 cogitationes-

1844 1140 2073 1205 inducit,
2103 1141 2358 1210 pergendi
2387 1141 2454 1196 ad
2488 1141 2704 1208 fratres,
2737 1143 2948 1198 scilicet
2999 1144 3250 1201 utilitatis
3282 1160 3413 1216 ergo

1846 1242 1911 1283 ac
1959 1227 2313 1284 visitationis.
2340 1228 2495 1295 Quod
2534 1244 2661 1284 cum
2708 1229 2788 1284 illi
2827 1230 3183 1299 persuaserit,
3241 1229 3411 1285 levem

1843 1330 1900 1378 et
1928 1321 2353 1385 inconstantem,
2389 1322 2727 1391 voluptatum
2768 1321 3100 1385 studiosum,
3129 1322 3412 1390 vagabun-

1843 1411 2081 1481 dumque
2108 1411 2305 1477 reddit,
2333 1427 2399 1467 ac
2436 1410 2640 1466 sensim
2672 1411 2861 1466 mundi
2892 1412 3042 1468 curis
3091 1419 3146 1467 et
3177 1427 3428 1482 occupa--

1847 1501 2085 1556 tionibus
2117 1502 2323 1573 alligat.
2359 1502 2453 1557 Sin
2483 1510 2665 1555 autem
2689 1500 2971 1556 victoriam
3006 1501 3248 1556 obtinere
3308 1517 3415 1556 ne-

1844 1591 2099 1662 quiverit,
2127 1607 2344 1662 gravem
2377 1606 2632 1647 somnum
2665 1591 2929 1647 adversus
2958 1605 3089 1646 eum
3135 1600 3328 1655 armat,
3359 1601 3416 1647 et

1848 1686 2199 1757 immergens,
2230 1687 2359 1742 inde
2390 1701 2651 1757 superare
2694 1686 2909 1741 nititur.
2956 1685 3184 1757 Oportet
3234 1694 3415 1741 autem

1776 1770 1821 1826 Β
1847 1796 1943 1852 per
1970 1782 2295 1847 orationem,
2325 1791 2379 1837 et
2408 1782 2721 1847 lectionem,
2758 1790 2814 1836 et
2841 1781 3181 1851 patientiam,
3224 1797 3307 1837 ac-
3339 1792 3419 1837 to-

160 1860 482 1928 lerantiam,
510 1874 673 1933 atque
705 1867 1099 1924 abstinentiam
1134 1870 1204 1926 ab
1240 1871 1387 1926 inani
1452 1882 1726 1935 sermone,
1764 1884 1830 1923 ac
1859 1870 2099 1942 denique
2125 1886 2222 1943 per
2246 1888 2509 1928 manuum
2536 1886 2675 1943 opus
2706 1879 2762 1927 et
2794 1872 3034 1927 laborem
3092 1888 3216 1928 eum
3269 1888 3419 1932 ever.

163 1961 289 2010 tore
323 1970 386 2009 ac
415 1955 722 2027 proﬂigare.

256 2048 481 2119 Ἀκηδία
514 2052 662 2104 ἐστὶν
698 2053 886 2107 ἀτονία
924 2055 1103 2126 ψυχῆς
1140 2057 1239 2110 οὐκ
1282 2056 1511 2128 ἐχούσης
1542 2074 1743 2129 καρτε-

166 2139 305 2212 ρίαν
330 2156 345 2170 ·
380 2142 413 2212 ἦ
445 2143 708 2214 ὀλιγωρία
747 2145 925 2217 ψυχῆς
949 2149 1215 2220 νοσούσης
1242 2150 1573 2220 φιληδονίαν.

245 2257 496 2330 Νεφέλην
536 2260 763 2331 ἄνυδρον
816 2260 1014 2332 ἄνεμος
1059 2263 1296 2330 ἐλαύνει,
1337 2265 1431 2319 καὶ
1479 2266 1604 2321 νοῦν
1647 2267 1749 2322 οὐκ

167 2347 371 2420 ἔχοντα
393 2352 710 2424 καρτερίαν,
739 2354 969 2425 ἀκηδίας
996 2355 1236 2426 πνεῦμα.

246 2464 475 2532 Δένδρον
522 2463 704 2529 καλῶς
752 2466 1021 2539 πεπηγὸς,
1050 2467 1111 2520 οὐ
1155 2469 1436 2523 κατέσεισε
1467 2470 1558 2540 βία
1590 2470 1751 2524 πνεύ-

172 2568 377 2624 ματος,
407 2555 502 2607 καὶ
524 2554 701 2627 ψυχὴν
739 2555 1143 2629 ἐρηρεισμένην
1166 2559 1228 2612 ού
1254 2559 1610 2632 κατέκαμψεν
1628 2560 1751 2614 ἐπί-

170 2640 330 2706 θεσις
358 2645 604 2715 ἀκηδίας.

252 2735 391 2790 υῦτε
447 2739 612 2809 φυτὸν
662 2740 926 2804 πολλάκις
986 2743 1497 2814 μεταφυτευὸμενον
1529 2744 1753 2799 δύναται

174 2831 575 2899 καρποφορεῖν,
616 2828 740 2884 οὔτε
798 2832 1035 2902 μοναχδς
1064 2832 1361 2887 κυκλεύων.

256 2920 507 2991 Μοναχὸς
548 2922 881 2995 ἀκηδιαστὴς
932 2923 1170 2996 ἐρημίας
1205 2924 1479 2995 φρύγανον
1506 2941 1520 2954 ·
1574 2926 1754 2996 ὀλίγον

176 3010 453 3082 ἠρέμησε,
479 3011 586 3066 καὶ
613 3013 777 3067 πάλιν
808 3013 1123 3084 μετάγεται.

255 3103 372 3157 Οὐκ
392 3106 551 3176 ἀρκεῖ
571 3104 837 3177 φιληδόνῳ
870 3106 1007 3178 γυνὴ
1032 3107 1146 3179 μία,
1168 3107 1289 3161 οὐδὲ
1311 3107 1603 3179 ἀκηδιῶντι
1628 3126 1757 3165 κατ-

181 3196 424 3266 αγώγιον
444 3198 527 3255 ἓν.

1918 2056 2117 2111 Acedia
2149 2066 2229 2111 est
2284 2055 2510 2127 languor
2560 2056 2754 2110 animae
2797 2055 3085 2110 tolerantia
3139 2054 3373 2109 carentis
3400 2070 3433 2119 ς,

1848 2154 1942 2201 aut
1967 2146 2175 2202 desidia
2206 2147 2403 2201 animae
2427 2145 2762 2216 voluptatum
2786 2160 2973 2201 amore
3002 2146 3319 2201 laborantis.

1919 2259 2127 2317 Nubem
2155 2276 2296 2332 aqua
2325 2276 2551 2316 vacuam
2566 2270 2763 2317 ventus
2781 2260 3034 2332 propellit
3058 2278 3074 2326 ;
3105 2269 3159 2315 et
3187 2269 3429 2315 mentem

1851 2353 2149 2409 tolerantiae
2177 2362 2478 2425 expertem,
2511 2353 2713 2410 acediae.
2744 2354 2995 2440 spiritus.

1924 2465 2079 2521 Sicut
2105 2466 2380 2532 arborem,
2413 2483 2535 2537 quae
2567 2468 2676 2523 alte
2712 2468 2925 2524 radices
2960 2467 3096 2539 egit,
3127 2467 3212 2521 vis
3270 2466 3417 2521 venti

1852 2567 2142 2613 concutere
2181 2558 2403 2629 nequit;
2441 2558 2516 2613 ita
2544 2574 2646 2615 nec
2679 2559 2917 2616 animam
2953 2561 3114 2615 ﬁxam
3141 2567 3198 2614 et
3248 2557 3440 2613 stabi--

1852 2650 1955 2704 lem
1991 2650 2191 2705 acediae
2220 2648 2456 2722 impetus
2490 2648 2725 2706 ﬂectere.

1924 2738 2110 2809 Neque
2135 2740 2342 2811 planta,
2368 2757 2491 2811 qua:
2522 2741 2714 2797 crebro
2743 2740 2927 2796 sedem
2959 2746 3157 2803 mutat,
3210 2739 3439 2793 fructus

1854 2830 2104 2902 proferre
2136 2840 2332 2902 potest,
2372 2849 2548 2904 neque
2577 2833 2886 2888 monachus
2918 2847 3108 2903 vagus.

1926 2922 2226 2981 Monachus
2251 2925 2456 2981 acediae
2482 2926 2778 2995 obnoxius,
2811 2925 3124 2981 solitudinis
3165 2922 3445 2981 cremium.

1855 3024 1974 3082 est;
2006 3017 2229 3086 paulum
2259 3018 2594 3088 conquievit,
2626 3026 2680 3074 et
2714 3034 2907 3074 rursus
2932 3019 3040 3073 alio
3066 3017 3288 3090 migrat.

1927 3106 2046 3163 Non
2074 3108 2271 3164 sufﬁcit
2314 3110 2527 3165 libidini
2559 3111 2743 3166 dedito
2775 3126 2885 3166 una
2914 3110 3150 3178 mulier;
3180 3124 3283 3166 nec
3306 3124 3439 3166 ace-e

1858 3201 1943 3255 dia
1975 3200 2263 3268 laboranti,
2296 3216 2463 3256 unum
2495 3202 2849 3258 domicilium.

257 3284 428 3355 Οὗτος
471 3290 802 3361 φαντάζεται
835 3294 966 3357 τοὺς
1019 3294 1518 3363 ἐπισκεψομένους·
1543 3296 1759 3369 έτρισεν

1934 3292 2032 3347 llic
2059 3292 2381 3349 visitaturos
2414 3295 2746 3365 imaginatur
2770 3313 2783 3349 :
2816 3294 3001 3351 stridit
3025 3303 3220 3366 Janua,
3246 3293 3436 3349 statim

184 3384 220 3454 ἡ
256 3381 419 3452 θύρα,
460 3385 554 3437 καὶ
601 3384 813 3455 ταχέως
857 3384 1091 3457 ἐξήλατο
1115 3402 1130 3416 °
1175 3389 1358 3458 φωνὴν
1404 3388 1627 3461 ἢκουσε,
1665 3391 1761 3445 καὶ⁸

182 3473 276 3528 διὰ
306 3476 405 3546 τῆς
438 3475 653 3548 θυρίδος
682 3478 1021 3552 παρέκυψεν.
1051 3480 1144 3544 El;
1173 3481 1480 3551 ἀνάγνωσιν
1506 3484 1758 3552 καθίσας,

184 3566 395 3637 ἤρξατο
433 3567 769 3638 χασμᾶσθαι,
809 3570 905 3623 καὶ
938 3571 1074 3643 πρὸς
1106 3570 1273 3625 ὕπνον
1314 3575 1758 3645 καταφέρεσθαι·

185 3658 363 3729 τρίϐει
404 3661 504 3723 τὰς
554 3661 727 3731 ὄψεις,
758 3662 1011 3717 διατείνει
1051 3663 1152 3729 τὰς
1179 3668 1366 3736 χεῖρας
1386 3681 1400 3695 ·
1424 3666 1519 3720 τοῦ
1552 3667 1760 3738 βιϐλίου

184 3750 317 3814 τοὺς
364 3751 674 3823 ὀφθαλμοὺς
727 3754 1063 3825 ἀποστήσας,
1098 3757 1392 3821 ἐνατενίζει
1447 3758 1525 3828 τῷ
1572 3759 1759 3831 τοίχῳ.

188 3840 363 3895 Πάλιν
390 3842 723 3912 ἐπιστρέψας
751 3842 1112 3914 ἀναγινώσκει
1158 3847 1375 3917 μικρὸν,
1400 3847 1666 3913 ἀνέπτυξε
1695 3850 1764 3904 τὰ

188 3931 388 4002 φύλλα,
403 3936 829 4004 περιειργάσατο
848 3936 917 3990 τά
932 3936 1058 4007 τέλη
1080 3936 1188 3990 τῶν
1208 3937 1399 4006 λόγων·
1420 3931 1543 3993 εἶτα
1558 3940 1765 4008 πτύξας

188 4023 254 4077 τὸ
279 4022 503 4094 βιϐλίον,
535 4026 808 4097 ὑπέθηκεν
831 4027 1041 4098 αὐτὸτῇ
1068 4029 1278 4100 κεφαλῇ
1301 4031 1761 4101 προσκεφάλαιον.

277 4114 638 4188 ’Δκηδιαστὴς
678 4118 929 4189 μοναχδς,
960 4118 1088 4184 ὀξὺς
1127 4119 1227 4191 μὲν
1248 4122 1327 4186 είς
1353 4121 1647 4189 διακονίαν,
1669 4124 1764 4178 ὀκ-

190 4207 359 4277 νηρὸς
383 4206 441 4261 δὲ
476 4209 557 4272 εἰς
590 4211 919 4281 προσευχήν.

280 4296 369 4349 Ἐν
426 4298 588 4351 παντὶ
642 4298 811 4371 ἔργῳ,
849 4302 1011 4368 τάξον
1044 4300 1256 4373 σεαυτῷ
1308 4302 1527 4374 μέτρον,
1561 4304 1657 4358 καὶ
1693 4304 1769 4377 μὴ

194 4388 462 4460 πρότερον
490 4391 737 4462 ἀποστῇς
766 4393 897 4463 πρὶν
926 4392 992 4446 ἂν
1012 4393 1240 4467 τελέσῃς
1271 4394 1422 4450 αὐτό.

272 4482 624 4553 Περιπίπτων
647 4485 864 4557 ἀκηδίᾳ,
888 4488 1270 4559 παρακάλεσον
1300 4487 1399 4559 τὴν
1427 4487 1604 4559 ψυχὴν
1632 4490 1769 4558 μετά

194 4574 472 4645 δακρύων,
504 4575 679 4641 οὕτως
708 4578 877 4647 αὐτῆς
906 4580 1224 4652 κατεπᾴδων
1249 4596 1263 4611 ·
1304 4581 1488 4636 Ἰνατί
1524 4583 1768 4650 περίλυ-

1861 3385 2079 3452 exsilit;
2112 3400 2300 3441 vocem
2331 3387 2565 3451 audivit,
2594 3402 2686 3456 per
2715 3386 3013 3443 fenestram
3055 3386 3345 3458 prospicit.
3372 3384 3447 3439 Six

1862 3476 2110 3534 lectionis
2148 3492 2315 3533 causa
2347 3479 2680 3544 consederit,
2730 3479 2965 3535 oscitare
3002 3490 3058 3533 et
3086 3478 3142 3532 in
3176 3492 3441 3532 somnum,

1862 3584 2020 3624 ruere
2047 3568 2272 3639 incipit;
2300 3570 2490 3625 oculos
2516 3568 2699 3636 fricat,
2733 3586 2931 3626 manus
2960 3569 3236 3641 protendit
3262 3586 3279 3636 ;
3306 3584 3336 3624 a
3364 3568 3435 3623 li-

1861 3661 1959 3716 bro
1984 3662 2173 3717 oculos
2201 3677 2422 3718 aversos
2450 3662 2505 3718 in
2542 3662 2748 3732 pariete
2774 3661 2958 3733 deﬁgit
3002 3680 3015 3717 :
3058 3677 3276 3718 rursum
3306 3675 3449 3716 con-

1863 3770 2054 3810 versus
2083 3756 2363 3826 paululum
2396 3755 2544 3826 legit,
2583 3754 2709 3810 folia
2730 3756 2918 3821 volvit,
2953 3757 3087 3812 ﬁnes
3116 3770 3438 3811 sermonum

1863 3848 2082 3904 curiose
2111 3849 2341 3919 inquirit
2370 3865 2383 3903 :
2416 3850 2636 3903 demum
2670 3848 2875 3904 librum
2928 3847 3156 3911 claudit,
3205 3862 3454 3917 eumque

1865 3940 2027 4010 capiti
2065 3940 2349 3996 cervicalis
2372 3940 2492 3996 loco
2517 3941 2805 3997 submittit.

1941 4118 2238 4173 Monachus
2267 4116 2467 4174 acediae
2496 4117 2687 4172 morbo
2721 4126 3028 4187 correptus,
3078 4115 3146 4171 ad
3193 4112 3443 4170 ministe-

1869 4211 2012 4266 rium
2046 4219 2328 4281 promptus
2365 4217 2467 4275 est,
2495 4209 2561 4263 ad
2591 4209 2960 4279 precationem
2989 4222 3121 4263 vero
3165 4207 3368 4279 segnis.

1940 4302 1997 4360 In
2051 4304 2200 4359 omni
2250 4317 2412 4374 opere
2461 4302 2679 4357 modum
2715 4301 2808 4357 tibi
2854 4302 2955 4371 ipsi
3001 4301 3314 4373 praescribe,
3345 4315 3446 4355 nec

1871 4397 2023 4468 prius
2049 4393 2303 4459 abscede,
2341 4393 2475 4464 quin
2507 4393 2634 4449 illud
2687 4391 3003 4464 perfeceris.

1942 4488 2078 4541 Cum
2115 4487 2169 4540 in
2211 4485 2457 4541 acediam
2506 4500 2603 4541 seu
2660 4485 2877 4540 taedium
2940 4484 3261 4556 prolaberis,
3321 4483 3445 4539 ani-

1877 4594 2020 4634 mam
2050 4592 2173 4633 cum
2204 4576 2460 4647 lacrymis
2492 4576 2798 4641 cohortare,
2823 4577 2927 4631 hoc
2958 4574 3120 4630 modo
3149 4590 3269 4629 eam
3299 4574 3449 4630 velut

196 4683 317 4733 πος
357 4663 431 4730 εἴ,
490 4669 590 4722 καὶ
643 4670 798 4723 [rati
853 4671 1286 4740 συνταράττεις
1319 4690 1437 4744 με;
1468 4675 1761 4729 Ἔλπισον

1882 4679 2173 4725 excantans
2199 4684 2212 4722 :
2247 4664 2429 4731 Quare
2453 4666 2623 4720 tristis
2654 4682 2730 4732 es,
2755 4675 2805 4721 et
2832 4683 2995 4738 quare
3021 4666 3301 4719 conturbas
3321 4681 3399 4720 me
3420 4667 3447 4721 ?

197 4754 300 4809 ἐπὶ
326 4756 433 4808 τὸν
454 4758 620 4822 Θεὸν,
653 4758 749 4811 καὶ
782 4759 961 4826 αὐτὸς
1002 4761 1261 4827 ποιήσει.

276 4850 371 4901 Δεῖ
398 4850 913 4919 παρασκευάζεσθαι
945 4851 1039 4906 τὸν
1077 4854 1331 4925 μοναχὸν,
1370 4854 1446 4917 ὡς
1478 4853 1668 4926 αὔριον
1693 4873 1775 4908 τε·

203 4940 555 5011 θηξὸμενον,
601 4943 695 4995 καὶ
731 4943 805 5014 μὴ
836 4944 902 4975 ’δ’
931 4942 1073 4998 οὕτω
1112 4945 1273 4998 πάλιν
1312 4946 1373 4999 τὸ
1410 4945 1569 5017 σῶμα
1614 4945 1777 5017 θερα-

1874 4764 2039 4833 Spera
2067 4763 2122 4817 in
2155 4761 2285 4827 Deo,
2315 4772 2365 4816 et
2397 4766 2507 4832 ipse
2538 4761 2700 4831 faciet
2724 4760 2775 4817 ἀ.

1945 4855 2247 4911 Monachus
2280 4855 2355 4909 ita
2385 4863 2735 4924 comparatus
2764 4870 2887 4911 esse
2942 4853 3125 4919 debet,
3191 4863 3457 4922 tanquam

1875 4949 2115 5004 crastino
2146 4948 2235 5003 die
2259 4947 2586 5014 moriturus,
2618 4964 2682 5003 ac
2713 4947 2788 5002 ita
2808 4962 2999 5004 rursus
3025 4962 3226 5017 corpus
3256 4960 3450 5001 curare

202 5033 416 5098 πεύειν,
457 5034 534 5098 ὡς
571 5034 745 5089 πολλά
788 5034 1108 5107 ζησόμενον.
1141 5038 1215 5092 Τὸ
1254 5038 1353 5109 μὲν
1373 5039 1502 5110 γὰρ,
1530 5040 1657 5102 τοὺς
1689 5039 1761 5093 λο·

1882 5051 2134 5111 tanquam
2164 5038 2257 5093 diu
2286 5039 2553 5097 victurus.
2595 5041 2732 5095 Illud
2765 5039 2912 5096 enim
2956 5039 3156 5096 accdize
3212 5053 3307 5093 seu
3369 5036 3453 5106 pi-

204 5125 438 5193 γισμοὺς
465 5123 567 5193 τῆς
592 5124 823 5196 ἀκηδίας
866 5126 1184 5196 περικόπτει
1210 5143 1225 5161 ·
1257 5127 1317 5180 τὸ
1346 5128 1424 5193 δέ,
1456 5128 1532 5198 τῷ
1567 5127 1757 5198 σώματ

1885 5131 2058 5201 gritize
2087 5128 2445 5199 cegitationes
2502 5138 2783 5202 amputat;
2832 5128 2935 5185 hoc
2991 5137 3173 5184 autem
3235 5125 3453 5196 corpori

207 5216 466 5285 συντηρεῖ
487 5215 588 5284 τὴν
618 5217 752 5288 ῐσην
774 5217 1120 5287 ἐγκράτειαν.

290 5304 574 5377 Ἡρώτησέ
607 5326 690 5371 τις
716 5310 808 5362 τὸν
845 5310 1096 5382 γέροντα,
1121 5311 1297 5381 λέγων
1322 5329 1336 5343 ·
1386 5313 1639 5385 Ἀκηδιῶ,
1665 5314 1779 5368 Πά-

204 5411 326 5466 τερ.
352 5398 413 5451 ’0
442 5397 499 5451 δέ
530 5417 696 5470 φησιν
717 5417 731 5431 ·
760 5400 949 5469 Οὒπω,
972 5404 1181 5469 τέκνον,
1206 5404 1379 5474 ἔγνως
1410 5404 1534 5459 οὔτε
1555 5407 1654 5476 τὴν
1682 5425 1780 5460 πε-

278 5532 306 5573 d
333 5531 477 5588 Psal.
520 5536 757 5604 “1,12;
796 5536 939 5595 Psal.
976 5554 1159 5603 xxxvr,
1183 5540 1237 5595 5.

1888 5235 2175 5281 conservat
2204 5223 2527 5294 aequabilem
2556 5222 2968 5279 continentiam.

1960 5316 2192 5383 Quidam
2234 5315 2301 5370 ad
2342 5331 2528 5372 senem
2562 5314 2636 5370 ita
2660 5314 2878 5372 locutus
2934 5320 3017 5369 est
3052 5330 3065 5367 :
3114 5309 3294 5377 Pater,
3329 5322 3454 5363 ace-

1890 5409 1979 5463 dia
2033 5416 2239 5466 teneor.
2276 5407 2370 5464 ille
2420 5415 2601 5466 autem
2634 5406 2964 5481 respondit:
3023 5401 3299 5468 Nondum,
3355 5399 3457 5469 illi,

1486 5656 1715 5712 VARIA‘J
1756 5654 2161 5715 LECTIONES.

287 5746 351 5780 ιιο
376 5746 435 5803 F.
471 5750 596 5818 μὴν,
