3816 6220
392 283 526 346 1459

1872 297 1947 359 ΒΣ
1968 297 2134 358 NILI

3506 294 3643 359 1460‘

387 412 419 451 c
442 398 697 467 ignoscis,
730 414 832 457 nec
858 400 1281 461 oblectationem
1308 421 1430 477 qua:
1458 407 1745 478 diligentes
1787 411 1963 465 homi-

2089 409 2396 481 ημένουσαν
2426 410 2557 474 τοὺς
2585 408 2910 476 σπουδαίους
2923 410 3242 475 ἀπόλαυσιν,
3266 407 3387 462 οὔτε
3412 407 3517 479 τὴν
3541 409 3635 462 κό-

388 503 484 543 nes
521 498 724 557 manet,
760 506 860 548 nec
890 492 1212 564 ignavorum
1245 496 1599 566 supplicium.
1632 497 1768 553 Nam
1824 499 1963 554 alio-
1992 492 1997 495 ’

388 579 503 648 qui,
552 582 770 639 etiamsi
798 584 992 640 cellula
1029 594 1121 641 tua
1155 589 1436 645 vermibus
1470 598 1724 657 scateret,
1763 592 1965 647 tolera-

390 687 480 726 res
513 680 714 740 tamen,
750 690 851 730 nec
883 677 995 732 ullo
1040 678 1203 735 modo
1246 680 1432 736 acedia
1483 682 1793 753 langueres.

459 762 665 819 Acedia
698 781 891 822 omnes
916 768 1113 825 animae
1174 771 1466 829 facultates
1497 776 1797 845 arripiens,
1823 792 1963 831 cun—

391 861 510 909 ctos
550 860 937 926 propemodum
971 860 1131 917 simul
1166 862 1394 920 allectus
1422 881 1798 936 saepenumero
1848 883 1965 923 mo-

392 953 503 998 vet.
535 947 689 1013 Quod
717 950 938 1020 quidem
994 964 1337 1023 perspectum
1402 958 1610 1013 habens
1676 960 1962 1025 Dominus,

391 1036 567 1090 dixit:
642 1038 710 1093 In
769 1044 1031 1109 patientia
1111 1055 1282 1100 vestra
1344 1050 1678 1117 possidebitis
1752 1053 1964 1106 animas

396 1141 592 1184 vestras
620 1142 663 1186 θ.

464 1220 706 1277 Medicus
729 1225 948 1295 quidem
983 1229 1049 1282 ad
1076 1239 1404 1299 aegrotantes
1431 1248 1592 1289 mane
1615 1249 1674 1290 se
1716 1234 1965 1303 confert;

395 1315 584 1369 acedia
635 1325 815 1372 autem
853 1320 1156 1375 meridiano
1208 1331 1452 1393 tempore
1508 1327 1577 1382 ad
1642 1328 1963 1384 monachos.

465 1406 681 1463 Acediae
729 1409 958 1466 all‘ectus
992 1411 1061 1467 iis
1091 1414 1438 1482 potissimum
1461 1418 1555 1488 qui
1592 1419 1650 1473 in
1672 1419 1966 1476 solitudine

395 1495 634 1565 quietam
674 1500 839 1555 vitam
866 1502 1094 1566 ducunt,
1138 1504 1339 1560 bellum
1366 1506 1549 1563 infert.

479 1588 694 1644 Acediae
748 1590 970 1648 elfectus
1024 1606 1144 1659 est,
1203 1597 1366 1665 pedes
1436 1599 1579 1655 inter
1632 1603 1965 1671 precandum

2066 501 2222 555 λασιν
2276 500 2387 554 τῶν
2433 500 2722 573 ῥᾳθύμων.
2767 502 2921 555 Ἐπεὶ
2969 500 3269 572 σκωλήκων
3322 501 3373 553 εἰ
3424 500 3643 563 πάντως

2066 591 2385 664 ἐπέπληστό
2426 610 2521 647 σου
2564 592 2627 646 τὸ
2667 592 2897 660 κελλίον,
2930 592 3252 664 ἐκαρτέρεις
3276 591 3365 658 ἂν,
3399 591 3649 661 μηδόλως

2065 684 2326 754 ἀκηδιῶν.

2147 795 2212 848 Ἦ
2234 795 2433 865 άκηδία
2456 796 2651 850 πασῶν
2696 797 2804 850 τῶν
2843 795 2945 866 τῆς
2985 795 3164 865 ψυχῆς
3208 794 3495 866 δυνάμεων
3528 794 3646 846 ἔπι-

2065 885 2429 957 δραττομένη,
2495 888 2673 942 πάντα
2736 887 2922 958 σχεδὸν
2976 886 3114 957 ὁμοῦ
3179 885 3441 948 πολλάκις
3509 886 3655 938 κινεῖ

2066 977 2137 1031 τά
2179 977 2350 1049 πάθη.
2410 979 2581 1032 Τοῦτο
2624 980 2681 1033 δὲ
2728 979 3014 1049 γινώσκων
3065 980 3095 1031 δ
3136 978 3341 1050 Κύριος
3383 979 3645 1048 εἴρηκεν·
3718 1036 3725 1049 ,η

2081 1071 2183 1123 Ἐν
2228 1067 2304 1138 τῇ
2348 1068 2627 1140 ὑπομονῇ
2681 1068 2869 1139 ὑμῶν,
2925 1068 3237 1139 κτήσησθε
3283 1069 3393 1135 τὰς
3436 1067 3649 1137 ψυχὰς

2066 1158 2255 1229 ὑμῶν.

2141 1252 2357 1323 Ἰατρος
2382 1251 2480 1320 μὲν
2505 1251 2675 1305 ἔωθεν
2714 1251 3109 1304 ὲπισκέπτεται
3162 1248 3478 1316 νοσοῦντας,
3514 1247 3654 1321 ἀκη-

2066 1341 2152 1395 δία
2184 1342 2263 1405 δὲ,
2292 1342 2567 1413 μεσούσης
2589 1343 2687 1412 τῆς
2710 1343 2941 1413 ἡμέρας,
2982 1341 3249 1411 ἀσκητάς.

2140 1436 2266 1498 Τοῖς
2317 1437 2376 1489 ἐν
2415 1435 2640 1507 ἠσυχίᾳ,
2687 1435 2926 1505 μάλιστα
2980 1434 3208 1505 πολεμεῖ
3236 1434 3298 1486 τὺ
3345 1432 3525 1495 πάθος
3550 1432 3649 1503 τῆς

2070 1526 2321 1597 ἁκηδίας.

2142 1617 2345 1688 Ἔργον
2385 1615 2636 1686 άκηδίας,
2666 1617 2976 1685 μετακινεῖν
3022 1613 3150 1677 τοὺς
3180 1612 3348 1675 πόδας
3380 1614 3439 1665 ἐν
3468 1628 3650 1682 xpec-

395 1677 501 1733 huc
532 1689 695 1750 atque
724 1682 853 1740 illuc
876 1700 1116 1741 movere.
1148 1687 1324 1742 Ellieit
1356 1690 1543 1755 etiam,
1579 1704 1640 1747 ut
1672 1694 1796 1762 quis
1822 1711 1963 1751 nunc

2089 1677 2228 1780 μαχῇ,
2257 1677 2352 1763 καὶ
2418 1677 2775 1780 ποιεῖννδρᾷν,
2802 1706 2935 1761 ποτὲ
2968 1705 3068 1777 μὲν
3098 1707 3223 1768 τοὺς
3256 1706 3494 1774 τοίχους,
3519 1704 3651 1757 ποτε

392 1772 643 1840 parietes,
693 1792 838 1833 nunc
895 1779 1195 1849 laquearia,
1242 1799 1385 1840 nunc
1418 1785 1623 1855 aliquid
1665 1789 1811 1857 quod
1879 1789 1968 1842 in-

393 1872 480 1920 tus
537 1868 608 1921 sit
662 1880 999 1938 perspectet;
1072 1881 1128 1927 et
1181 1873 1343 1929 modo
1391 1877 1611 1945 quidem
1674 1888 1823 1933 trans
1892 1879 1969 1934 fe-

394 1966 634 2014 nestram
664 1972 873 2030 cernat,
912 1964 1076 2020 modo
1106 1982 1296 2021 aurem
1348 1970 1572 2040 arrigat,
1627 1972 1783 2040 quasi
1831 1987 1967 2027 sono

392 2050 629 2119 quodam
658 2068 783 2107 eam
807 2053 1055 2111 feriente.

945 2192 1021 2247 De
1052 2196 1200 2250 inani
1232 2198 1423 2267 gloria.

467 2318 850 2392 Inanisglorize
870 2325 1100 2384 alfectus
1145 2331 1503 2389 multiformis
1562 2344 1668 2400 est,
1726 2336 1965 2402 subtilis,

390 2425 456 2465 ac
484 2411 768 2471 diﬂiculter
792 2419 1323 2488 comprehensibilis.
1355 2424 1603 2482 Aliorum
1648 2428 1847 2498 quippe
1882 2428 1967 2483 af-

391 2502 631 2558 fectuum
663 2506 898 2577 impetus
955 2514 1232 2583 perspicui
1294 2526 1469 2582 sunt;
1524 2518 1613 2574 hic
1656 2528 1838 2574 autem
1886 2520 1967 2575 af-

391 2596 569 2655 fectus
602 2613 751 2657 tanto
776 2602 1053 2660 difﬁcilius
1090 2606 1233 2661 vinci
1264 2618 1461 2677 potest,
1527 2620 1736 2679 quanto
1774 2610 1967 2668 diﬂicic

390 2691 498 2747 lius
526 2694 969 2762 deprehenditur.
1007 2697 1217 2753 Etenim
1247 2702 1300 2754 in
1337 2702 1486 2757 omni
1517 2702 1768 2759 instituto
1799 2704 1966 2761 subo-

386 2785 549 2851 ritur,
584 2786 641 2840 in
673 2786 872 2853 forma,
921 2789 1131 2855 habitu,
1185 2792 1426 2859 incessu,
1479 2810 1631 2855 voce.
1690 2811 1963 2864 sermone,

389 2875 626 2941 silentio,
646 2877 990 2942 vestimento,
1010 2880 1276 2946 nuditate,
1292 2892 1474 2953 atque,
1498 2885 1737 2940 utsemel
1760 2885 1961 2949 dicam,

390 2964 445 3018 in
476 2965 627 3020 omni
655 2981 734 3021 re.
764 2968 1036 3021 Athletam
1071 2984 1309 3039 namque
1340 2987 1436 3041 per
1473 2974 1656 3028 omnia
1691 2976 1964 3047 contigere

2069 1801 2127 1853 δὲ
2164 1800 2255 1854 τὸν
2283 1799 2499 1871 ὄροφον,
2523 1799 2655 1852 ποτὲ
2684 1798 2741 1850 δέ
2780 1815 2833 1850 τι
2859 1796 2967 1850 τῶν
2990 1795 3219 1849 ἐνόντων
3240 1811 3255 1823 ⁶
3282 1795 3379 1847 καὶ
3402 1794 3500 1846 νῦν
3529 1793 3645 1863 μὲν,

2067 1893 2402 1963 προκύπτειν
2442 1893 2539 1945 καῖ
2560 1892 2650 1946 διὰ
2669 1890 2768 1961 τῆς
2784 1889 3014 1961 θυρίδος,
3040 1888 3135 1941 νῦν
3175 1887 3255 1950 δὲ,
3301 1886 3365 1938 τὸ
3394 1883 3490 1949 οὖς
3544 1885 3645 1938 ὑπ-

2067 1984 2235 2056 έχειν,
2277 1984 2353 2048 ὡς
2404 1984 2537 2054 ἤχου
2587 1983 2732 2048 τινὸς
2768 1982 3219 2054 προσϐάλλοντος.

2579 2205 2716 2274 Περὶ
2765 2202 3132 2269 κενοδοξίας.

2138 2342 2212 2395 Τὸ
2255 2341 2354 2411 τῆς
2416 2337 2724 2403 κενοδοξίας
2761 2338 2956 2405 πάθος,
3009 2335 3366 2407 πολύμορφόν
3415 2333 3655 2388 ἐστικαὶ

2066 2435 2285 2501 λεπτὸν,
2323 2436 2417 2489 καὶ¹
2444 2434 2917 2505 δυσκατάληπτος).
2946 2432 3069 2486 Τῶν
3108 2432 3207 2499 μὲν
3227 2429 3409 2485 ἄλλων
3437 2426 3649 2493 παθῶν,

2067 2529 2122 2582 αἱ
2152 2526 2453 2600 προσϐολαὶ
2471 2526 2721 2599 φανεραί*
2750 2523 2913 2580 τοῦτο
2926 2524 2985 2579 δὲ
3003 2522 3259 2577 τοσοῦτόν
3273 2523 3397 2574 ἐστι
3413 2519 3657 2573 δυσκατ-

2066 2620 2390 2691 αγώνιστον,
2417 2621 2541 2674 ὅσον
2570 2620 2665 2673 καὶ
2708 2617 3147 2688 δυσφωρότατον.
3180 2613 3351 2667 Παντὶ
3391 2613 3507 2681 γάρ
3536 2613 3654 2664 ὲπι-

2066 2713 2369 2785 τηδεύματι
2401 2710 2833 2783 παρυφίσταται,
2864 2710 2960 2763 καὶ
2998 2709 3205 2779 μορφῇ,
3252 2706 3347 2759 καὶ
3386 2705 3649 2773 σχήματι,

2067 2804 2162 2858 καὶ
2187 2802 2502 2873 βαδίσματι,
2534 2801 2629 2857 καὶ
2657 2802 2835 2871 φωνῇ,
2861 2800 2956 2853 καὶ
2980 2799 3144 2868 λόγῳ,
3178 2797 3274 2850 καὶ
3317 2796 3532 2864 σιωπῇ,
3566 2793 3656 2845 καὶ

2067 2895 2463 2968 περιϐλήματι,
2527 2896 2624 2948 καὶ
2678 2896 3007 2964 γυμνότητι,
3053 2891 3152 2943 καὶ
3203 2888 3397 2951 ἁπλῶς
3456 2887 3650 2949 εἰπεῖν,

2067 2989 2230 3043 παντὶ
2261 2988 2570 3058 πράγματι.
2616 2987 2716 3040 Διά
2754 2988 2971 3040 πάντων
3018 2985 3128 3055 γὰρ
3162 2981 3447 3052 ἐπιχειρεῖ
3485 2995 3661 3031 κατασ

389 3063 659 3120 conatur;
692 3064 748 3111 et
772 3072 933 3126 quem
968 3074 1061 3126 per
1097 3058 1361 3114 honorem
1390 3062 1581 3117 elferre
1628 3080 1735 3119 non
1757 3069 1959 3135 potuit,

2089 3079 2309 3148 ςοξεύειν
2337 3079 2430 3133 τὸν
2463 3079 2706 3150 ἀθλητήν
2727 3092 2742 3108 ⁸
2769 3078 2864 3132 καὶ
2889 3077 2946 3130 ὃν
2974 3077 3075 3129 οὐκ
3102 3073 3345 3143 ἠδυνήθη
3369 3072 3465 3124 διά
3490 3068 3653 3139 τιμῆς

394 3146 536 3201 hunc
568 3164 668 3217 per
705 3157 1056 3219 contemptus
1083 3151 1429 3207 tolerantiam
1460 3154 1697 3224 dejicere
1718 3158 1959 3213 molitur.

393 3235 653 3307 Utrinque
700 3239 844 3295 enim
871 3255 936 3296 ac
962 3257 1059 3312 per
1085 3245 1356 3299 contraria
1377 3245 1609 3313 obsidet,
1650 3258 1811 3319 atque
1835 3267 1962 3306 eum

387 3330 482 3397 qui
514 3331 687 3386 victus
724 3339 827 3398 est,
864 3332 918 3387 in
950 3344 1254 3389 extremum
1288 3345 1574 3408 stuporem
1627 3342 1959 3413 prmeipitew

313 3439 316 3442 ’
387 3422 515 3493 agit.
544 3423 713 3478 Porro
745 3426 889 3479 inter
919 3427 1136 3481 inanem
1161 3427 1386 3497 gloriam
1426 3440 1482 3484 et
1514 3433 1826 3501 superbiam
1877 3450 1960 3493 εει

387 3517 705 3573 discrimen.
762 3518 898 3575 Nam
948 3521 1129 3578 inanis
1163 3522 1331 3594 gloria
1380 3534 1495 3579 tum
1538 3528 1773 3593 exsistit,
1837 3546 1961 3586 cum

389 3604 641 3660 humana:
665 3607 850 3676 gloria:
878 3610 1060 3665 studio
1108 3612 1315 3683 aliquid
1342 3624 1549 3670 rectum
1579 3618 1795 3686 agimus
1819 3639 1833 3687 ;
1868 3638 1963 3677 su-

388 3698 574 3766 perbia
608 3714 760 3767 vero,
791 3716 913 3756 cum
940 3719 1171 3775 magnos
1200 3713 1257 3761 et
1282 3708 1528 3764 excelsos
1553 3725 1653 3765 nos
1681 3727 1809 3767 esse
1832 3730 1962 3769 ceu-

388 3805 597 3857 semus,
630 3793 878 3865 aliosque
905 3797 1358 3854 condemnamus.
1395 3799 1573 3872 Atque
1621 3803 1711 3859 illa
1742 3807 1959 3876 quidem

385 3882 456 3937 ob
511 3885 778 3939 actionem
838 3886 1033 3953 oritur,
1090 3890 1207 3946 haec
1252 3901 1432 3948 autem
1477 3895 1548 3949 ob
1598 3896 1962 3955 existimatio-

388 3987 544 4040 nem;
583 3974 676 4029 illa
703 3976 955 4034 elationis
986 3980 1313 4051 principium
1348 3995 1451 4052 est,
1501 3987 1641 4056 haec,
1705 3993 1961 4061 superbia

385 4064 658 4132 videlicet,
701 4067 845 4125 ﬁnis.
902 4070 1250 4144 Quapropter
1293 4078 1550 4135 omnibus
1600 4083 1959 4140 certaminum

388 4156 566 4211 modis
627 4162 1065 4220 contendendum
1131 4177 1234 4227 est,
1277 4178 1336 4222 ut
1399 4171 1757 4242 multiplicem
1820 4175 1962 4233 hanc

2071 3174 2296 3245 ἐπᾶραι,
2314 3171 2505 3227 τοῦτον
2525 3170 2834 3242 μηχανᾶται
2852 3166 3183 3222 καταϐαλεῖν
3213 3164 3303 3217 διά
3330 3162 3433 3215 τοῦ
3466 3161 3653 3231 φέρειν

2068 3267 2167 3338 τὴν
2184 3266 2428 3335 ἀτιμίαν.
2461 3262 2837 3334 Ἐκατὲρωθεν
2849 3261 2959 3331 γάρ
2987 3258 3289 3328 πολιορκεῖ,
3318 3255 3419 3307 καὶ
3437 3255 3530 3307 διὰ
3549 3251 3651 3303 τῶν

2065 3357 2335 3423 ὲναιτίων,
2362 3359 2459 3413 καὶ
2476 3359 2555 3420 είς
2568 3355 2805 3425 ἐσχάτην
2824 3351 3183 3423 ἀναισθησίαν
3204 3365 3465 3419 κατακρη
3476 3345 3659 3417 μνίζει

2065 3449 2155 3501 τὸν
2170 3444 2903 3518 νενικημένον.Διαφέρειδὲ
2933 3440 3205 3506 κενοδοξία
3237 3437 3645 3510 ὑπερηφανίας.

2063 3540 2359 3605 Κενοδοξία
2410 3539 2510 3610 μὲν
2564 3537 2675 3608 γάρ
2721 3535 3115 3605 γίνεται,ὂταν
3171 3549 3228 3586 τι
3287 3529 3655 3601 κατορθῶμεν

2062 3633 2223 3704 δόξης
2251 3631 2600 3703 ἀνθρωπίνης
2643 3630 2832 3684 ἕνεκεν
2855 3646 2869 3661 ο
2904 3626 3254 3699 ὑπερηφανία
3293 3625 3372 3686 δὲ,
3399 3624 3534 3676 ὅταν
3556 3636 3649 3691 με·

2063 3724 2263 3794 γάλους
2310 3724 2406 3776 καὶ
2446 3722 2686 3792 ὑψηλοὺς
2734 3720 2965 3782 ἑαυτοὺς
2990 3718 3288 3788 κρίνωμεν,
3322 3715 3425 3767 καὶ
3462 3712 3649 3773 ἄλλους

2064 3814 2495 3886 κατακρίνοντες
2511 3814 2556 3845 ¹⁵
2579 3830 2590 3843 ·
2620 3812 2715 3866 καὶ
2741 3814 2776 3883 ἡ
2814 3811 2911 3882 μὲν
2934 3812 3025 3863 ἐπὶ
3046 3807 3245 3878 πράξει
3263 3805 3489 3875 φύεται,
3514 3802 3649 3869 αὕτη

2063 3908 2120 3961 δὲ
2155 3907 2255 3960 ἐπὶ
2278 3905 2543 3977 ὑπολήψει
2561 3922 2574 3935 ·
2598 3903 2695 3959 καὶ
2721 3905 2755 3973 ἡ
2775 3902 3046 3973 μὲν,άρχή
3070 3904 3218 3953 ἐστιν
3248 3899 3508 3967 οἰήσεως,
3541 3897 3571 3965 ή
3593 3893 3647 3946 δὲ

2066 3993 2436 4063 ὑπερηφανία,
2455 3991 2627 4054 τέλος.
2662 3989 3017 4059 Ἀγωνιστέον
3039 3988 3219 4040 τοίνυν
3244 3988 3385 4041 πᾶσι
3404 3985 3644 4056 τρόποις,

2062 4085 2369 4153 ἀποφυγεῖν
2393 4082 2454 4136 τὸ
2481 4079 2908 4153 ποικιλὸμορφον
2931 4078 3089 4133 τοῦτο
3107 4077 3317 4149 θηρίον,
3349 4076 3451 4129 καὶ
3483 4077 3647 4145 ὑπερ-

2063 4173 2260 4227 οπτέον
2310 4172 2467 4241 δόξης
2525 4172 2914 4243 ἀνθρωπίνης,
2980 4170 3077 4223 καὶ
3118 4167 3506 4239 κατορθωτέον
3560 4163 3653 4218 ἐπὶ

386 4247 621 4303 helluam
651 4250 999 4323 eﬂ‘ugiamus.
1049 4256 1321 4314 Debemus
1381 4262 1606 4331 gloriam
1661 4265 1957 4324 humanam

2089 4264 2271 4327 παντὸς
2294 4262 2741 4335 κατορθώματος,
2781 4262 2845 4316 τὸ
2872 4261 3235 4333 άθεάτριστον
3268 4260 3368 4314 καὶ
3397 4259 3645 4329 ἀκόμπα-

383 4339 686 4406 aspernari,
717 4352 877 4411 atque
908 4344 961 4399 in
1008 4349 1155 4401 omni
1188 4352 1445 4419 prmelaro
1479 4353 1721 4411 facinore
1783 4358 1837 4413 id
1868 4374 1958 4413 re-

2089 4370 2212 4410 πτον.
2258 4355 2380 4427 Χρὴ
2418 4356 2529 4426 γὰρ
2582 4353 2789 4424 ἀγαθόν
2827 4371 2884 4407 τι
2928 4350 3437 4421 διαπραξαμένους,
3468 4347 3644 4401 ἐπιλέ-

382 4437 468 4482 cte
510 4429 744 4496 eﬂicere,
777 4443 837 4488 ut
885 4436 1028 4492 absit
1058 4439 1341 4497 theatralis
1376 4442 1553 4500 fastus
1610 4455 1666 4501 et
1696 4449 1955 4505 ambitio-

2089 4466 2179 4503 ιειν
2206 4450 2422 4512 ἑαυτοῖς
2452 4448 2516 4501 τὸ
2534 4447 2914 4511 ἀποστολικδν,
2942 4448 3004 4499 τό
3028 4463 3042 4477 ·
3082 4447 3208 4500 Οὐκ
3252 4442 3372 4513 ἐγὼ
3397 4442 3487 4508 δὲ,
3511 4439 3641 4496 ἀλλ’

381 4516 469 4573 nis
494 4521 809 4591 aucupium.
848 4523 1037 4594 Operae
1056 4528 1289 4597 pretium
1313 4542 1396 4587 est
1428 4532 1595 4597 enim,
1624 4542 1685 4589 ut
1712 4536 1807 4606 qui
1831 4537 1961 4592 boni

2089 4546 2099 4613 ᾗ
2138 4541 2312 4612 χάρις
2339 4541 2444 4596 τοῦ
2473 4542 2624 4595 Θεοῦ
2652 4541 2690 4609 ἠ
2715 4541 2839 4594 σὺν
2865 4540 2996 4609 ἐμοί
3014 4555 3030 4571 ο
3071 4538 3168 4591 καὶ
3194 4536 3257 4590 τὺ
3285 4533 3641 4595 Δεσποτικὸν,

380 4608 660 4700 quidpiam
679 4616 1003 4685 peregerint,
1023 4621 1380 4688 apostolicum
1412 4624 1542 4680 illud
1557 4626 1925 4684 sibiaccinant
1939 4648 1958 4685 ς

2089 4608 2368 4699 τι-’Χωρὶς
2390 4630 2537 4700 ἐμοῦ
2570 4632 2643 4685 οὐ
2683 4608 2950 4685 δύνασθε
2996 4627 3194 4682 ποιεῖν
3218 4625 3405 4681 οὐδέν
3426 4639 3445 4654 ⁸
3471 4621 3641 4678 καὶτὸ

381 4698 509 4755 Non
538 4718 632 4773 ego
662 4715 859 4773 autem,
882 4710 972 4763 sed
999 4712 1174 4780 gratia
1213 4713 1523 4770 Deimecum
1546 4716 1591 4783 ¹’;
1609 4729 1773 4790 atque
1795 4722 1957 4777 etiam

2089 4698 2343 4778 .au'ittaiov
2369 4741 2382 4754 ·
2418 4698 2559 4779 Ἔὰν
2580 4722 2671 4793 μὴ
2692 4723 2905 4793 Κύριος
2928 4719 3307 4790 οικοδομήσῃ
3334 4719 3530 4781 οἶκον,
3559 4718 3641 4779 εἷς

379 4792 516 4848 illud
548 4795 765 4852 Domini
795 4815 810 4853 :
844 4799 972 4855 Sine
1002 4819 1081 4855 me
1116 4804 1250 4858 nihil
1296 4811 1512 4875 potestis
1570 4811 1745 4880 facere
1773 4821 1799 4860 Β
1825 4832 1838 4878 ;
1896 4830 1959 4869 ac

2089 4815 2250 4884 ιάτην
2275 4792 2615 4873 ἐκοπίασαι·
2649 4820 2704 4871 οἱ
2725 4815 3193 4886 οίκοδομοῦντες
3212 4830 3227 4845 ’
3266 4813 3365 4867 καὶ
3394 4806 3554 4872 αὖθις
3585 4808 3639 4858 τὸ

378 4883 512 4939 illud
542 4884 799 4943 Davidis:
839 4887 965 4943 Nisi
1000 4890 1261 4946 Dominus
1324 4897 1667 4964 a'diﬁcaverit
1714 4900 1953 4967 domum,

2089 4883 2419 4960 ιποστολικόν
2440 4924 2454 4938 ⁸
2496 4908 2560 4963 Τί
2585 4908 2698 4978 γὰρ
2724 4908 2886 4978 ἔχεις
2956 4908 3069 4961 οὐκ
3096 4906 3315 4971 ἔλαϐες
3336 4920 3357 4968 ;
3380 4906 3434 4958 εἰ
3457 4901 3527 4955 δὲ
3548 4896 3643 4954 καὶ

322 5007 335 5045 χ
377 4978 435 5029 in
463 4993 657 5031 uanum
703 4979 1075 5036 laboraverunt
1114 4986 1203 5054 qui
1229 4987 1495 5055 azdiftcaut
1526 4988 1691 5043 eam”
1715 5008 1728 5056 ;
1755 5000 1810 5045 et
1836 5008 1955 5045 rur-

2089 4995 2295 5064 ⁵λαϐες,
2326 4999 2385 5051 τι
2410 4998 2717 5069 καυχᾶσαι
2743 5001 2825 5066 ὡς
2858 4998 2944 5068 μὴ
2975 4997 3213 5063 .1a6tbr;

378 5088 472 5128 sus
503 5072 635 5128 illud
668 5076 916 5143 Apostoli
947 5096 958 5131 :
993 5076 1135 5140 Quid
1168 5080 1305 5132 enim
1337 5082 1491 5135 habes
1536 5084 1675 5152 quod
1693 5100 1796 5137 non
1852 5087 2142 5155 accepisti?
2172 5089 2233 5144 Si
2293 5100 2467 5145 autem
2530 5092 2785 5161 accepisti
2808 5108 2830 5155 ;ρ
2854 5092 2982 5162 quid
3049 5090 3302 5162 gloriaris
3356 5090 3517 5159 quasi
3544 5099 3637 5140 non

377 5166 639 5235 acceperis
681 5166 729 5220 i?

453 5354 475 5381 ο
519 5343 649 5401 Luc.
678 5363 791 5412 ut,
822 5347 909 5403 19.
993 5345 1014 5386 ί
1048 5346 1214 5405 lCor.
1257 5366 1344 5415 xv,
1382 5352 1462 5405 l0.
1545 5355 1567 5392 ε
1594 5348 1750 5405 Juan.
1781 5366 1871 5417 xv,
1898 5352 1950 5407 5.
2027 5354 2055 5394 ιι
2076 5353 2219 5409 Psal.
2244 5370 2462 5422 cum,
2489 5354 2540 5410 l.
2620 5356 2634 5395 ί
2665 5353 2684 5408 l
2712 5354 2839 5411 Cor.
2869 5370 2943 5421 tv,
2968 5351 3024 5407 7.

1661 5507 1892 5564 VARle
1918 5508 2329 5566 LECTIONES.

451 5673 497 5708 ”
527 5677 614 5731 Al.
640 5682 1077 5754 κατακρίνωμεν.
