3816 6220
195 311 333 379 1465

1505 310 1598 370 DE
1641 310 1830 369 OCTO
1856 309 2116 370 VITIIS.

3310 315 3451 381 14536

269 422 335 476 Ἥ
378 419 763 492 ὑπερηφανία,
811 419 1115 491 φαντασίας
1141 419 1338 489 ἐπάγει
1370 422 1436 490 τῇ
1476 420 1622 489 ψυχῇ
1672 435 1767 486 φο-

1946 417 2209 484 Superbia
2242 418 2506 472 horrenda
2545 429 2757 489 spectra
2792 423 2998 478 inducit
3030 426 3246 481 animm.

187 513 380 586 ϐεράς.

271 605 577 678 Ἐνεδρεύει
602 606 702 677 τὴν
724 607 1107 678 ὑπερηφανίαν
1129 608 1163 679 ἠ
1186 607 1417 674 πτῶσις,
1443 606 1541 661 καὶ
1559 606 1772 674 γίνεται

185 695 407 763 χαλινὸς
432 694 622 766 αὐτῆς.

262 784 378 854 Πρὸ
409 784 468 837 δὲ
496 785 596 855 τῆς
640 784 931 851 πτώσεως,
968 787 1118 860 πάσῃ
1161 786 1306 859 ίσχύῖ
1349 787 1632 858 φυλάσσου
1671 788 1775 851 τὰς

186 875 294 944 τῆς
328 876 708 947 ὑπερηφανίας
739 876 914 947 ἄρκυς
944 877 1251 947 διαφυγεῖν.

271 967 336 1020 '0
372 968 473 1038 μὲν
509 968 888 1039 ταπεινόφρων
910 1009 925 1034 ,
963 969 1056 1022 τοῦ
1088 970 1327 1040 Χριστοῦ
1370 971 1621 1042 μαθητής
1662 970 1773 1043 (l3)

188 1059 377 1122 ἐστιν,
419 1059 707 1130 εἰρηκότος
733 1077 749 1091 ο
780 1058 1012 1115 Μάθετε
1057 1062 1160 1115 ἀπ’
1211 1060 1394 1131 ἐμοῦ,
1449 1062 1539 1115 ὅτι
1588 1061 1777 1130 πρᾶός

189 1155 331 1221 ειμι,
364 1152 465 1205 καὶ
494 1152 776 1219 ταπεινὸς
808 1152 883 1221 τῇ
925 1152 1159 1223 καρδίᾳ.
1202 1154 1261 1206 '0
1290 1154 1347 1207 δὲ
1390 1154 1739 1225 ὑπερήφανος
1758 1197 1773 1221 ,

189 1245 290 1297 τοῦ
316 1245 565 1298 διαϐόλου
601 1246 846 1317 μιμητής
886 1245 1039 1311 ἐστι,
1084 1246 1151 1301 δι’
1187 1246 1566 1318 ὑπερηφανίαν
1608 1262 1778 1300 καταο

192 1339 509 1407 ϐληθέντος.

267 1431 458 1499 Σάρκα
489 1430 589 1501 μὲν
615 1429 846 1484 λέπτυνε
874 1431 1016 1484 κατὰ
1045 1430 1144 1500 τῆς
1176 1428 1433 1501 πορνείας
1454 1444 1468 1457 ⁶
1503 1428 1679 1501 ψυχὴν
1721 1429 1779 1483 δὲ

192 1523 454 1577 ταπείνου
484 1522 625 1577 κατὰ
656 1524 757 1595 τῆς
790 1523 1193 1595 ὑπερηφανίας.

267 1707 520 1779 Μοναχός
560 1705 711 1763 ἐστιν
762 1706 908 1781 (id),
956 1707 1190 1780 ἄληκτον
1244 1705 1360 1776 φῶς
1412 1705 1471 1759 ὲν
1513 1704 1778 1775 ὀφθαλμῷ

197 1801 447 1870 καρδίας.

270 1892 520 1961 Μοναχός
567 1893 752 1955 ἐστιν,
800 1890 1037 1954 ἄϐυσσος
1085 1889 1503 1955 ταπεινώσεως,
1541 1892 1600 1943 ὲν
1639 1890 1777 1959 αὐτῇ

197 1983 311 2037 πᾶν
339 1983 558 2052 πνεῦμα
587 1982 899 2053 κρημνίσας
932 1984 1026 2036 καὶ
1052 1983 1375 2047 ἀποπνίξας.

285 2075 556 2146 Ἀναιρεί,
603 2074 914 2141 κενοδοξίαν
961 2074 1099 2145 μὲν,
1152 2076 1185 2145 ἡ
1239 2073 1457 2146 κρύπτη
1507 2072 1777 2145 ἐργασία,

197 2163 587 2237 ὑπερηφανίαν
619 2164 677 2218 δὲ
702 2207 717 2232 ,
747 2166 808 2219 τδ
841 2166 918 2234 τῷ
946 2164 1067 2236 Θεῷ
1110 2166 1445 2237 ἐπιγράφειν
1472 2166 1542 2219 τὰ
1585 2182 1782 2237 κατορ-

199 2255 436 2328 θώματα
456 2299 470 2321 ,
503 2259 698 2314 ἑαυτὸν
726 2258 783 2311 δὲ
807 2258 1130 2323 ὲξουθενεῖν.

274 2351 541 2423 Μέμνησο
566 2352 663 2406 τοῦ
691 2353 961 2424 προτέρου
991 2368 1087 2406 σου
1113 2350 1254 2421 βίου,
1285 2352 1379 2404 καὶ
1403 2349 1514 2404 τῶν
1538 2350 1782 2422 ἀρχαίων

202 2443 708 2514 παραπτωμάτων,
774 2446 872 2498 καὶ
930 2443 1147 2512 λογίζου
1208 2443 1327 2507 πῶς
1392 2442 1652 2513 ἠνέσχετό
1724 2458 1783 2495 σε

200 2535 447 2589 τοιοῦτον
476 2536 607 2590 ὄντα
650 2537 749 2608 ζῇν
776 2539 804 2591 ὁ
828 2537 961 2601 Θεός
979 2554 994 2569 °
1026 2536 1121 2591 καὶ
1150 2537 1211 2590 οὑ
1248 2535 1406 2589 τοῦτο
1442 2536 1621 2607 μόνον,
1649 2532 1786 2588 ἀλλὰ

200 2626 302 2680 καὶ
352 2626 579 2698 ἔτρεφε,
627 2628 724 2681 καὶ
767 2628 1073 2698 ὲφύλαττε’
1124 2627 1220 2681 καὶ
1262 2629 1483 2691 πάντως
1532 2644 1787 2682 ταπεινο-

202 2718 520 2788 φρονήσεις,
552 2719 603 2770 εί
630 2718 703 2788 μή
731 2733 815 2782 τις
847 2716 967 2787 εἴης
998 2708 1359 2789 δυσαίσθητος
1384 2718 1482 2772 καὶ
1511 2733 1784 2789 πεπωρω-

206 2808 392 2879 μένος.

279 2895 417 2966 Λέγε
442 2898 577 2970 πρὸς
606 2898 706 2970 τὴν
742 2898 1066 2970 ἐνοχλοῦσαν
1095 2897 1273 2969 οἴησιν
1293 2915 1311 2930 ο
1354 2897 1647 2970 Ἀπόστηθι
1691 2900 1786 2953 ἀπ’

205 2987 371 3059 ἐμοῦ.
400 2989 497 3051 Τίς
518 2989 628 3062 γὰρ
652 2988 794 3059 ὲγώς
826 2990 880 3043 τί
902 2990 1010 3061 γάρ
1040 3007 1131 3061 μοι
1153 2988 1586 3062 κεκατώρθωται
1611 2992 1785 3061 μέγα;

205 3083 321 3135 Καὶ
340 3083 451 3156 γὰρ
472 3085 581 3138 τῶν
607 3084 800 3152 ἁγίων,
829 3085 881 3137 οί
913 3084 1014 3156 μὲν
1038 3082 1427 3162 ἐλιθάσθησαν,
1458 3086 1511 3160 οί
1538 3083 1595 3139 δὲ
1626 3085 1785 3157 ἐπρί-

209 3174 443 3245 σθησαν,
489 3176 539 3229 οί
571 3176 627 3229 δὲ
681 3178 898 3248 μυρίοις
952 3176 1121 3230 εἴδεσι
1155 3175 1389 3234 Θανάτου
1427 3175 1516 3231 διὰ
1552 3175 1790 3248 Χριστὸν

207 3264 580 3337 ἀνῃρέθησαν.

296 3440 582 3495 Ἀδύνατον
610 3441 941 3513 διαπεράσαι
975 3442 1219 3511 πέλαγος
1237 3483 1253 3510 ,
1291 3443 1417 3513 δίχα
1442 3441 1631 3497 πλοίου
1651 3482 1669 3508 ,
1697 3443 1793 3498 καὶ

212 3533 454 3602 σωθῆναι
486 3534 654 3604 χωρὶς
682 3534 1211 3606 ταπεινοφροσύνης.

283 3623 480 3691 Ζεῦξον
517 3624 867 3696 δικαιοσύνην
906 3627 1002 3680 καὶ
1045 3628 1452 3699 ὑπερηφανίαν,
1502 3628 1595 3682 καὶ
1636 3623 1793 3694 αὖθις

211 3716 483 3789 ἑτέρωθεν
532 3718 812 3789 ἁμαρτίαν
859 3718 953 3772 καὶ
1001 3720 1369 3784 ταπείνωσιν,
1422 3721 1516 3774 καὶ
1559 3720 1680 3791 ὄψει
1726 3722 1794 3775 τὸ

214 3810 409 3881 ζεῦγος
446 3812 542 3881 τῆς
573 3811 872 3882 ἁμαρτίας,
908 3812 1017 3884 πρὸ
1059 3812 1154 3865 106
1192 3811 1424 3880 ζεύγους
1456 3814 1557 3884 τῆς
1587 3814 1793 3867 δικαιο-

217 3901 385 3973 σύνης
418 3901 642 3956 ἐλαύνον
690 3904 785 3957 καὶ
814 3902 1011 3970 νικῶν,
1068 3905 1130 3957 ού
1168 3905 1237 3958 δι’
1282 3904 1491 3959 οἰκείαν
1524 3905 1790 3978 δύναμιν,

213 3993 354 4049 ἀλλὰ
393 3994 486 4047 διὰ
513 3994 611 4066 την
648 3996 802 4065 ίσχὺν
841 3995 945 4067 τῆς
986 3993 1223 4064 συζύγου
1253 4000 1791 4072 ταπεινοφροσύνης·

216 4088 442 4141 κακεῖνο
470 4087 632 4142 πάλιν
687 4087 1119 4159 ἐλαττούμενον,
1166 4088 1227 4141 ού
1272 4089 1340 4143 δι’
1374 4090 1662 4144 ἀσθένειαν
1695 4090 1795 4160 τῆς

215 4174 592 4249 δικαιοσύνης,
625 4177 761 4232 ἀλλὰ
802 4177 892 4232 διὰ
930 4177 993 4231 τὸ
1049 4177 1215 4250 βάρος
1259 4181 1359 4252 τῆς
1393 4182 1791 4252 ὑπερηφανίας.

221 4267 410 4338 Ἔχεις
437 4268 863 4339 παραδείγματα
900 4269 991 4324 τὸν
1022 4271 1318 4343 Φαρισαῖον
1357 4271 1453 4327 καὶ
1490 4273 1581 4326 τὸν
1615 4271 1793 4326 Τελώ-

216 4377 338 4429 νην.
380 4360 575 4415 Καίτοι
615 4361 1084 4434 ταπεινοφροσύνη
1134 4363 1375 4435 κυρίως,
1429 4366 1492 4418 ού
1526 4365 1617 4431 τὸ,
1664 4366 1794 4419 ὅντα

216 4452 565 4523 ἁμαρτωλὸν,
597 4451 742 4523 ἔχειν
772 4453 965 4507 ἑαυτὸν
1002 4455 1329 4526 ἁμαρτωλὸν
1350 4471 1364 4486 °
1399 4457 1789 4530 εὐγνωμοσύνη

215 4544 329 4615 γάρ
357 4544 515 4598 τοῦτο
533 4584 549 4609 ,
588 4545 683 4598 καὶ
709 4545 806 4616 τῆς
839 4545 974 4609 ἰδίας
994 4546 1275 4611 ἀσθενείας
1301 4548 1596 4617 ἐπίγνωσις
1616 4567 1630 4582 ’
1656 4550 1793 4605 ἀλλὰ

217 4638 310 4703 τὸ,
342 4635 472 4691 ὄντα
497 4636 730 4701 δίκαιον,
767 4638 912 4708 ἔχειν
948 4639 1140 4693 ἑαυτὸν
1176 4640 1522 4711 ἁμαρτωλὸν,
1559 4643 1652 4696 καὶ
1686 4659 1792 4713 μη-

208 4728 309 4781 ’ὀέν
335 4742 389 4780 τι
420 4725 565 4796 μέγα
593 4725 727 4798 περὶ
757 4726 955 4781 ἑαυτοῦ
986 4728 1377 4798 φαντάζεσθαι.

302 4912 653 4985 Ἃμαρτωλδς
694 4913 915 4983 ἐνίκησε
945 4912 1151 4967 δίκαιον
1171 4952 1186 4976 ,
1215 4915 1245 4966 ὁ
1275 4912 1527 4985 Τελώνης
1559 4914 1649 4967 τὸν
1689 4914 1794 4968 Φα-

304 5090 329 5129 ll
362 5089 551 5148 Matth.
588 5106 669 5155 ιι,
698 5090 789 5145 29.
872 5090 889 5128 1
924 5089 1086 5145 Hebr.
1115 5106 1191 5155 x1,
1220 5091 1309 5146 57.

1945 596 2155 665 Lapsus
2190 596 2417 651 insidias
2463 599 2625 651 struit
2672 599 2975 669 superbiae,
3015 600 3295 671 ipsiusque
3349 604 3457 658 l're-

1875 707 2004 745 num
2052 690 2299 744 efﬁcitur.

1947 783 2053 837 Sed
2100 791 2225 838 ante
2276 784 2488 853 lapsum
2548 784 2806 839 omnibus
2852 785 3066 841 viribus
3129 787 3360 850 excuba,
3399 798 3457 841 ut

1876 875 2147 943 superbia
2186 876 2319 929 retia
2351 874 2602 944 effugias.

1946 966 2049 1032 Qui
2076 966 2356 1021 humiliter
2377 970 2442 1021 de
2478 981 2537 1020 se
2562 967 2744 1032 sentit,
2770 966 2971 1021 Christi
3004 967 3308 1035 diSripulus
3337 977 3418 1020 est
3441 1009 3455 1030 ,

1875 1061 2033 1129 cujus
2064 1060 2179 1114 haec
2220 1061 2382 1114 verba
2418 1059 2640 1114 fuerunt
2669 1079 2682 1114 :
2719 1060 2917 1115 Discite
2949 1080 2981 1114 α
3014 1079 3115 1125 me,
3156 1063 3283 1131 quia
3313 1063 3456 1115 mitis

1875 1168 2012 1213 sum,
2043 1161 2092 1207 et
2139 1153 2357 1206 humilis
2404 1153 2558 1207 corde
2584 1154 2633 1208 Ιί.
2690 1152 2967 1223 Superbus
3004 1165 3185 1208 autem
3232 1154 3456 1213 diaboli.

1877 1245 1970 1314 qui
2028 1246 2099 1299 ob
2151 1245 2459 1315 superbiam
2519 1243 2765 1314 deiectus
2828 1254 2948 1311 est,
3017 1246 3348 1301 imitatorem
3401 1263 3461 1302 se

1877 1336 2096 1405 praebet.

1947 1426 2177 1481 Carnem
2204 1426 2420 1494 quidem
2446 1427 2710 1481 adversus
2736 1424 3152 1481 fornicationem
3188 1437 3457 1494 extenua;

1879 1518 2116 1573 animam
2144 1534 2272 1572 vero
2310 1518 2574 1575 adversus
2606 1520 2922 1589 superbiam
2965 1536 3058 1589 per
3089 1519 3458 1574 humilitatem

1878 1608 2071 1673 deiice.

1950 1696 2249 1753 Monachus
2272 1705 2355 1751 est
2408 1705 2726 1766 perpetuum
2765 1696 2949 1750 lumen
2978 1694 3032 1749 in
3064 1695 3243 1751 cordis
3271 1696 3456 1751 oculo.

1952 1872 2250 1927 Monachus
2284 1882 2367 1927 est
2412 1873 2646 1944 abyssus
2675 1873 3023 1939 humilitatis,
3065 1874 3119 1927 in
3148 1890 3211 1929 ea
3242 1890 3461 1930 omnem

1882 1965 2134 2034 spiritum
2168 1965 2368 2018 malum
2400 1966 2749 2035 praecipitans
2783 1975 2837 2021 et
2871 1964 3168 2021 sulfocans.

1956 2057 2175 2110 lnanem
2201 2056 2428 2126 gloriam
2461 2058 2782 2127 pessumdat
2806 2058 3019 2112 occulta
3053 2058 3334 2126 operatio;
3372 2075 3465 2111 su-

1883 2151 2123 2219 perbiam
2164 2164 2314 2213 vero,
2381 2149 2492 2204 Deo
2533 2149 2809 2205 ascribere
2869 2151 3007 2204 bona
3051 2165 3217 2219 opera
3262 2158 3316 2205 et
3365 2166 3468 2205 se—

1885 2243 2063 2312 ipsum
2108 2242 2265 2296 nihili
2311 2252 2521 2312 putare.

1956 2332 2264 2387 Recordare
2298 2333 2500 2401 prioris
2530 2344 2639 2387 tua:
2670 2332 2815 2399 vitae,
2864 2347 2928 2387 ac
2956 2343 3201 2386 veterum
3239 2332 3467 2387 delicto-

1884 2438 2030 2485 rum,
2071 2423 2319 2492 illudque
2356 2432 2535 2478 tecum
2588 2431 2814 2492 reputa,
2864 2438 2973 2492 quo
3016 2434 3175 2492 pacto
3218 2432 3289 2489 te,
3341 2439 3468 2478 cum

1886 2517 2013 2571 talis
2043 2531 2215 2582 esses,
2253 2518 2438 2572 vivere
2472 2515 2616 2571 Deus
2643 2516 3001 2581 sustinuerit;
3057 2531 3235 2585 neque
3278 2516 3330 2569 id
3378 2530 3470 2570 so-

1887 2613 2038 2681 lum;
2090 2614 2183 2668 sed
2241 2612 2404 2667 etiam
2460 2611 2656 2666 aluerit
2709 2620 2763 2666 et
2820 2609 3205 2665 conservarit:
3240 2625 3303 2663 ac
3351 2616 3469 2663 tum

1888 2704 2077 2776 procul
2099 2704 2268 2758 dubio
2298 2703 2659 2757 humilitatem
2681 2701 2979 2771 concipies,
3008 2700 3110 2755 nisi
3136 2715 3332 2756 sensus
3359 2699 3470 2756 fere

1889 2798 2070 2853 omnis
2102 2813 2298 2866 expers
2333 2807 2496 2866 atque
2530 2795 2836 2850 ohtluratus
2865 2796 2962 2849 sis.

1967 2889 2266 2942 Elationem
2309 2886 2404 2940 tibi
2457 2885 2733 2954 negotium
2775 2883 3123 2938 exhibentem
3170 2881 3256 2936 his
3289 2881 3474 2938 verbis

1892 2979 2167 3048 alloquerc
2203 2995 2216 3031 :
2256 2976 2488 3030 Facesse
2543 2991 2573 3028 ιι
2624 2989 2732 3027 me.
2788 2971 2924 3039 Quis
2977 2972 3121 3026 enim
3178 2986 3279 3041 ego
3313 2970 3477 3024 sum?

1895 3072 2026 3142 quid
2052 3071 2198 3124 enim
2234 3085 2263 3123 a
2293 3084 2376 3123 me
2398 3068 2648 3138 praeclari
2675 3074 2888 3137 gestum
2909 3064 3032 3120 est?
3061 3063 3271 3117 Etenim
3299 3062 3476 3119 sancti

1894 3162 1995 3217 viri
2029 3160 2227 3230 partim
2275 3159 2521 3228 lapidati,
2560 3159 2755 3227 partim
2790 3154 2924 3211 secti
2960 3162 3110 3217 sunt,
3149 3152 3345 3221 partim
3379 3153 3479 3208 tie-

1895 3251 2061 3322 nique
2097 3251 2370 3305 sexcentis
2402 3249 2596 3304 mortis
2646 3247 2944 3319 generibus
2974 3245 3179 3301 Christi
3219 3261 3384 3301 causa
3412 3246 3480 3300 de

1894 3344 2074 3400 medio
2103 3352 2229 3396 sunt
2260 3342 2461 3395 sublati
2493 3339 2535 3394 ι.

1965 3436 2303 3505 lmpossihile
2333 3444 2441 3499 est,
2473 3435 2589 3487 sine
2620 3432 2743 3486 navi
2776 3446 2926 3486 mare
2952 3430 3207 3500 trajicere
3228 3473 3245 3496 ,
3302 3443 3354 3485 et
3389 3447 3480 3486 sa-

1894 3531 2061 3585 lutem
2101 3527 2362 3597 consequi
2400 3526 2607 3595 absque
2642 3525 2966 3579 humilitate.

1965 3619 2142 3690 Iunge
2176 3618 2447 3687 justitiam
2481 3632 2603 3671 cum
2634 3616 2913 3685 superbia,
2955 3624 3119 3685 atque
3152 3614 3260 3668 alia
3286 3628 3482 3668 rursus

1898 3729 1965 3769 ex
2020 3720 2172 3782 parte
2222 3719 2506 3780 peccatum
2539 3724 2663 3763 cum
2721 3707 3061 3773 humilitate;
3123 3722 3187 3761 ac
3238 3706 3482 3775 peccati,

1894 3820 2058 3876 quam
2092 3803 2350 3873 iustitiae,
2397 3801 2586 3870 jugum
2620 3794 2854 3853 celerius
2888 3813 3113 3852 currere
3148 3805 3311 3865 atque
3364 3797 3478 3848 vin-

1895 3911 2020 3953 cere
2048 3894 2354 3965 conspicies
2378 3933 2393 3958 ,
2449 3907 2557 3945 non
2593 3892 2812 3961 quidem
2846 3892 2917 3944 ob
2950 3900 3267 3960 potestatem
3301 3905 3479 3954 suam,

1897 3992 1988 4048 sed
2015 3991 2086 4045 ob
2119 3989 2429 4060 conjuncta:
2469 3985 2793 4040 humilitatis
2823 3984 3001 4050 vires;
3049 3992 3212 4054 atque
3246 3983 3479 4037 alterum

1897 4101 2088 4139 rursus
2139 4081 2411 4151 superari,
2466 4096 2570 4133 non
2615 4088 2837 4148 propter
2879 4077 3104 4147 justitiaa
3135 4076 3483 4131 imbecillita-

1897 4185 2027 4240 tem,
2067 4175 2160 4230 sed
2192 4183 2417 4244 propter
2449 4171 2719 4240 superbiae
2754 4185 2918 4240 grave
2951 4171 3184 4240 pondus.
3221 4168 3482 4238 Exempla
3580 4232 3587 4239 '

1897 4270 1991 4324 tibi
2033 4275 2232 4338 praesto
2261 4273 2391 4321 sunt
2430 4265 2484 4319 in
2520 4263 2795 4319 Pharisa’o
2843 4278 2908 4318 ac
2940 4262 3265 4317 Publicano.
3292 4261 3480 4328 Quan-

1901 4375 2064 4431 quam
2117 4358 2396 4414 humilitas
2454 4356 2670 4427 proprie
2719 4356 2776 4410 in
2825 4369 2891 4411 eo
2931 4371 3039 4409 non
3086 4355 3359 4418 consistit,
3423 4363 3484 4408 ut

1826 4494 1869 4548 Β
1899 4454 1993 4525 qui
2021 4462 2273 4523 peccator
2306 4461 2408 4514 est,
2444 4458 2785 4521 peccatorem
2815 4462 2874 4503 se
2904 4455 3055 4517 putet
3089 4447 3307 4517 (judicii
3332 4446 3477 4501 enim

1900 4548 2129 4617 aequitas
2164 4547 2265 4600 hoc
2296 4555 2402 4606 est,
2441 4559 2504 4598 ac
2539 4534 2776 4613 propria:
2823 4541 3157 4596 inﬁrmitatis
3199 4539 3484 4609 agnitio);

1905 4654 2092 4694 verum
2127 4638 2183 4692 in
2216 4637 2342 4701 hoc,
2374 4645 2434 4690 ut
2460 4636 2555 4706 qui
2588 4634 2801 4705 justitia
2836 4632 3097 4704 praeditus
3128 4641 3233 4695 est,
3289 4646 3483 4699 pecca—

1907 4740 2076 4785 torem
2112 4744 2233 4785 sese
2264 4729 2446 4795 ducat,
2480 4727 2728 4799 nihilque
2770 4725 2955 4797 magni
2995 4725 3060 4779 de
3095 4724 3275 4793 seipso
3304 4732 3487 4777 mente

1903 4821 2192 4878 concipiat.

1976 4838 2058 4877 net
2118 4837 2192 4876 at.

1976 4837 2238 4968 Ρειξὲειοι·
2276 4911 2488 4982 justum
2533 4907 2698 4976 vicit,
2742 4905 3068 4978 publicanus
3121 4902 3485 4959 Pharisamm.

1748 5249 1979 5307 ΝΟΤᾸΞ.

302 5405 417 5477 (l5)
477 5406 588 5478 Τοῦ
621 5408 886 5476 Χριστοῦ
915 5408 1193 5478 μαθητής
1242 5411 1433 5474 ἐστιν,
1474 5422 1579 5467 etc.
1611 5411 1750 5468 Hinc
1778 5428 1808 5465 a

230 5475 444 5552 Joanne
466 5475 849 5552 (Iantacuzeno
873 5475 966 5533 lib.
992 5475 1080 5552 In,
1094 5475 1214 5552 cap.
1239 5482 1327 5545 36,
1357 5498 1409 5552 ρ.
1436 5482 1540 5537 469
1563 5482 1810 5552 Apocau-

233 5546 373 5622 chus
385 5562 481 5622 per
510 5549 743 5622 ironiam
767 5557 992 5622 vocatur
1010 5546 1329 5622 διδάσκαλος
1356 5546 1458 5622 τῆς
1486 5546 1809 5622 οἰκουμένης

238 5616 615 5691 autpaﬁqfrh;
630 5617 725 5691 106
759 5619 936 5691 πράου
976 5622 1073 5673 καὶ
1117 5616 1525 5691 φιλανθρώπου,
1553 5616 1808 5691 magister

234 5685 376 5759 orbis
402 5695 452 5741 et
476 5685 776 5759 discipulus
807 5685 955 5744 'mt'tis
987 5685 1141 5745 illius
1157 5709 1218 5745 ac
1235 5685 1503 5745 hominum
1535 5685 1766 5746 amantis
1786 5709 1803 5746 :

241 5755 466 5827 hocest,
489 5754 865 5829 Jesu'Christi,
891 5776 999 5817 non
1056 5771 1238 5820 autem
1286 5760 1507 5834 Josephi
1554 5761 1801 5819 Rhaeen—

1910 5411 2071 5481 dytae,
2093 5408 2249 5481 juxta
2273 5420 2495 5481 suavem
2520 5399 2960 5481 admodumjiri
2991 5397 3136 5454 docti
3155 5395 3486 5481 _b_a‘riolatio-

1910 5466 2181 5544 ιιέωζῑίιι.
2223 5493 2298 5539 νι,
2332 5477 2397 5529 de
2420 5470 3040 5547 Biblioth._Vindoh_on.,
3067 5484 3122 5547 p_.
3150 5466 3271 5521 ne.
3431 5535 3481 5547 η

1978 5539 2399 5617 (inlitorade
2435 5547 2627 5599 ἐστιν.
2671 5542 2885 5599 Pariter
2911 5542 3030 5596 istae
3071 5539 3200 5593 duae
3232 5539 3483 5617 monachi

1906 5607 2623 5675 delinéatioaes'Climacum
2654 5621 2961 5685 agnoscunt
2991 5619 3271 5665 auctorem
3290 5607 3482 5661 eodem

1906 5692 1958 5743 in
1984 5691 2122 5755 loco,
2148 5689 2458 5758 pariterque
2484 5702 2591 5741 non
2612 5683 2930 5758 comparent
2946 5683 3001 5735 in
3022 5687 3474 5758 ms._memorato,

1905 5761 2046 5818 sicut
2070 5748 2170 5816 nec
2198 5748 2511 5829 praecedens
2553 5748 2843 5820 sententia,
2870 5752 3051 5822 σάρκα
3085 5748 3213 5817 μὲν,
3235 5757 3340 5801 etc.
