3816 6220
380 265 518 332 ηδτ

1885 282 1945 341 S.
1974 281 2136 343 NILI

3510 290 3661 356 H68

374 375 467 432 Ille
494 376 712 447 quidem
751 377 982 448 justitia:
1009 394 1175 451 opera
1205 384 1467 451 ostendit,
1502 386 1731 444 dicens:
1765 388 1939 459 Jejum

2088 394 2295 447 ιισαίον.
2335 392 2405 446 Ὀ
2445 392 2545 464 μὲν
2595 394 2732 464 ἔργα
2773 396 3129 467 δικαιοσύνης
3166 399 3403 468 ἔδειξεν,
3431 405 3649 471 εἰπὼν,

372 467 453 520 bis
501 468 555 520 in
597 464 857 536 Sabbato,
905 476 960 525 et
1011 486 1134 540 quae
1177 471 1432 544 deinceps
1469 486 1812 546 sequuntur;
1873 479 1962 534 hic

372 572 505 612 vero
537 557 743 614 dictum
801 560 1071 616 duntaxat
1120 564 1347 632 protulit
1390 566 1761 625 humilitatis:
1794 568 1957 637 Deus,

368 650 628 719 propitius
668 661 775 705 esto
818 652 949 705 mihi
1010 657 1368 723 peccatori";
1435 665 1490 712 et
1556 674 1738 715 sermo
1792 675 1959 732 opera

370 742 673 811 superavit.
728 742 907 812 Atque
948 752 1162 800 tantum
1217 747 1540 803 thesaurum
1592 750 1819 821 spiritus
1865 768 1962 807 su-

330 873 339 885 ,
372 832 573 903 perbiae
596 833 923 901 exsuﬂlavit,
947 852 1153 908 perque
1183 838 1358 909 ipsius
1380 840 1646 911 linguam,
1673 844 1832 913 quasi
1862 860 1958 915 per

370 922 665 976 fenestram
698 926 1011 982 reconditas
1040 942 1170 997 opes
1198 931 1545 998 exportavit;
1594 943 1787 988 contra
1823 949 1961 1005 pau-

370 1021 554 1081 pertas
581 1012 651 1068 ob
680 1014 1043 1072 humilitatem
1078 1019 1135 1074 in
1175 1018 1396 1076 divitias
1436 1027 1647 1077 mutata
1678 1032 1787 1077 est.

438 1205 595 1265 Justo
623 1211 810 1281 potius
840 1214 1131 1270 metuenda
1162 1226 1244 1273 est
1276 1219 1557 1289 superbia.
1592 1217 1731 1275 Nam
1758 1236 1955 1291 pecca-

373 1308 545 1356 torem
582 1304 921 1359 conscientia
947 1308 1222 1377 deprimit,
1257 1325 1380 1381 quae
1407 1326 1622 1382 semper
1646 1328 1771 1367 eum
1796 1329 1958 1370 accu—

372 1397 497 1456 sat,
540 1405 641 1444 nec
674 1401 839 1461 caput
877 1395 1129 1451 attollere
1158 1400 1430 1467 permittit
1461 1418 1474 1455 :
1508 1401 1820 1471 atjustum,
1849 1404 1956 1458 nisi

372 1481 637 1552 attendat,
687 1484 943 1552 praeclara
989 1486 1233 1545 facinora
1282 1492 1557 1549 attollunt.
1597 1491 1667 1548 Et
1694 1495 1957 1565 quemad-

371 1572 593 1627 inodum
634 1573 822 1643 pirata:
870 1592 1062 1633 navem
1105 1581 1381 1638 mercibus
1415 1594 1675 1640 onustam
1727 1585 1980 1656 potissit?

374 1676 525 1716 mum
578 1663 937 1732 adoriuntur;
1000 1669 1079 1723 sic
1128 1671 1291 1726 etiam
1342 1673 1592 1729 diabolus
1638 1685 1952 1745 peccatores

2061 482 2142 536 ὄτι
2166 483 2453 551 Νηστεύω
2475 483 2570 550 δίς
2590 484 2700 539 τοῦ
2724 486 3029 541 Σαϐϐάτου
3048 528 3064 553 ,
3098 488 3196 541 καὶ
3221 489 3289 544 τὰ
3308 490 3435 562 ἑξῆς
3454 510 3473 525 θ
3500 494 3533 546 ὁ
3557 495 3617 549 δέ
3632 536 3650 558 ,

2065 576 2218 646 ῥῆμα
2260 576 2423 646 μόνον
2453 572 2577 629 εἷπε
2620 580 3122 651 ταπεινοφροσύνης
3150 597 3166 611 ο
3202 582 3255 635 '0
3304 583 3472 651 Θεὸς,
3523 586 3654 640 ἱλά-

2060 670 2242 736 σθητί
2285 686 2388 739 μοι
2450 670 2531 736 τῷ
2576 671 2906 741 ἁμαρτωλῷ
2928 690 2941 704 ⁸
3004 674 3103 727 καὶ
3154 674 3185 726 ό
3234 675 3390 744 λόγος
3457 678 3653 749 ἔργων

2060 760 2429 832 περιεγένετο.
2462 762 2572 815 Καὶ
2600 763 2691 817 τὸν
2728 761 2828 834 μὲν
2864 761 3116 818 τοσοῦτον
3146 763 3416 837 θησαυρὸν
3441 768 3653 835 ἐξεφύ-

2062 870 2195 924 σησε
2221 854 2283 908 τὸ
2305 856 2522 928 πνεῦμα
2548 857 2648 927 τῆς
2674 856 3072 928 ὑπερηφανίας.
3105 858 3201 911 καὶ
3229 858 3314 911 διὰ
3344 860 3443 929 τῆς
3463 860 3654 928 γλώσ-

2062 963 2162 1016 σης
2201 946 2401 1011 αὑτοῦ,
2457 947 2708 1020 καθάπερ
2750 949 2841 1003 διὰ
2893 948 3141 1020 θυρίδος,
3201 949 3505 1022 ἐξεφόρησε
3557 952 3653 1005 τὸν

2060 1038 2487 1109 ἐναποκείμενον
2514 1039 2746 1095 πλοῦτον
2767 1055 2780 1069 ⁸
2815 1041 2847 1110 ἡ
2895 1040 2952 1093 δὲ
2994 1040 3188 1108 πενία,
3220 1042 3531 1112 μετέϐαλεν
3571 1046 3653 1107 είς

2062 1126 2291 1181 πλοῦτον
2310 1168 2325 1192 ,
2353 1128 2440 1182 διὰ
2464 1129 2564 1200 τὴν
2591 1130 3116 1203 ταπεινοφροσύνην.

2127 1219 2349 1272 Μᾶλλον
2395 1219 2606 1283 δίκαιος
2652 1221 2859 1290 ὀφείλει
2892 1221 3176 1289 φοϐεῖσθαι
3219 1221 3316 1295 τὴν
3347 1225 3651 1297 ὑπερηφα-

2059 1306 2177 1358 νίαν
2199 1321 2213 1334 ·
2250 1306 2343 1361 τὸν
2376 1307 2475 1377 μὲν
2501 1307 2611 1379 γάρ
2653 1310 2985 1380 ἁμαρτωλὸν
3028 1313 3273 1382 κάμπτει
3300 1314 3361 1367 τὸ
3399 1317 3650 1380 συνειδὸς

2057 1391 2146 1445 ἀεὶ
2186 1393 2549 1464 κατηγοροῦν,
2585 1395 2683 1450 καὶ
2713 1397 2789 1468 μὴ
2825 1401 3144 1471 συγχωροῦν
3177 1402 3502 1457 ἀνανεύειν
3556 1406 3649 1459 τὸν

2056 1481 2113 1535 δὲ
2142 1482 2380 1550 δίκαιον,
2407 1486 2626 1556 ἐπαίρει
2655 1489 2718 1541 τὸ
2759 1491 3126 1562 κατόρθωμα,
3166 1494 3242 1565 μὴ
3274 1498 3644 1567 προσέχοντα.

2057 1572 2169 1625 Καὶ
2195 1572 2449 1644 καθάπερ
2471 1575 2520 1628 οί
2549 1578 2807 1648 πειραταὶ
2840 1580 2920 1647 τῷ
2942 1584 3366 1656 πεφορτισμένῳ
3401 1588 3645 1657 μάλιστα

2057 1659 2225 1733 πλοίῳ
2256 1662 2713 1733 προσϐάλλουσιν,
2762 1666 2903 1721 οὕτω
2934 1670 3028 1722 καὶ
3056 1672 3086 1724 ὁ
3120 1670 3371 1738 διάϐολος
3398 1676 3460 1728 ού
3499 1678 3642 1730 πάνυ

371 1767 478 1806 non
510 1753 806 1810 admodum
844 1757 1146 1830 impugnat,
1179 1761 1659 1819 vehementissime
1688 1780 1818 1820 vero
1855 1781 1939 1821 eos

2088 1770 2104 1805 t
2142 1753 2369 1825 πολεμεῖ
2392 1757 2504 1820 τοῖς
2535 1756 2882 1829 ἁμαρτωλοῖς
2915 1802 2930 1827 ,
2970 1761 3110 1817 ἀλλά
3150 1765 3491 1837 σφοδρότατα
3531 1775 3642 1835 τοῖς

369 1844 463 1915 qui
489 1843 629 1914 justi
665 1856 812 1902 sunt.
843 1866 866 1887 ·

443 1936 651 2006 Scopus
678 1940 957 2006 monachi,
988 1955 1085 1996 cor
1110 1958 1268 1998 suum
1293 1944 1365 1999 ab
1382 1946 1530 2001 omni
1557 1962 1724 2016 pravo
1754 1946 1947 2002 aﬂ‘ectu

368 2042 568 2097 purum
604 2044 821 2087 servare
856 2048 871 2086 ι
911 2033 1058 2102 quod
1089 2034 1135 2088 si
1168 2050 1276 2090 non
1306 2038 1642 2105 assequitur,
1671 2037 1911 2093 aberrat.

440 2119 630 2176 Omnis
659 2123 880 2179 virtutis
909 2124 1055 2191 l‘ons,
1108 2135 1164 2181 et
1213 2128 1406 2193 radix,
1442 2137 1497 2184 et
1543 2138 1732 2199 caput,
1785 2139 1950 2201 atque

367 2211 649 2268 vinculum
677 2223 760 2269 est
787 2215 1081 2285 discretio;
1116 2234 1281 2289 quam
1307 2222 1408 2276 hac
1434 2222 1651 2278 ratione
1673 2222 1946 2293 quispiam

367 2298 470 2355 sibi
515 2302 891 2372 comparabit,
940 2305 988 2360 si
1028 2321 1152 2360 cum
1198 2308 1266 2364 iis
1298 2309 1393 2377 qui
1434 2310 1650 2366 virtutis
1692 2312 1797 2366 iter
1830 2312 1945 2382 jam

366 2389 642 2457 obierunt,
672 2394 939 2466 quidquid
965 2396 1225 2465 instituit,
1258 2402 1646 2458 communicet.
1683 2404 1775 2459 Sic
1799 2404 1945 2459 enim

366 2494 644 2551 nunquam
678 2484 1054 2555 imprudenter
1088 2489 1143 2544 in
1181 2491 1405 2560 malum,
1445 2501 1705 2565 tanquam
1752 2494 1808 2549 in
1849 2496 1946 2551 ho-

365 2588 517 2639 num,
549 2576 884 2644 prolabetur.

441 2664 767 2724 Solitudinis
801 2670 976 2728 hostis
1001 2681 1106 2740 est,
1144 2674 1397 2747 quisquis
1441 2678 1733 2750 voluptatis
1761 2688 1947 2741 amore

363 2753 577 2826 ﬂagrat.

438 2847 668 2915 Quando
716 2852 971 2911 inimicus
1027 2860 1293 2928 quosdam
1353 2863 1421 2917 ad
1479 2872 1692 2935 turpem
1740 2870 1949 2925 amoris

364 2939 617 2995 allectum
648 2954 975 3003 connectere
1009 2949 1142 3016 vult,
1177 2959 1309 3007 tunc
1334 2963 1389 3009 et
1416 2954 1561 3011 hunc
1587 2966 1643 3012 et
1675 2959 1830 3014 illum
1854 2976 1949 3016 ex-

362 3034 561 3103 plorat,
610 3047 671 3093 ut
696 3054 887 3095 eorum
936 3052 1197 3115 uterque,
1245 3057 1343 3103 aut
1382 3060 1534 3107 certe
1580 3052 1735 3119 alter,
1786 3064 1946 3125 aptus

363 3125 693 3185 inveniatur.
1972 3111 2017 3172 Β

436 3216 649 3275 Faciles
678 3230 733 3277 et
766 3222 991 3280 humani
1038 3235 1097 3282 ut
1139 3228 1432 3296 plurimum
1497 3241 1661 3305 atque
1724 3236 1943 3293 miseri-

363 3310 558 3365 cordes
588 3322 737 3377 sunt,
772 3315 863 3385 qui
893 3316 1101 3373 libidini
1136 3321 1377 3377 student.

440 3400 761 3472 Egestiones
788 3423 911 3477 qua:
942 3409 997 3464 in
1029 3413 1239 3468 somnis
1267 3414 1423 3483 ﬁunt,
1459 3419 1625 3475 variis
1661 3421 1729 3477 de
1761 3425 1943 3481 causis

365 3493 641 3551 oriuntur.
668 3496 777 3553 Aut
807 3500 952 3557 enim
982 3518 1015 3558 a
1044 3512 1240 3562 natura
1266 3510 1527 3566 exsistere
1557 3514 1753 3583 solent,
1790 3526 1883 3572 aut
1910 3535 1941 3574 a

366 3601 560 3642 renum
595 3589 988 3662 imbecillitate,
1029 3606 1124 3653 aut
1151 3613 1183 3654 a
1229 3601 1580 3672 relaxatione,
1626 3617 1719 3663 aut
1756 3611 1825 3665 ab
1860 3610 1942 3666 in-

367 3679 756 3738 dumentorum
793 3694 847 3740 et
876 3689 1104 3759 straguli
1149 3692 1409 3759 mollitie,
1447 3707 1541 3752 aut
1583 3714 1650 3753 ex
1684 3702 1938 3772 ingluvie,

365 3781 460 3827 aut
510 3789 579 3829 ex
617 3778 876 3846 crapula,
932 3789 1027 3837 aut
1079 3797 1145 3837 ex
1183 3784 1400 3851 alTectu,
1435 3798 1528 3843 aut
1564 3806 1628 3845 ex
1664 3792 1942 3851 inﬂatione

365 3864 436 3918 ob
464 3864 810 3924 eﬂluxionem
844 3887 874 3926 a
914 3871 1075 3944 longo
1111 3885 1353 3947 tempore
1400 3896 1506 3935 non
1546 3882 1765 3952 factam,
1794 3898 1886 3941 aut
1909 3904 1940 3943 a

365 3955 602 4021 proximi
651 3960 1127 4029 condemnatione,
1157 3976 1253 4021 aut
1285 3985 1313 4022 a
1356 3970 1663 4027 daemonum
1711 3976 1935 4033 invidia.

364 4048 443 4101 Ac
472 4049 646 4118 prima
694 4053 915 4121 quidem
957 4064 1013 4110 et
1045 4060 1282 4114 secunda
1319 4062 1469 4116 omni
1516 4066 1938 4134 reprehensione

364 4152 571 4209 carent,
596 4147 1039 4217 quandoquidem
1059 4161 1113 4207 et
1130 4153 1423 4212 simulacro
1455 4176 1467 4210 :
1494 4159 1712 4229 reliquae
1731 4171 1933 4230 autem,

363 4244 560 4304 praeter
590 4247 946 4307 postremam,
981 4244 1113 4299 vitio
1145 4253 1433 4301 vertuntur
1461 4266 1476 4304 :
1509 4266 1629 4319 quae
1660 4263 1932 4321 postrema

365 4340 473 4379 non
535 4328 698 4383 modo
768 4333 971 4386 nullam
1035 4337 1514 4405 reprehensionem
1581 4342 1780 4409 habet,
1838 4347 1931 4400 sed

2051 1843 2302 1910 δικαίοις.

2122 1939 2329 2005 Σκοπὸς
2375 1941 2469 1997 τοῦ
2511 1943 2747 2015 μοναχοῦ
2769 1985 2785 2011 ,
2833 1947 3085 2020 καθαρὰν
3115 1950 3319 2016 παντὸς
3362 1953 3579 2020 πάθους
3600 1958 3642 1990 ¹⁶

2050 2034 2236 2100 τηρεῖν
2268 2032 2367 2103 τὴν
2397 2034 2659 2106 καρδίαν
2683 2030 2892 2102 οὗτινος
2924 2041 3236 2112 ἀποτυχὼν.
3269 2045 3568 2101 πλανᾶται.

2123 2122 2280 2194 Πηγὴ
2314 2124 2406 2177 καὶ
2436 2124 2564 2196 ῥίζα
2595 2128 2690 2181 καὶ
2720 2128 2933 2201 κεφαλὴ
2977 2132 3073 2185 καὶ
3119 2132 3421 2206 σύνδεσμος
3452 2138 3645 2208 πάσης

2049 2213 2251 2285 ἀρετῆς
2298 2215 2446 2269 ἐστὶν
2484 2218 2519 2288 ἠ
2561 2217 2869 2290 διάκρισις,
2913 2224 2979 2294 ῆν
3028 2226 3288 2297 κτήσεται
3346 2244 3473 2294 τις,
3524 2234 3639 2293 τοῖς

2050 2303 2420 2373 προωδευκόσι
2472 2307 2571 2378 τὴν
2602 2308 2723 2363 ὁδὸν
2764 2312 2865 2381 τῆς
2914 2313 3152 2385 ἀρετῆς,
3194 2316 3379 2371 πάντα
3423 2320 3634 2373 σκοπὸν

2046 2396 2246 2450 οἰκεῖον
2289 2396 2765 2471 ἀνακοινούμενος.
2815 2402 2971 2457 Οὕτω
3004 2404 3112 2477 γὰρ
3140 2406 3207 2461 ἄν
3231 2409 3277 2441 ¹⁷
3311 2426 3448 2464 ποτε
3481 2411 3641 2467 λῶοι

2046 2487 2123 2558 τῷ
2150 2489 2339 2563 φαύλῳ
2376 2494 2734 2565 περιπίπτων
2753 2498 2831 2564 ὡς
2854 2499 3064 2573 ἀγαθῷ.

2131 2683 2353 2755 Ἐχθρὸς
2386 2686 2650 2757 ἡσυχίας,
2690 2687 2838 2753 ἅπας
2870 2689 3171 2763 φιλήδονος.

2123 2866 2292 2921 Ὅταν
2340 2868 2599 2938 συνδῆσαί
2627 2888 2782 2935 τινας
2818 2872 2901 2935 εἰς
2941 2872 3173 2945 αἰσχρὰν
3206 2872 3457 2928 διάθεσιν
3486 2877 3641 2942 ἀγά-

2050 2973 2159 3026 πης
2183 2958 2211 3009 ό
2244 2955 2437 3028 ἐχθρὸς
2470 2957 2740 3031 βουληθῇ,
2772 2960 3058 3031 δοκιμάζει
3088 2962 3181 3017 καὶ
3217 2962 3416 3019 τοῦτον
3451 2967 3635 3020 κάκεῖ-

2049 3062 2160 3110 νον,
2198 3045 2285 3100 ἵνα
2318 3047 2524 3102 τούτων
2561 3050 2841 3121 ἑκάτερος,
2877 3050 2911 3122 ἢ
2940 3052 3157 3117 πάντως
3189 3055 3218 3107 ό
3255 3055 3471 3125 ἕτερος,
3505 3059 3639 3112 ἐπι-

2046 3136 2255 3207 τήδειος
2285 3137 2561 3209 εὑρεθείη.

2114 3231 2426 3303 Συμπαθεῖς
2470 3231 2545 3297 ὡς
2611 3233 2815 3289 ἐπίπαν
2882 3238 2978 3290 καὶ
3014 3238 3351 3310 ἐλεήμονες,
3400 3243 3454 3296 οἱ
3510 3245 3630 3313 φιλ-

2044 3320 2243 3392 ήδονοι.

2114 3413 2180 3466 Δί
2249 3413 2389 3467 κατά
2471 3414 2598 3475 τοὺς
2662 3415 2865 3481 ὔπνους
2921 3420 3198 3492 ἐκκρίσεις
3242 3463 3261 3485 ,
3331 3423 3628 3496 διαφόρους

2043 3503 2225 3575 ἔχουσι
2245 3504 2346 3569 τάς
2376 3506 2576 3569 αἰτίας.
2610 3508 2681 3560 Ἦ
2705 3508 2816 3580 γὰρ
2839 3511 2905 3562 ἐκ
2927 3511 3143 3580 φύσεως
3166 3513 3429 3581 γίνεσθαι
3458 3517 3633 3586 πεφύ-

2042 3614 2222 3662 κασιν,
2262 3596 2296 3669 ἢ
2338 3598 2398 3663 ἐξ
2426 3598 2711 3664 ἀσθενείας
2746 3601 2981 3672 νεφρῶν,
3011 3603 3043 3674 ἢ
3070 3604 3129 3671 ἐξ
3162 3606 3437 3673 ἀνέσεως,
3481 3608 3516 3679 ἢ
3565 3611 3630 3664 ἐκ

2045 3690 2419 3761 μαλακότητος
2470 3692 2896 3763 περιϐλημάτων
2947 3699 3044 3748 καὶ
3098 3700 3399 3769 στρωμνῆς
3423 3742 3440 3767 ,
3491 3702 3526 3773 ἢ
3569 3703 3631 3767 ἐξ

2041 3783 2368 3854 ἀδηφαγίας,
2403 3782 2437 3853 ἢ
2472 3785 2535 3835 ὲκ
2567 3783 2922 3865 πολυποσίας,
2948 3786 2983 3857 ἢ
3008 3788 3077 3841 ἐκ
3101 3790 3461 3859 συμπαθείας
3483 3795 3553 3861 ιι,
3590 3797 3623 3867 ᾗ

2040 3875 2105 3928 ἐκ
2150 3873 2468 3944 φυσιώσεως
2521 3875 2615 3929 ἐπὶ
2646 3878 2839 3949 χρονίᾳ
2878 3879 3234 3950 ἀρῤευσίᾳη,
3271 3882 3305 3953 ἢ
3356 3884 3427 3937 ἐκ
3458 3903 3629 3940 κατα.

2039 3967 2272 4037 κρίσεως
2296 3967 2389 4022 τοῦ
2420 3969 2668 4038 πλησίον,
2702 3970 2733 4039 ἢ
2766 3971 2830 4023 ὲκ
2856 3970 3053 4041 φθόνου
3082 3971 3381 4041 δαιμόνων.
3428 3976 3496 4031 Ἠ
3525 3980 3628 4048 μὲν

2037 4058 2130 4111 οὖν
2181 4057 2371 4130 πρώτη
2420 4060 2516 4114 καὶ
2560 4060 2824 4131 δευτέρα,
2877 4063 3303 4135 ἁνεπιτίμητοι,
3352 4066 3485 4121 ἐπεὶ
3532 4071 3627 4123 καὶ

2035 4158 2312 4214 ἀνείδωλοι
2333 4176 2346 4191 ·
2377 4163 2433 4215 αἱ
2462 4162 2519 4214 δὲ
2546 4162 2753 4226 λοιπαὶ,
2783 4163 2921 4235 πλὴν
2952 4165 3053 4234 τῆς
3073 4164 3417 4234 τελευταίας,
3452 4189 3618 4225 κατα-

2034 4249 2379 4314 δικάζονται’
2431 4254 2464 4322 ἠ
2518 4252 2574 4306 δὲ
2618 4254 2935 4321 τελευταία,
2976 4257 3036 4308 οὐ
3084 4258 3244 4326 μόνον
3284 4260 3619 4332 ἀνεπιτίμη-

2035 4360 2142 4408 τος,
2173 4343 2309 4397 ἀλλὰ
2342 4345 2434 4398 καὶ
2463 4344 2699 4415 θάρσους
2741 4347 2912 4404 αἰτία.
2941 4348 3223 4404 Φθονεῖται
3254 4350 3369 4422 γὰρ
3401 4354 3434 4406 ὁ
3472 4355 3622 4408 εὐδο-

363 4418 527 4473 etiam
577 4421 831 4478 ﬁduciam
873 4425 1147 4481 conciliat.
1181 4425 1320 4483 lluic
1357 4430 1499 4485 enim
1539 4432 1806 4489 invidetur
1836 4439 1927 4507 qui
1964 4448 2004 4502 ο
2034 4435 2230 4506 κιμῶν.

362 4511 694 4569 inclarescit.

430 4602 705 4661 Obscenas
751 4609 929 4663 noctis
972 4612 1181 4680 species
1216 4613 1452 4671 interdiu
1500 4626 1679 4673 mente
1707 4619 1925 4677 volvere

361 4712 469 4752 non
504 4709 733 4768 oportet.
777 4702 834 4756 ld
862 4702 1006 4756 enim
1049 4705 1152 4761 sibi
1187 4718 1500 4777 praponunt
1525 4710 1825 4777 daemones,
1875 4724 1934 4771 ut

360 4806 547 4845 carum
583 4794 960 4850 recordatione
991 4798 1275 4865 vigilantes
1299 4801 1461 4856 etiam
1492 4802 1751 4859 inhciant.

431 4882 677 4940 Maxima:
721 4885 965 4945 libidinis
1005 4890 1093 4944 ille
1139 4901 1257 4957 est,
1307 4894 1402 4963 qui
1430 4897 1739 4964 spurcitiem
1773 4914 1926 4954 suam

357 4990 600 5047 persaepe
632 4992 741 5033 non
773 4980 891 5035 sine
919 4981 1213 5053 voluptatis
1241 4998 1407 5041 sensu
1438 4986 1745 5043 conﬁtetur.

429 5155 556 5214 Haec
587 5175 802 5230 quoque
836 5160 1143 5220 daemonum
1176 5167 1413 5224 versutia
1442 5176 1551 5234 est,
1597 5178 1656 5225 ut
1696 5184 1791 5227 eos
1831 5172 1923 5241 qui

427 5324 470 5352 ιι
497 5312 632 5371 Luc.
658 5331 815 5383 xvnt,
855 5316 942 5382 12,
981 5319 1064 5373 15.

2106 4615 2218 4678 Τὰς
2246 4614 2479 4686 αἰσχρὰς
2514 4614 2815 4683 φαντασίας
2854 4614 2918 4669 οὐ
2944 4616 3050 4687 χρὴ
3089 4616 3210 4687 μεθ’
3240 4617 3464 4690 ἡμέραν
3490 4620 3619 4675 ἀνα·

2034 4708 2363 4775 λογίζεσθαι.
2408 4708 2617 4771 Σκοπὸς
2648 4708 2759 4778 γὰρ
2782 4709 2894 4772 τοῖς
2920 4708 3187 4779 δαίμοσι,’
3207 4711 3305 4764 καὶ
3339 4712 3618 4783 νήφοντας

2040 4800 2286 4871 μολύνειν
2313 4803 2378 4873 τῇ
2411 4802 2603 4875 μνήμῃ
2629 4803 2858 4855 τούτων.

2119 4891 2561 4962 Ἐμπαθέστατος
2611 4893 2641 4944 ὁ
2680 4893 2774 4946 καὶ
2824 4890 2994 4961 αὐτὴν
3041 4892 3307 4955 πολλάκις
3354 4893 3460 4965 τὴν
3509 4894 3616 4947 τῶν

2037 4983 2329 5056 μολυσμῶν
2371 4984 2758 5056 ἐξομολόγησιν
2804 4984 2943 5054 μετὰ
2976 4984 3380 5055 ἡδυπαθείας¹⁹
3426 4990 3613 5041 ποιούς

2077 5094 2215 5141 ενος.

2036 5098 2215 5224 μςὲοαῖ
2229 5168 2385 5225 τοῦτο
2406 5171 2706 5241 πανουργία
2725 5170 3016 5244 δαιμόνων,
3043 5171 3104 5225 τὸ
3122 5169 3412 5243 βλαϐεροῖς
3438 5189 3610 5243 προσ-

1637 5472 1864 5531 VARle
1902 5474 2308 5534 LECTIONES.

432 5619 596 5698 “‘
638 5620 796 5698 inser.
831 5625 1084 5698 πονηροῦ.
1186 5631 1226 5662 ⁸⁷
1263 5630 1348 5686 Al.
1386 5631 1484 5688 κᾶν
1518 5631 1555 5685 l.
1591 5632 1686 5686 οὐκ
1707 5633 1790 5688 ἄν.

369 5689 417 5722 ⁸ο
456 5689 539 5741 Al.
565 5691 880 5758 ὲμπαθείας.

1899 5633 1939 5665 ’⁸
1969 5632 2055 5689 ΑΙ.
2085 5634 2143 5701 ἐξ
2177 5635 2496 5707 ἐμπαθεῐας.

2609 5635 2652 5669 ⁸³
2692 5635 2774 5691 Al.
2819 5636 3067 5711 ἀρευσῐᾳ.
3115 5633 3226 5693 Iut.
3293 5637 3614 5713 ἀρρωτιᾳ.
