3816 6220
208 293 357 360 1469

196 409 375 473 ὡποις
412 407 736 480 ὁμιλοῦντας
750 449 767 475 ,

194 519 311 566 κις,
344 500 480 556 ἀλλὰ
527 502 667 572 μετὰ
699 503 911 576 καιρὸν,
940 504 1064 574 μηδ’
1092 506 1173 568 εἰς
1197 504 1336 559 αὐτὰ
1374 506 1444 559 τὰ
1468 506 1733 576 πρόσωπα
1760 523 1775 539 ο

194 597 284 650 ἴνα
330 595 615 661 δοκοῦντες
646 598 914 670 ἑτέρωθεν
964 599 1269 672 βλαϐῆναι,
1311 600 1451 666 τέως
1479 602 1655 656 ταῦτα
1702 603 1778 674 μὴ

197 686 620 759 φυλαττώμεθα.

270 974 349 1028 Τὸ
394 973 528 1028 αὐτὸ
571 973 906 1046 ἁμάρτημα,
940 974 1216 1045 διαφόρως
1246 975 1305 1028 ὲν
1342 973 1619 1045 διαφόροις
1658 974 1779 1045 κρί-

194 1066 392 1120 νεσθαι
442 1066 631 1120 εἴωθεν
649 1083 665 1097 ο
718 1065 779 1131 ἐξ
826 1066 1041 1137 ἡλικίας
1065 1106 1080 1133 ,
1109 1068 1173 1120 ὲκ
1200 1065 1366 1119 τόπου
1391 1104 1406 1130 ,
1444 1068 1507 1119 ὲκ
1539 1066 1741 1137 τρόπου
1761 1107 1778 1134 ,

196 1158 294 1212 καὶ
324 1157 384 1225 ἐξ
412 1158 633 1228 ἐτέρων.

266 1250 337 1304 El
384 1250 459 1321 μὴ
512 1249 888 1320 προνοητικῶς
916 1249 1016 1321 τὴν
1048 1248 1141 1303 τοῦ
1193 1250 1384 1321 θήλεος
1429 1250 1605 1321 ὁρμὴν
1643 1250 1783 1303 αἰδοῖ

194 1339 408 1411 Κύριος
441 1340 791 1412 ὲχαλίνωσεν,
828 1340 1118 1412 ηὐτομόλει
1142 1341 1200 1395 δὲ
1233 1341 1391 1396 τοῦτο
1430 1342 1567 1413 πρὸς
1590 1342 1651 1395 τὸ
1678 1342 1780 1413 ἄρ·-

193 1449 292 1487 σεν
312 1475 327 1499 ,
355 1433 527 1497 ὅντως
550 1433 650 1486 οὐκ
686 1432 753 1487 ἂν
783 1432 962 1504 ἐσώθη
988 1434 1141 1488 πᾶσα
1170 1432 1329 1505 σάρξ.

262 1612 428 1677 Τινὲς
472 1613 721 1679 εὐλαϐεῖς
756 1614 1014 1688 θεάμενοι
1042 1615 1336 1689 προσώπου
1367 1616 1563 1681 κάλλος
1585 1659 1600 1684 ,
1640 1617 1778 1671 ὑπό·-

191 1703 348 1756 θεσιν
378 1702 539 1756 τοῦτο
568 1704 846 1759 ποιοῦνται
871 1707 971 1774 τῆς
1005 1707 1085 1769 είς
1114 1706 1246 1760 Θεὸν
1265 1705 1597 1775 δοξολογίας,
1627 1708 1778 1771 ὅπως

188 1796 251 1863 ἐξ
284 1795 431 1850 οὕτω
480 1797 823 1869 φαυλοτάτης
852 1797 985 1869 ὕλης
1030 1798 1288 1871 τοιαύτην
1317 1799 1631 1870 ὡραιότητα
1664 1800 1775 1853 διε-

193 1887 493 1959 μόρφωσε⁶
539 1888 636 1943 καὶ
683 1888 1021 1958 δακρύουσι,
1068 1888 1226 1944 τοῦτο
1274 1891 1374 1961 μὲν
1416 1890 1507 1959 ὑφ’
1550 1891 1774 1961 ἡδονῆς,

187 1978 356 2034 τοῦτο
382 1978 441 2033 δὲ
473 1981 568 2033 καὶ
599 1981 681 2034 ὅτι
711 1979 934 2052 τοιαύτη
964 1981 1262 2053 φαιδρότης
1293 1982 1398 2036 ὑπὸ
1428 1981 1640 2052 φαύλης
1664 1984 1779 2054 ἠδο-

186 2071 291 2144 νῆς
324 2072 765 2142 καταμιαίνεται.
827 2074 934 2127 Καὶ
967 2074 1140 2139 ὅντως
1191 2073 1541 2146 θαυμαστὸν,
1582 2076 1701 2140 πῶς
1749 2079 1777 2131 ὁ

187 2166 400 2238 ἑτέρων
444 2166 655 2239 βόθρος,
704 2168 911 2239 ἑτέροις
948 2169 1174 2243 ἀφορμὴ
1206 2169 1491 2239 στεφάνων
1514 2170 1777 2243 καθίστα-

186 2278 306 2315 ται.
360 2259 435 2314 Τὸ
466 2260 599 2315 αὐτὸ
642 2262 699 2315 δὲ
734 2262 829 2316 καὶ
876 2262 1004 2333 περὶ
1037 2262 1139 2327 τάς
1186 2262 1453 2335 μελῳδίας
1492 2265 1772 2329 ποιοῦσιν,

186 2353 273 2416 είς
310 2351 575 2424 ἔκπληξιν
597 2352 910 2424 κινούμενοι
933 2354 1033 2423 τῆς
1061 2354 1463 2427 μεγαλουργίας
1488 2355 1583 2409 τοῦ
1614 2354 1773 2421 Θεοῦ,

188 2446 289 2501 καὶ
329 2445 540 2518 θερμὴν
573 2446 817 2517 ἀγάπην.

261 2536 571 2608 Πολεμοῦσι
625 2538 736 2608 (15)
764 2538 878 2601 τοῖς
910 2539 1248 2609 ἠσυχασταῖς
1295 2537 1346 2591 οἱ
1380 2536 1637 2608 δαίμονες
1678 2537 1777 2606 τῆς

186 2627 456 2699 πορνείας
476 2644 489 2661 σ
524 2628 593 2683 ἵν’
622 2628 698 2693 ὡς
733 2629 912 2700 μάτην
951 2628 1357 2701 ἡσυχάζοντας,
1387 2628 1778 2697 καταγάγωσιν

186 2720 275 2784 είς
308 2720 410 2784 τὰς
440 2721 645 2785 πόλεις.

262 2814 384 2869 Οὐκ
425 2814 703 2887 ἐνοχλοῦσι
749 2815 1010 2879 πολλάκις
1040 2816 1152 2881 τοῖς
1194 2818 1255 2869 ὲν
1294 2817 1416 2878 ταῖς
1448 2814 1639 2867 πόλεσι
1678 2829 1775 2883 μο-

189 2908 380 2977 ναχοϊς
408 2924 421 2937 ·
452 2906 521 2960 ἵν’
570 2906 648 2971 ὡς
680 2908 755 2979 μὴ
803 2906 1237 2978 πολεμούμενοι,
1280 2907 1516 2978 μένωσιν
1548 2907 1607 2959 ὲν
1640 2904 1775 2959 ταύ-

185 3014 337 3063 ταις.

1525 301 1627 360 D‘E
1654 300 1845 361 OCTO
1909 302 2159 363 VlTllS.

829 411 905 483 μὴ
935 412 1250 482 παραυτίκα
1276 412 1537 483 βλάπτειν
1579 414 1774 468 πολλά-

1892 431 2013 471 cum
2050 414 2371 485 perniciosis
2424 415 2678 484 personis
2721 414 3185 470 consuetudinem-
3242 414 3458 477 habent,

3331 300 3464 364 1470

1885 524 2030 579 szepe
2064 524 2171 563 non
2211 507 2468 578 protinus
2518 508 2849 563 detrimento
2899 509 3158 569 alliciam,
3213 507 3307 561 sed
3364 508 3460 560 ali-

1882 609 2086 671 quanto
2123 610 2246 671 post
2290 599 2614 668 intervallo,
2664 616 2843 671 neque
2885 616 3013 671 erga
3060 598 3280 653 easdem
3338 612 3462 667 per-

1883 709 2083 760 sonas;
2150 708 2261 764 quo
2322 693 2582 748 nimirum
2612 734 2635 759 ,
2684 692 2904 747 aliunde
2958 691 3117 746 nobis
3167 690 3463 745 detrimen-

1884 796 1995 841 tum
2046 785 2237 841 inferri
2289 786 2712 852 existimantes,
2781 785 2881 841 has
2949 783 3169 838 interim
3235 782 3463 836 minime

1882 894 2191 935 caveamus.

1957 970 2131 1026 Unum
2164 969 2416 1040 idemque
2460 983 2746 1039 peccatum
2795 970 2946 1024 varie
2980 969 3037 1023 in
3089 968 3259 1023 variis
3281 966 3460 1021 homi-

1881 1063 2040 1118 nibus
2060 1064 2293 1133 judicari
2336 1064 2657 1133 consuevitf;
2689 1078 2885 1133 nempe
2917 1078 2985 1117 ex
3011 1070 3190 1127 aetate,
3225 1076 3293 1115 ex
3315 1059 3459 1126 loco,

1879 1170 1946 1209 ex
1972 1155 2157 1222 modo,
2190 1154 2431 1225 aliisque
2450 1155 2635 1209 rebus.

1951 1246 2064 1302 Nisi
2092 1245 2380 1314 Dominus,
2400 1261 2497 1315 pro
2526 1262 2623 1301 sua
2654 1245 3013 1316 providentia,
3043 1242 3259 1298 feminae
3288 1244 3461 1312 impe-

1878 1347 1995 1394 tum
2018 1339 2242 1408 pudoris
2290 1337 2446 1393 freno
2490 1339 2927 1407 compressisset,
2980 1351 3170 1389 verum
3221 1335 3337 1403 ipsa
3392 1333 3459 1387 ad

1878 1430 2184 1485 masculum
2232 1430 2381 1484 ultro
2426 1429 2902 1499 proﬁcisceretur,
2957 1435 3124 1492 certe;
3149 1442 3256 1481 non
3306 1427 3460 1481 fieret

1880 1522 2029 1577 salva
2060 1522 2244 1577 omnis
2272 1536 2400 1576 caro
2428 1531 2477 1577 ιι.

1947 1614 2180 1681 Quidam
2210 1614 2284 1683 pii
2319 1615 2440 1677 viri,
2471 1630 2594 1669 cum
2620 1614 2923 1683 elegantem
2956 1612 3190 1669 formam
3221 1626 3459 1681 conspe-

1880 1709 2082 1773 xerint,
2108 1707 2235 1762 hinc
2254 1707 2425 1762 Deum
2448 1707 2755 1762 celebrandi
2780 1707 3124 1761 occasionem
3150 1704 3417 1772 arripiunt
3441 1743 3457 1767 ,

1881 1799 2026 1871 quod
2059 1814 2123 1853 ex
2157 1800 2386 1854 materia
2417 1814 2591 1869 usque
2620 1798 2755 1852 adeo
2778 1798 2871 1851 vili
2906 1805 3111 1851 tantam
3148 1794 3455 1865 pulchritu-

1880 1891 2059 1946 dinem
2087 1889 2362 1944 ellinxerit
2388 1908 2400 1944 :
2428 1897 2594 1958 atque
2621 1888 2783 1942 etiam
2846 1886 3207 1957 illacrymant,
3260 1884 3454 1951 partim

1879 1983 2089 2048 laetitia,
2118 1983 2315 2053 partim
2341 1982 2483 2052 quod
2508 1989 2696 2035 tantus
2725 1980 2981 2045 splendor
3012 1979 3152 2049 turpi
3187 1978 3463 2046 voluptate

1879 2080 2308 2135 contaminelur.
2337 2077 2404 2132 Et
2438 2093 2571 2133 sane
2601 2077 2801 2130 mirum
2825 2083 2927 2141 est,
2961 2090 3071 2145 quo
3118 2081 3276 2143 pacto
3307 2068 3456 2140 quod

1880 2173 2003 2229 aliis
2030 2171 2182 2227 fovea
2214 2180 2318 2235 est,
2374 2171 2499 2228 aliis
2527 2184 2852 2225 coronarum
2903 2168 3123 2223 occasio
3166 2166 3277 2221 llat.
3313 2163 3457 2218 idem

1878 2279 2095 2334 quoque
2130 2265 2185 2317 in
2219 2262 2516 2318 modulatis
2549 2261 2803 2317 cantibus
2833 2259 3075 2326 faciunt;
3102 2258 3228 2312 hinc
3251 2256 3454 2327 quippe

1879 2356 1932 2409 in
1957 2354 2373 2409 admirationem
2422 2352 2623 2407 divinae
2667 2347 3080 2421 magnificentiae
3105 2387 3121 2413 ,
3157 2348 3322 2416 inque
3369 2360 3462 2401 ar—

1877 2448 2093 2502 dentem
2121 2446 2215 2500 Dei
2247 2460 2486 2499 amorem
2515 2443 2888 2513 impelluntur.

1953 2539 2233 2593 Daemones
2256 2535 2640 2592 fornicationis
2666 2532 2930 2591 solitariis
2970 2531 3175 2586 bellum
3200 2527 3457 2592 inferunt,

1878 2646 1987 2701 quo
2021 2630 2271 2684 videlicet
2299 2644 2419 2695 eos,
2469 2638 2728 2697 tanquam
2786 2627 3062 2681 incassum
3110 2621 3461 2678 solitudinem:

1878 2725 2140 2789 colentes,
2176 2722 2231 2776 in
2262 2722 2426 2776 urbes
2455 2720 2770 2797 detrahant,

1953 2813 2238 2869 Monachis
2274 2813 2342 2868 iis
2372 2811 2467 2882 qui
2496 2811 2550 2865 in
2586 2811 2818 2865 urbibus
2847 2813 3282 2870 commorantur,
3317 2815 3460 2872 saepe

1880 2906 2189 2962 molestiam
2246 2920 2356 2959 non
2392 2902 2685 2968 exhibent;
2738 2911 2797 2956 ut
2843 2898 3012 2955 veluti
3060 2898 3285 2953 minime
3316 2894 3461 2951 bello

1878 2996 2085 3061 vexati,
2116 2995 2169 3049 in
2200 2994 2267 3049 iis
2294 3000 2572 3048 maneant.

265 3089 441 3144 Ἔνθα
480 3090 875 3159 πολεμοῦνται,
906 3092 1126 3155 πάντως
1156 3091 1275 3145 ἐκεῖ
1314 3090 1409 3145 καὶ
1437 3090 1764 3162 πολεμοῦσι.

1949 3087 2055 3145 Ubi
2093 3086 2236 3141 bello
2269 3086 2636 3151 lacessuntur,
2684 3082 2795 3137 illic
2839 3094 3061 3152 quoque
3088 3076 3314 3133 omnino
3342 3074 3459 3131 bel-

187 3184 285 3257 Μὴ
319 3184 717 3255 πολεμούμενοι
746 3185 879 3256 γὰρ,
910 3184 1030 3238 οὐδὲ
1060 3182 1407 3255 πολεμοῦσιν.

262 3358 500 3423 Πολλοὺς
528 3358 636 3412 τῶν
669 3358 939 3429 μοναχῶν,
963 3357 1131 3429 ἡνίκα
1156 3356 1374 3427 γυναιξὶ
1414 3356 1775 3424 διαλέγονται,

189 3448 454 3521 δακρύειν
492 3452 639 3503 ποιεῖ
674 3450 771 3504 καὶ
818 3449 1027 3503 στένειν
1062 3450 1091 3504 ὁ
1137 3448 1401 3520 πονηρὸς,
1442 3447 1540 3502 καὶ
1566 3447 1779 3518 θαυμα-

193 3538 330 3604 σίως
393 3538 714 3610 παραινεῖν,
770 3538 898 3609 περί
954 3554 1014 3591 τε
1072 3538 1292 3609 μνήμης
1357 3536 1628 3600 θανάτου,
1680 3535 1777 3590 καὶ

194 3631 594 3703 σωφροσύνης
643 3630 732 3683 ἴνα
776 3629 990 3694 τούτοις
1041 3629 1415 3684 δελεασθεῖσαι
1456 3630 1513 3683 αἱ
1553 3628 1774 3694 ἄθλιαι,

193 3719 624 3791 προσδράμωσιν
652 3718 727 3782 ὡς
757 3718 975 3790 ποιμένι
1016 3718 1097 3791 τῷ
1127 3719 1299 3791 λύκῳ,
1354 3719 1447 3774 καὶ
1488 3718 1777 3790 συνηθείας

192 3811 295 3869 καὶ
336 3812 652 3885 παρρησίας
698 3810 1034 3883 γενομένης,
1094 3814 1176 3876 είς
1224 3812 1316 3865 τὸν
1362 3811 1557 3884 βόθρον
1603 3810 1778 3882 ἐμπέ-

196 3920 387 3959 σωσιν.

266 3995 533 4067 Φύγωμεν
560 3996 792 4067 καρπὸν,
834 3987 896 4051 οὗ
946 3994 1021 4068 μὴ
1056 3995 1255 4051 ἐσθίειν
1294 3997 1773 4071 ἐπηγγειλάμεθα·

199 4088 278 4160 μή
310 4105 440 4142 ποτε
474 4087 765 4159 βλέποντες
790 4087 986 4151 αὐτὸν,
1014 4088 1151 4158 πρὸς
1178 4087 1477 4157 ἐπιθυμίαν
1507 4089 1771 4162 ἔλθωμεν.

208 4178 307 4234 Ἐκ
342 4178 440 4233 τοῦ
465 4180 598 4250 ὁρᾷν
643 4178 757 4251 (16)
784 4178 914 4251 γὰρ,
944 4178 1007 4241 τὸ
1033 4180 1167 4250 ὲρᾷν
1186 4218 1203 4245 ,
1237 4179 1315 4241 ὡς
1340 4180 1591 4250 λέγουσιν
1626 4182 1677 4235 οἱ
1706 4182 1776 4237 τά

192 4271 425 4329 τοιαῦτα
459 4274 634 4343 σοφοί.

1882 3182 1992 3236 lum
2019 3186 2237 3250 gerunt.
2271 3176 2409 3233 Cum
2445 3176 2590 3232 enim
2621 3189 2729 3229 non
2785 3181 3193 3244 Oppuguantur,
3226 3184 3326 3225 nec
3355 3169 3458 3223 im-

1995 3288 2147 3325 ηιιηι.

1995 3288 2024 3325 n
2131 3310 2147 3324 .

1879 3288 2008 3418 Imlgn
2032 3280 2338 3432 aElterisque
2392 3357 2716 3420 monachis,
2777 3354 2990 3426 quoties
3041 3351 3276 3408 feminas
3321 3351 3458 3406 allo-

1878 3464 2144 3526 quuntur,
2195 3453 2375 3508 malus
2434 3451 2526 3507 ille
2556 3449 2610 3504 id
2636 3447 2799 3503 eliicit
2829 3457 2885 3501 ut
2914 3447 3186 3517 lacrymas
3208 3443 3456 3499 emittant

1879 3559 1933 3604 et
1960 3546 2341 3619 ingemiscant,
2379 3558 2443 3598 ac
2470 3543 2536 3598 de
2562 3541 2754 3596 mortis
2789 3539 3049 3599 memoria
3093 3545 3147 3591 et
3188 3536 3455 3591 castitatis

1878 3641 2027 3697 cultu
2062 3638 2320 3693 mirilicas
2363 3635 2776 3692 cohortationes
2811 3631 3085 3697 habeant;
3120 3644 3231 3700 quo
3250 3626 3456 3692 scilicet

1880 3734 1966 3789 his
1997 3732 2159 3787 rebus
2182 3731 2397 3785 miserae
2427 3730 2530 3783 illa:
2559 3728 2834 3791 inescataa,
2856 3724 2924 3779 ad
2956 3724 3138 3791 lupum
3166 3727 3453 3776 accurrant

1877 3838 2135 3895 tanquam
2157 3823 2223 3878 ad
2248 3830 2545 3893 pastorem,
2585 3830 2814 3889 ortaque
2836 3815 3206 3872 familiaritate
3228 3820 3286 3869 et
3326 3811 3450 3866 ﬁdu-

1879 3918 1982 3983 cia,
2017 3918 2069 3972 in
2100 3918 2309 3971 foveam
2342 3913 2603 3969 incidant.

1954 4009 2258 4081 Fugiamus
2285 4023 2410 4063 eum
2436 4006 2699 4068 fructum,
2724 4019 2754 4059 a
2799 4003 2957 4072 cujus
2984 4015 3082 4055 esu
3113 3998 3457 4055 abstenturos

1884 4118 1986 4159 nos
2041 4100 2275 4172 professi
2308 4113 2539 4166 sumus;
2596 4112 2665 4151 ne
2700 4094 2837 4151 forte
2883 4099 3171 4148 cernentes
3206 4105 3356 4154 eum,
3400 4087 3453 4141 iu

1877 4195 2232 4266 cupiditatem
2274 4192 2579 4248 veniamus.
2619 4187 2831 4243 Etenim
2882 4201 2948 4241 ex
2979 4191 3202 4254 aspectu
3232 4180 3455 4236 allectus

1878 4300 1971 4341 seu
2006 4299 2162 4339 amor
2206 4282 2405 4346 oritur,
2434 4288 2495 4335 ut
2526 4280 2681 4333 aiunt
2704 4276 2799 4348 qui
2850 4275 2909 4329 in
2943 4270 3259 4343 hujusmodi
3298 4268 3456 4324 rebus

1878 4377 2001 4433 sciti
2033 4384 2197 4446 atque
2221 4373 2419 4430 eruditi
2445 4380 2596 4451 sunt.

266 4472 505 4529 Δυνατόν
555 4475 728 4540 ἔστιν,
773 4473 839 4527 ὲκ
883 4472 1142 4543 λαγνείας
1176 4474 1257 4535 είς
1298 4470 1523 4541 ἁγνείαν
1570 4468 1772 4539 ἐλθεῖν,

1948 4463 2218 4521 Possibile
2255 4471 2357 4528 est,
2413 4477 2480 4517 ex
2515 4458 2793 4516 salacitate
2826 4455 2895 4511 ad
2936 4452 3240 4510 castitatem
3284 4464 3343 4505 se
3372 4464 3462 4505 re-

196 4568 249 4622 εί
280 4566 374 4621 καί
399 4566 544 4631 τινές
571 4583 736 4635 φασιν
760 4565 1025 4620 ἀδύνατον
1052 4563 1312 4635 γενέσθαι
1344 4563 1483 4636 μετὰ
1515 4562 1615 4635 τὴν
1647 4561 1778 4632 γεῦ-

200 4676 290 4714 σιν
317 4658 414 4729 τῆς
443 4658 719 4729 ἁμαρτίας
748 4657 933 4727 ἁγνόν.
985 4656 1168 4726 Ἀγνοὶ
1209 4654 1320 4728 γάρ
1362 4656 1564 4721 πάντες
1588 4653 1777 4719 ἁπλῶς

195 4748 255 4805 οι
284 4748 453 4820 ἅγιοι.

266 4933 298 4962 ιδ
326 4923 513 4980 Matth.
540 4940 691 4988 χχιιι,
720 4923 814 4977 εξ.

1882 4557 2052 4622 ferre;
2084 4555 2188 4611 etsi
2223 4554 2444 4624 quidam
2472 4550 2741 4606 allirment
2776 4544 3114 4618 impossibile
3144 4556 3289 4609 esse,
3336 4551 3457 4612 post

1882 4659 2100 4723 gustum
2149 4646 2356 4718 peccati
2399 4642 2535 4699 ellici
2585 4649 2800 4697 castum
2845 4656 2863 4695 :
2908 4636 3045 4692 casti
3096 4634 3238 4691 enim
3266 4645 3459 4689 omnes

1887 4742 2047 4813 plane
2082 4748 2213 4797 sunt
2244 4736 2339 4809 qui
2368 4740 2498 4791 sunt
2526 4730 2727 4788 sancti.

1719 5090 1950 5148 NOTIE.

273 5268 743 5345 (15)H018po_ﬁqi
782 5269 907 5345 τοῖς
946 5269 1350 5345 ᾐσῃχασταῖς.
1389 5266 1447 5322 ln
1479 5264 1767 5345 bis..i77_0,

202 5335 673 5428 iniiio'Opusculi,
699 5341 844 5428 istud
884 5335 1142 5428 ischoli‘o’n
1168 5339 1440 5428 .cern’it’ur,
1472 5335 1617 5428 6X11?
1638 5337 1768 5428 Laio:

201 5416 304 5486 τῆς
340 5407 538 5477 κακίας
568 5409 847 5483 λογισμοί·
878 5412 989 5474 τοῖς
1028 5411 1125 5482 μὲν
1158 5407 1544 5481 ἡσυχάζουσιν,
1573 5407 1602 5459 ὁ
1632 5408 1772 5477 ἀκη-

201 5486 396 5548 δίας,ό
424 5480 815 5552 κενοδοξίαςμό
860 5479 1264 5552 ὑπερηφανίας,
1309 5480 1339 5532 ό
1385 5476 1771 5552 φιλαργυρίας,

201 5547 347 5611 καϊὸ
377 5553 554 5624 λύπης
574 5568 590 5582 ·
615 5547 810 5624 τοῐςδὲ
846 5553 903 5624 εν
930 5547 1259 5624 ύπᾷαγῇηὸ
1306 5547 1772 5624 γαστριμαργὲας.

204 5625 302 5706 mf.
322 5617 521 5706 ὀργῆς,
550 5622 645 5706 καὶ
679 5621 956 5706 πορνείας.
987 5617 1465 5706 ϐξρὶὶῇἀεροιῗῳὰ
1494 5617 1770 5706 Superius,

202 5696 317 5819 ἑοῖς
349 5687 414 5748 ἐν’
442 5687 662 5765 ἡσυχίᾳ,
702 5687 933 5763 μάλιστα
972 5687 1203 5762 πολεμεῖ
1227 5690 1287 5744 τὸ
1315 5689 1483 5751 πάθος
1514 5689 1611 5756 τῆς
1636 5687 1772 5756 ἀκη-

240 5782 343 5819 ιας.

240 5782 343 5829 ιας.

1947 5265 2060 5337 (16)
2090 5267 2195 5337 Ἐκ
2232 5262 2339 5337 toi}
2360 5257 2511 5329 ὀρᾷν
2534 5258 2630 5337 τὸ.
2650 5253 2816 5337 ἐρᾶν.
2842 5251 3290 5337 Postﬂi’latonemI
3306 5250 3456 5337 apud

1875 5319 2269 5392 Theodoritum
2294 5319 2474 5387 Ser'm'.
2496 5328 2594 5384 ult.
2617 5319 2931 5387 in‘G'ra'cos,
2954 5323 3209 5392 Clemens
3229 5319 3461 5392 Alexan-

1879 5389 2397 5479 έῐῖηίιὲΡιξάαέιρίῑί.
2424 5400 2520 5479 li!!-
2551 5414 2630 5462 ιιι»
2663 5412 2802 5479 cap:
2817 5395 2883 5479 5-.
2896 5389 3453 5479 J§id2"£§.?9'1‘§i‘33‘3

1880 5459 2086 5541 librarii,
2111 5459 2427 5545 episti‘ﬁ},
2453 5469 2554 5545 lib_._
2575 5459 2629 5531 ν,
2668 5459 2828 5545 epist.
3008 5468 3064 5545 et
3089 5459 3457 5545 .Nilusmos’ter

1880 5527 2645 5614 libiii,'episti318,'qui_bus
2694 5527 2831 5614 adde
2868 5531 3201 5606 Hesychium
3251 5530 3305 5583 in
3353 5527 3455 5614 όμῗ

1880 5606 2313 5691 μάτειος-’πόθος
2338 5652 2353 5676 ,
2394 5606 2951 5691 _ct'_EtXmologicum
3020 5614 3279 5673 magnum
3324 5611 3449 5655 cum

1877 5679 2292 5755 proverbiorum
2325 5679 2732 5737 rnllectoribus.
