3816 6220
381 280 506 344 1471

1671 289 1737 348 Β.
1778 286 2249 348 ΙιϊΡΕιιΕρΗιι

3521 297 3667 361 14ἷὲ

450 393 642 448 Varius
676 404 759 449 cst
787 395 1027 451 libidinis
1068 398 1298 452 daemon.
1334 397 1545 453 Etenim
1578 399 1647 453 iis
1676 402 1767 470 qui
1801 401 1962 453 inex-L
1990 442 1993 456 ι

2135 402 2388 466 Ποικίλος
2408 405 2437 457 6
2467 403 2568 473 τῆς
2596 402 2850 471 λαγνείας
2874 402 3088 474 δαίμων
3108 420 3122 434 ·
3149 406 3267 470 τοῖς
3286 405 3389 475 μὲν
3409 408 3655 481 ἀπείροις

377 485 513 551 perti
550 496 694 551 sunt,
726 488 968 556 suggerit
1016 498 1075 543 ut
1103 491 1269 545 semel
1294 492 1686 560 experientiam
1719 494 1955 561 capiant,

376 574 442 626 ad
468 574 639 627 solam
667 576 959 645 voluptatis
988 580 1268 634 notionem
1300 598 1313 645 ;
1347 596 1441 636 eos
1477 595 1608 634 vero
1632 582 1725 651 qui
1751 585 1957 652 experti

376 672 523 727 sunt,
558 681 654 734 per
681 669 1116 726 recordationem
1164 672 1230 727 ad
1266 688 1470 727 novum
1526 674 1957 743 experimentum

375 758 661 824 pertrahit.

447 847 623 911 Multi,
657 859 771 905 tum
800 868 865 907 ex
893 854 960 908 iis
989 854 1081 924 qui
1111 858 1447 929 experientia
1472 859 1650 915 edocti
1674 877 1781 914 non
1807 869 1956 926 sunt,

374 938 444 990 ub
502 942 795 1011 voluptatis
852 930 1276 1017 ignorationem,
1312 951 1381 1005 ab
1408 952 1559 1007 omni
1610 953 1752 1007 bello
1780 953 1956 1020 liberi,

374 1039 488 1083 tum
548 1049 743 1092 rursus
789 1032 854 1093 ex
900 1038 967 1094 iis
1014 1041 1106 1110 qui
1139 1041 1477 1111 experientia
1511 1044 1838 1109 didicerunt,
1889 1047 1959 1103 ob

375 1124 704 1191 satietatem,
746 1128 815 1181 ab
869 1131 1017 1184 omni
1055 1132 1306 1189 molestia
1344 1143 1401 1189 et
1438 1136 1824 1194 obturbatione
1858 1139 1961 1193 im-

374 1227 570 1269 munes
601 1229 1037 1285 permanserunt.

356 1346 367 1361 .
444 1304 545 1372 Qui
597 1324 795 1378 corpus
839 1312 989 1376 vicit,
1022 1315 1160 1371 idem
1209 1326 1460 1373 naturam
1505 1321 1815 1389 superavit;
1862 1322 1955 1392 qni

373 1404 552 1453 autem
605 1409 857 1458 naturam
917 1408 1216 1475 superavit,
1278 1410 1325 1465 is
1379 1422 1629 1466 naturam
1684 1415 1956 1480 excessit;

372 1504 438 1543 ac
495 1490 748 1560 deinceps
802 1495 1105 1553 minoratus
1167 1510 1252 1555 est
1302 1502 1465 1570 paulo
1510 1504 1693 1557 minus
1741 1503 1812 1559 ab
1857 1519 1957 1560 an-

372 1580 506 1649 gelis
540 1589 566 1618 ο
599 1600 611 1635 :
649 1584 958 1656 mirumque
987 1597 1092 1655 est,
1121 1607 1231 1661 quo
1261 1594 1425 1649 modo
1455 1595 1548 1664 qui
1580 1596 1808 1651 materia
1833 1611 1960 1655 con-

371 1681 485 1726 stat
514 1674 888 1733 adversarium
920 1682 1146 1737 materia
1168 1694 1442 1740 carentem
1477 1688 1847 1756 prostraverit.

442 1762 577 1819 Cum
626 1781 817 1824 omnes
846 1770 1142 1840 daemones,
1194 1785 1308 1829 tum
1357 1776 1404 1833 is
1460 1780 1812 1848 potissimum
1858 1780 1951 1849 qni

372 1853 581 1911 libidini
608 1872 824 1928 praeest,
862 1863 1098 1933 primum
1144 1867 1196 1922 id
1217 1868 1462 1934 student,
1510 1881 1568 1923 ut
1614 1872 1806 1938 menti,
1850 1871 1954 1926 hoc

371 1957 457 2001 est
488 1951 717 2022 principi
746 1956 944 2012 animae
981 1960 1141 2028 parti,
1173 1962 1424 2018 tenebras
1478 1962 1779 2019 offundunt.

444 2038 694 2109 lmpuras
725 2052 780 2099 et
802 2046 1067 2105 obscenas
1100 2052 1479 2121 cogitationes,
1514 2071 1636 2124 qna:
1662 2057 1715 2111 in
1735 2068 1952 2126 pectore

372 2129 633 2199 insident,
684 2135 929 2194 immittit
972 2141 1187 2210 quidem
1238 2144 1479 2201 libidinis
1512 2147 1767 2215 spiritus;
1807 2149 1953 2218 ejicit

371 2232 555 2279 autem
586 2228 945 2298 continentia,
969 2242 1024 2288 et
1042 2233 1340 2297 humilitas.
1364 2238 1559 2309 suique
1581 2249 1949 2311 contemptus.

446 2396 660 2457 lncnria
720 2409 959 2477 stuporis
1005 2420 1178 2469 mater
1230 2421 1352 2480 est;
1406 2414 1569 2486 hujus
1600 2426 1779 2475 autem
1818 2418 1948 2485 lilia,

373 2490 691 2549 indolentia.

446 2585 639 2645 Varias
668 2606 865 2650 causas
895 2610 1123 2654 somnus
1152 2600 1331 2657 habet.
1368 2602 1502 2659 Nam
1533 2621 1564 2661 a
1594 2616 1789 2662 natura
1821 2622 1950 2663 con-

375 2680 635 2745 trahitur,
662 2699 689 2736 a
727 2686 886 2753 cibis,
920 2704 949 2742 a
973 2690 1204 2759 jejunio,
1238 2696 1306 2749 ab
1337 2696 1646 2759 afﬂictione.

442 2769 694 2844 Magnum
720 2779 941 2846 quidem
967 2792 1020 2835 et
1051 2784 1373 2851 praeclarum
1420 2798 1523 2854 est,
1557 2792 1947 2848 contumeliam

375 2862 646 2932 perferre;
681 2869 859 2939 majus
888 2887 1038 2940 vero,
1068 2874 1284 2931 laudem
1316 2879 1436 2935 sine
1456 2880 1788 2940 detrimento
1812 2900 1949 2955 pra:-

374 2956 558 3009 terire.

443 3045 548 3112 Qui
578 3062 868 3118 supernam
893 3052 1120 3124 gloriam
1149 3056 1376 3116 minime
1406 3059 1740 3133 degustarit,
1776 3073 1949 3123 terre-

375 3152 501 3193 nam
538 3155 647 3197 non
681 3141 843 3200 facile
864 3154 1279 3219 contempturus
1309 3164 1411 3210 est.

442 3322 471 3353 ο
494 3313 634 3372 Heb.
662 3335 740 3386 ιι,
765 3320 818 3374 7.

2065 494 2379 566 ὑποτίθησι,
2424 498 2620 565 πεῖραν
2650 495 2795 561 ἅπαξ
2825 495 3038 561 λαϐεῖν,
3066 497 3206 568 πρὸς
3243 500 3421 570 μόνην
3466 502 3655 571 ἡδονῆς

2058 586 2351 654 διάγνωσιν
2369 604 2384 619 θ
2415 590 2542 652 τοὺς
2567 590 2627 643 ἐν
2650 589 2814 661 πείρᾳ
2841 588 2917 655 δὲ,
2948 589 3036 644 διὰ
3055 590 3156 661 τῆς
3188 592 3415 664 μνήμης
3441 594 3536 645 ἐπὶ

2061 684 2258 752 πεῖραν
2284 682 2593 751 ἐφέλκεται.

2130 862 2346 927 Πολλοὶ,
2376 861 2603 916 καὶτῶν
2636 861 2712 934 μὴ
2740 861 3018 917 λαϐόντων
3054 866 3275 935 πεῖραν,
3308 864 3654 936 ἀπολέμητοι

2058 955 2148 1011 διὰ
2184 956 2284 1028 τὴν
2328 954 2553 1024 ἄγνοιαν
2607 957 2706 1027 τῆς
2740 956 2934 1026 ἡδονῆς
2979 957 3347 1027 μεμενήκασι,
3394 959 3496 1012 καὶ
3544 959 3655 1011 τῶν

2059 1050 2119 1104 ἐν
2150 1049 2316 1121 πείρᾳ
2342 1048 2747 1121 γεγενημένων,
2770 1048 3113 1118 ἀνενόχλητοι
3147 1048 3238 1102 διὰ
3261 1049 3357 1103 τὸν
3388 1050 3579 1121 κόρον.

2141 1314 2200 1367 '0
2229 1312 2291 1366 τὸ
2338 1311 2498 1383 σῶμα
2542 1310 2810 1381 νικήσας,
2850 1310 3071 1379 ἐνίκησε
3121 1309 3222 1381 τὴν
3268 1308 3476 1379 φύσιν
3520 1312 3552 1363 6
3595 1312 3652 1365 δὲ

2059 1405 2289 1476 νικήσας
2341 1404 2442 1476 τὴν
2476 1403 2640 1473 φύσιν
2665 1447 2679 1469 ,
2723 1404 2863 1472 ὑπὲρ
2898 1402 3000 1474 τὴν
3053 1400 3214 1470 φύσιν
3252 1402 3475 1470 ἐγένετο
3499 1418 3515 1431 ·
3559 1406 3650 1456 καὶ

2058 1494 2245 1549 λοιπον
2269 1535 2282 1559 ,
2329 1495 2639 1565 ἠλάττωται
2692 1491 2868 1563 βραχύ
2907 1509 2959 1545 τι
3000 1493 3133 1563 παρ’
3190 1490 3496 1559 ἀγγέλους·
3559 1494 3651 1545 καὶ

2060 1586 2265 1657 θαῦμα,
2316 1585 2435 1650 πῶς
2475 1586 2503 1638 6
2535 1585 2721 1648 ενυλος
2754 1586 2847 1637 τὸν
2877 1583 3039 1639 mw
3066 1582 3363 1639 ἀντίπαλον
3397 1586 3651 1639 κατεπάο

2058 1678 2263 1733 λαισεν.

2130 1774 2241 1829 Καὶ
2280 1772 2485 1834 πάντες
2534 1770 2632 1841 μὲν
2670 1772 2718 1822 οἱ
2772 1768 3057 1839 δαίμονες,
3117 1766 3337 1837 πρῶτον
3375 1765 3648 1830 σκοτίξειν

2062 1864 2424 1929 σπουδάζουσι
2476 1864 2567 1919 τὸν
2599 1862 2844 1933 ἡγεμόνα
2875 1860 2998 1915 νοῦν
3020 1876 3034 1888 °
3072 1862 3100 1914 6
3136 1859 3193 1912 δὲ
3238 1860 3337 1929 τῆς
3384 1858 3655 1929 πορνείας

2062 1959 2319 2030 μάλιστα.

2129 2051 2269 2114 Τοὺς
2300 2050 2357 2103 ὲν
2384 2051 2451 2120 τῇ
2487 2048 2688 2120 καρδίᾳ
2719 2048 3000 2118 ῥυπαροὺς
3037 2046 3133 2101 καὶ
3162 2044 3518 2114 ἀκαθάρτους
3563 2041 3657 2094 λο-

2059 2144 2322 2213 γισμοὺς,
2351 2140 2647 2197 ὑποϐάλλει
2697 2139 2796 2208 μὲν
2839 2138 2898 2192 τὸ
2945 2136 3165 2205 πνεῦμα
3202 2138 3303 2205 τῆς
3345 2133 3643 2204 πορνείας.

2059 2234 2311 2291 ἐκϐάλλει
2335 2235 2393 2288 δὲ
2412 2232 2714 2304 ἐγκράτεια
2742 2231 2837 2287 καὶ
2864 2229 3214 2294 ταπείνωσις,
3247 2226 3345 2280 καὶ
3370 2224 3653 2297 περιφρόο

2058 2346 2213 2400 νησις
2242 2324 2441 2383 αὐτῶν.

2140 2420 2395 2491 Ἀμέλεια
2430 2418 2529 2490 μὲν
2565 2419 2749 2489 μήτηρ
2791 2414 3184 2487 ἀναισθησίαςο
3216 2411 3427 2482 ταύτης
3453 2411 3517 2465 δὲ
3553 2410 3655 2464 θυ-

2057 2515 2237 2586 γάτηρ
2261 2512 2587 2584 ἁναλγησία.

2126 2609 2429 2678 Διαφὸρους
2472 2606 2571 2668 τὰς
2614 2605 2794 2666 αἰτίας
2838 2602 2951 2674 ἔχει
2987 2602 3016 2655 6
3049 2600 3236 2660 ὕπνος.
3279 2599 3502 2654 Γίνεται
3535 2598 3647 2669 γάρ

2056 2702 2121 2754 ὲκ
2149 2699 2383 2767 φύσεως,
2421 2698 2484 2750 ἐκ
2518 2695 2846 2767 βρωμάτων,
2874 2695 2937 2746 ὲκ
2966 2691 3244 2762 νηστείας,
3275 2691 3341 2743 ὲκ
3378 2689 3641 2758 θλίψεως.

2124 2792 2287 2862 Μέγα
2318 2790 2440 2862 μὲν,
2462 2789 2786 2856 ὑπενεγκεῖν
2814 2784 3001 2855 ὓϐριν·
3032 2782 3215 2853 μεῖζον
3235 2781 3316 2847 δὲ,
3342 2780 3641 2853 summai;

2055 2884 2311 2948 άὸλαὸὦς
2336 2882 2579 2938 ἔπαινον.

2137 3061 2197 3117 '0
2234 3061 2309 3133 μὴ
2354 3062 2454 3129 τῆς
2506 3058 2621 3113 ἄνω
2675 3055 2833 3129 δόξης
2864 3055 3239 3126 γευσάμενος,
3290 3050 3396 3105 οὐκ
3444 3050 3512 3106 ἂν
3544 3047 3642 3118 τῆς

2056 3156 2208 3211 κάτω
2240 3153 2438 3226 ῥᾳδίως
2467 3151 2898 3221 καταφρονήσει.

390 3512 3617 3557 W

1226 3678 1455 3765 ΤΟΥ
1514 3680 1759 3767 ΜΑΚ
1770 3677 2093 3770 ΑΡΙΟΥ
2144 3682 2795 3770 ΥΠΕΡΕΧΙΟΥ

1062 3868 2065 4007 ΠΑΡΑΙΝΕΣΙΣ
2106 3873 2959 4009 ἈΣΚΗΤΩΝ

1411 4277 1755 4367 BEATI
1815 4279 2562 4371 HYPERECHII

786 4489 1825 4624 ADHORTATIO
1950 4489 2160 4619 AD
2303 4490 3219 4623 MONACHOS.

1808 4888 1965 4950 ΜοΝ
1976 4889 2185 4949 [TUM.

1548 5068 1657 5139 (Fr.
1687 5069 2007 5137 Combelis.,
2034 5071 2192 5126 Auct.
2218 5089 2361 5139 nov.,
2391 5071 2457 5138 l.)

460 5253 794 5341 ductorem
829 5243 1171 5341 antiquum
1201 5256 1264 5341 et
1303 5265 1508 5341 opus,_
1532 5257 1900 5341 argumento
1939 5256 2054 5341 est,
2100 5250 2273 5341 quod
2313 5251 2379 5313 in
2409 5249 2610 5341 tertio
2633 5250 2742 5316 illo
2780 5249 3407 5341 Apopbthegmatu‘m
3440 5254 3621 5325 libro,

386 5330 707 5422 Pelagioﬁa
731 5331 804 5389 R.
829 5330 904 5422 E.‘
921 5329 1285 5422 interprete,
1307 5329 1435 5422 tres
1456 5331 1856 5422 ejusexstant
1883 5329 2241 5422 sententiae;
2279 5346 2420 5422 quae
2438 5330 2722 5422 _totidem
2745 5329 2958 5422 verbis
2973 5330 3098 5422 .hic.
3114 5329 3436 5422 habentur
3463 5353 3478 5393 :
3501 5352 3633 5422 _~nec

387 5407 599 5500 plures
630 5408 766 5500 illo,
810 5407 1422 5500 vel‘aliis.‘eju.smodi
1467 5407 1642 5500 libris
1663 5415 1978 5500 exstanti
2004 5415 2074 5500 ut
2126 5426 2259 5471 non
2287 5407 2457 5500 aliud
2498 5409 2827 5500 agnovisse
2861 5409 3103 5500 antiqui
3132 5409 3473 5500 videantur
3501 5414 3633 5474 ben:

649 5486 838 5580 huius
886 5486 1573 5580 abbatis‘fiyperecbii,
1628 5489 1766 5580 sive.
1797 5488 1892 5579 (ut
1935 5487 2087 5580 Pall‘.
2125 5489 2328 5580 vocat)
2363 5486 2759 5580 Hyperiehii,
2799 5506 2987 5568 quam
3014 5486 3181 5580 istud
3218 5490 3511 5580 quodne}
3539 5509 3631 5552 re-

386 5565 604 5642 positis
631 5564 1111 5647 _mihi_sche_dis,
1150 5564 1239 5647 ad
1272 5564 1618 5630 absolutam
1659 5567 1949 5647 religiosa
1985 5566 2273 5647 paleastra
2304 5564 2733 5647 exercentium
2763 5564 3074 5641 normam,
3106 5564 3353 5630 Arsénii
3387 5570 3633 5647 Nilique

389 5641 928 5729 npusculis_(_sive_
953 5643 1073 5729 illis
1120 5644 1299 5729 prior
1339 5647 1689 5729 exercuerit
1714 5641 2175 5729 Hyperechius,
2226 5646 2803 5729 siye_eadem_ipse
2844 5654 3053 5729 (etate,
3102 5653 3209 5729 aut
3236 5665 3465 5729 parum
3521 5641 3635 5709 illis

387 5735 661 5797 supper;
696 5720 833 5783 aliis
876 5722 1009 5800 ejus
1058 5720 1308 5803 ignotis)
1349 5727 1658 5805 subjungo
1692 5743 1708 5801 ;
1751 5720 1923 5804 quod
1967 5720 2167 5788 unum
2201 5743 2337 5789 eam
2373 5726 2436 5788 in
2469 5743 2603 5788 rem
2635 5720 2776 5791 lu-ce
2813 5725 3040 5790 clarius
3070 5725 3171 5788 sit.
