3816 6220
158 355 182 418 1
200 352 320 418 4Ἷ3

1250 349 1350 409 AD
1387 343 1797 408 MONACHOS
1855 338 2367 402 ADHORTATIO.

3299 334 3442 401 1474

245 460 421 531 Ἀρχὴ
466 436 762 530 Ξὰποταγῆς
812 456 1073 530 μοναχοῦ,
1122 456 1407 526 φοϐεῖσθαι
1450 456 1543 508 τὸν
1589 455 1752 508 Θεόψ

1950 452 1984 505 l.
2019 449 2201 504 Prima
2240 447 2495 503 monachi
2528 446 2959 511 ahrcnuntiatio,
2993 443 3186 501 timere
3215 445 3383 501 Deum
3423 465 3439 501 :

158 555 372 625 ἄφοϐος
396 555 454 608 δὲ
475 553 736 625 μοναχδς,
761 550 866 617 ἕξω
897 551 1006 604 τῶν
1033 549 1219 604 πυλῶν
1241 548 1342 619 τῆς
1364 547 1643 619 βασιλείας
1665 546 1756 599 αὑ-

156 649 512 715 λισθήσεται.

246 740 425 813 Ἀρχὴ
456 739 602 809 ζωῆς
641 735 899 808 μοναχοῖ,
932 735 1114 807 ἀγαθὴ
1143 734 1344 802 γνῶσις
1370 748 1383 762 ⁸
1417 731 1665 801 ἀγνωσία
1699 731 1755 785 δὲ

157 833 329 898 Θεοῦ,
366 832 604 897 σκοτίζει
628 831 730 902 τὴν
756 830 937 901 ψυχὴν
967 824 1239 899 μοναχοῦ.

246 995 462 1067 Ἀγαθῆ
490 996 829 1067 κληρονομια
858 992 1095 1064 μοναχοῢ
1125 994 1451 1063 σωφροσύνη
1476 991 1571 1042 καὶ
1599 989 1757 1057 ἁγια-

164 1088 310 1159 σμὸς
337 1105 350 1119 ⁸
384 1072 835 1158 ἀποκληρονόμος
867 1086 924 1139 δὲ
958 1084 1214 1155 πατέρων
1260 1083 1495 1151 γίνεται,
1528 1082 1557 1133 6
1600 1079 1757 1143 ἐκτὸς

161 1181 382 1235 τούτων
415 1180 672 1252 μοναχός.

243 1276 524 1345 Ἀσκησις
568 1272 827 1344 μοκιαχοῦ,
863 1269 1067 1342 μελέτη
1102 1271 1141 1323 Γ
1146 1268 1356 1340 ραφῶν,
1398 1268 1493 1321 καὶ
1542 1267 1760 1338 ποίησις

165 1368 411 1422 ἐντολῶν
442 1364 537 1419 τοῦ
568 1364 704 1418 Θεοῦ
732 1383 747 1397 ·
779 1364 1088 1436 ἀνάσκητος
1108 1362 1165 1416 δέ
1188 1365 1358 1427 ἐστιν,
1392 1362 1421 1414 6
1457 1360 1533 1431 μὴ
1555 1362 1612 1414 ἐν
1636 1359 1761 1413 τοὺ-

165 1479 288 1525 τοις
322 1458 805 1530 ἀναστρεφόμενος
838 1456 1094 1528 μοναχός.

242 1550 465 1624 Βρῶσις
502 1549 764 1620 μοναχοῦ,
799 1548 860 1600 τὸ
894 1548 1071 1601 ποιεῖν
1115 1544 1178 1598 τὸ
1209 1544 1421 1615 θέλημα
1463 1541 1557 1596 τοῦ
1591 1539 1760 1594 Θεοῦ’

169 1645 340 1705 πόσις
360 1642 417 1696 δὲ
445 1639 607 1695 αὑτοῦ
643 1641 780 1707 ἐστι,
817 1640 877 1692 τὸ
903 1637 1202 1709 κατορθοῦν
1230 1636 1300 1690 τά
1326 1635 1639 1706 ἐντάλματα
1667 1634 1762 1689 τοῦ

169 1736 418 1809 Χριστοῦ
443 1752 456 1766 ·
491 1734 685 1807 βρῶμα
708 1733 818 1806 γάρ
842 1732 1123 1805 αἰσθητὸν,
1146 1731 1209 1786 ού
1231 1731 1573 1802 παραστήσει
1600 1748 1764 1802 μονα-

1859 554 2023 608 porro
2051 538 2360 593 monachus
2391 552 2501 591 non
2533 536 2731 591 timens
2769 534 2964 602 Deum,
2995 544 3148 591 extra
3179 536 3331 607 regni
3360 535 3447 589 fo-

1858 647 1946 687 res
1978 630 2438 687 commorabitur.
2512 694 2513 697 η

1932 733 1986 787 2.
2021 731 2202 787 Prima
2232 731 2344 786 vita
2373 730 2651 794 monachi,
2692 730 2833 784 bona
2883 730 3121 800 cognitio
3163 744 3227 784 ac
3268 730 3446 785 scien-

1859 825 1970 889 tia;
2001 824 2098 880 Dei
2133 834 2316 879 autem
2348 824 2617 895 ignoratio
2656 823 2911 879 monachi
2944 832 3182 879 mentem
3227 824 3447 877 obtene-

1859 917 2002 972 hrat.

1932 1008 1989 1063 5.
2021 1006 2169 1061 Bona
2202 1006 2453 1062 monachi
2488 1006 2783 1076 possessio,
2820 1007 3046 1062 castitas
3075 1015 3130 1060 et
3152 1004 3449 1060 sanctimo-

1861 1099 1985 1167 nia;
2036 1101 2127 1170 qui
2163 1109 2343 1154 autem
2379 1110 2533 1154 extra
2574 1100 2688 1154 haec
2743 1100 3052 1153 monachus
3101 1106 3207 1162 est,
3237 1096 3452 1151 alienus

1861 1203 1891 1241 a
1917 1196 2135 1258 patrum
2175 1188 2490 1243 Increditate
2514 1188 2761 1243 eliicitur.

1932 1283 1987 1336 4.
2024 1280 2274 1336 Monachi
2317 1281 2639 1336 exercitatio
2672 1290 2757 1336 est
2826 1279 3235 1349 Scripturarum
3285 1279 3454 1333 medi-

1863 1372 1998 1427 tatio
2044 1372 2250 1442 Deique
2301 1373 2687 1429 mandatorum
2732 1388 2895 1443 opere
2920 1374 3157 1427 exercita
3198 1372 3454 1439 functio;

1865 1470 1922 1517 at
1958 1463 2351 1517 exercitatione
2383 1472 2537 1518 caret
2574 1462 2668 1533 qui
2701 1463 2758 1517 in
2782 1464 2869 1518 his
2903 1479 3009 1518 non
3041 1475 3312 1517 versatur.

1935 1553 1989 1609 5.
2021 1552 2275 1608 Monachi
2305 1553 2483 1619 cibus,
2514 1564 2575 1609 ut
2606 1554 2773 1610 faciat
2802 1554 2895 1609 Dei
2926 1555 3260 1610 voluntatem
3292 1574 3305 1607 :
3340 1554 3459 1625 ejus

1865 1656 2046 1702 autem
2080 1655 2267 1716 potus,
2327 1654 2385 1700 ut
2434 1646 2635 1702 Christi
2690 1649 2944 1701 mandata
2996 1647 3235 1716 impleat.
3290 1647 3460 1703 Cibus

1866 1737 2012 1792 enim
2064 1736 2117 1790 in
2152 1751 2373 1791 sensum
2411 1736 2613 1791 cadens
2647 1737 2807 1806 eique
2843 1737 3125 1806 subjectus
3169 1750 3275 1790 non
3310 1751 3463 1790 com-

170 1797 271 1901 χδν
297 1829 380 1900 τῷ
400 1797 540 1899 ego;
565 1797 679 1881 ait;
714 1797 799 1891 ὲιέ
827 1797 1036 1879 κοιλίαν
1069 1824 1261 1896 χωρεῖ,
1287 1797 1385 1877 atat
1413 1797 1497 1887 ειξ
1519 1797 1755 1895 ἀφεδρῶ.

1950 1827 2093 1881 rndat
2131 1826 2461 1882 monachum
2488 1826 2600 1881 Deo
2633 1828 2691 1895 ¹;
2735 1831 2828 1884 sed
2864 1828 2916 1882 in
2955 1841 3197 1883 ventrem
3231 1828 3377 1883 vadit
3406 1837 3462 1882 et

172 1941 241 1975 να
271 1920 663 1993 ἐκπορεύεται.

248 2016 417 2085 Βῆμα
454 2010 691 2083 μοναχοῦ
724 2010 1321 2085 σεμνῶςᾼκινουμένου,
1346 2008 1650 2082 ἐκτριϐἐτω
1682 2008 1771 2080 βα-

174 2082 355 2178 θμοὺς
409 2082 921 2177 ἐκκλησιαστικούς.
954 2082 1120 2174 ἱόἦμα
1157 2102 1394 2174 μοναχοῦ
1439 2103 1656 2173 σεμνὸν,
1695 2100 1771 2173 μὴ

175 2198 537 2269 ἐκπορευέτω
558 2194 619 2263 ἐξ
637 2195 820 2261 οἰκίας
856 2198 935 2261 είς
968 2196 1167 2251 οἰκίαν.

255 2379 390 2443 Βίος
421 2377 660 2450 μοναχοῦ
692 2376 1031 2448 ἀκηλίδωτος
1074 2374 1235 2438 ἔστω,
1275 2373 1351 2443 μὴ
1380 2372 1773 2443 χλευαζόμενος

181 2472 296 2525 ὑπὸ
343 2469 715 2542 γυναικαρίων
767 2467 1199 2538 σεσωρευμένων
1245 2465 1565 2536 ἁμαρτίαις.
1614 2464 1777 2526 Βέλος

180 2565 301 2635 γάρ
333 2560 700 2634 πειρατηρίου
744 2559 893 2612 ἐστὶν
924 2559 959 2629 ἠ
987 2557 1149 2627 γυνὴ,
1182 2557 1242 2610 ὲν
1267 2555 1470 2619 οἰκίαις
1505 2551 1777 2626 ἑταιριζο-

187 2657 440 2818 μέΙζηουλὴ
506 2744 744 2818 μοναχοῦ
803 2744 943 2816 μετὰ
996 2742 1222 2798 συνετοῦ
1274 2741 1549 2811 γινέσθω·
1616 2741 1780 2812 βουλὴ

183 2841 242 2895 δὲ
283 2840 570 2907 ἀσύνετος,
601 2837 678 2909 μὴ
702 2837 1027 2891 κατοικείτω
1058 2838 1117 2890 ἐν
1144 2834 1343 2907 καρδίᾳ
1376 2833 1637 2905 μοναχοῦ.

263 3012 569 3086 Γρηγορῶν
629 3012 863 3085 μοναχὸς
918 3013 976 3065 ἐν
1015 3011 1251 3082 ψαλμοῖς
1315 3009 1413 3065 καὶ
1456 3008 1649 3081 ὕμνοις
1691 3010 1787 3063 καὶ

191 3108 368 3180 ᾠδαῖς
406 3107 829 3179 πνευματικαῖς,
855 3104 1152 3159 ἀποδιώκει
1182 3102 1550 3175 φαντάσματα
1592 3118 1785 3157 νυκτε-

1870 1920 1925 1976 in
1960 1935 2239 1975 secessum
2277 1920 2544 1975 emittitur
2564 1922 2605 1974 '.

1943 2013 1997 2069 6.
2033 2012 2268 2069 Gressus
2301 2014 2578 2079 monachi,
2620 2014 2768 2085 gravi
2808 2013 3169 2084 modestoque
3222 2012 3459 2076 incessu,

1871 2105 2250 2161 ecclesiastica
2278 2114 2420 2160 terat
2450 2104 2642 2159 limina
2672 2119 2737 2159 ac
2763 2105 3041 2160 subsellia.
3068 2104 3303 2159 Gressus
3343 2118 3465 2160 mo—

1873 2200 2036 2255 nachi
2081 2200 2262 2270 gravis
2315 2208 2369 2255 et
2424 2199 2708 2255 modestus
2768 2215 2876 2254 non
2907 2208 3065 2254 exeat
3103 2199 3168 2253 de
3202 2200 3367 2253 domo
3406 2198 3464 2252 in

1874 2292 2117 2347 domum.

1949 2385 1999 2439 7.
2027 2383 2147 2439 Vita
2185 2383 2439 2439 monachi
2478 2383 2615 2439 labis
2650 2398 2785 2454 pura
2819 2384 2909 2450 sit,
2939 2384 3076 2439 nihil
3114 2382 3467 2439 muliercula-

1878 2493 2000 2533 rum
2052 2477 2247 2532 sannis
2299 2477 2536 2532 obnoxia
2575 2484 2901 2532 onustarum
2935 2462 3181 2546 peccatis
3216 2476 3236 2506 '
3268 2492 3281 2528 :
3322 2474 3469 2530 arcis

1878 2567 2024 2620 enim
2058 2568 2357 2636 piratarum
2387 2566 2583 2620 mulier
2620 2564 2789 2618 telum
2826 2573 2932 2628 est,
2968 2580 3090 2635 quae
3122 2565 3178 2618 in
3210 2564 3469 2619 domibus

1886 2660 2288 2712 meretricatur.

1954 2751 2009 2805 8.
2046 2748 2348 2804 Consilium
2394 2748 2647 2802 monachi
2702 2763 2826 2802 cum
2880 2747 2999 2801 viro
3046 2746 3314 2817 prodeunte
3356 2748 3473 2811 sit;

1883 2841 2031 2911 quod
2064 2850 2246 2894 autem
2284 2840 2403 2893 sine
2430 2838 2719 2909 prudentia
2752 2838 3048 2894 consilium
3075 2848 3180 2903 est,
3216 2840 3270 2894 in
3308 2839 3475 2897 corde

1885 2931 2145 2987 monachi
2174 2947 2282 2986 non
2312 2940 2581 2986 moretur.

1959 3026 2013 3079 9.
2049 3023 2280 3094 Pervigil
2335 3024 2643 3079 monachus
2694 3024 2747 3076 in
2797 3023 3020 3091 psalmis
3065 3032 3119 3077 et
3165 3023 3383 3094 hymnis
3416 3034 3471 3080 et

1888 3115 2121 3171 canticis
2160 3114 2498 3185 spiritalibus
2550 3114 2667 3167 visa
2700 3120 2965 3165 nocturna
2998 3112 3149 3183 fugat
3186 3132 3200 3168 :
3235 3117 3324 3185 qui
3348 3130 3479 3169 vero

196 3162 365 3275 pwd:
423 3162 672 3271 γαυριῶν
724 3162 1081 3270 δὲ-’μοναχδς
1133 3162 1207 3251 ἐν.
1242 3162 1637 3270 κατορθώμασι
1691 3195 1781 3249 καὶ

1958 3162 2120 3169 -.-.-._
2160 3162 2496 3185 Ἵππη--
2564 3162 2667 3167 η--
2701 3162 2965 3165 ---ηρ-η
2998 3162 3147 3183 ην-
3186 3162 3200 3168 -
3278 3162 3324 3169 _.
3359 3162 3472 3169 .--ν

1951 3209 2199 3264 onachus
2258 3216 2405 3263 recte
2464 3206 2735 3261 factorum
2805 3214 2971 3274 atque
3028 3162 3268 3262 virtutisl
3305 3206 3477 3277 gloria

194 3292 503 3359 καθεύδων,
543 3290 723 3353 ἱστοὺς
754 3290 1002 3362 ἀράχνης
1024 3289 1263 3359 ὑφαίνει.

270 3385 528 3447 Γενναῖος
576 3381 831 3452 μοναχὸς,
873 3378 952 3451 τῷ
988 3378 1203 3450 σημείῳ
1238 3378 1332 3431 τοῦ
1383 3376 1619 3449 σταυροῦ
1661 3376 1791 3439 τοὺς

200 3475 437 3548 βρόχους
492 3471 753 3542 ἐκφεύγει
808 3470 906 3524 τοῦ
960 3469 1212 3524 διαϐόλου
1249 3485 1263 3498 ·
1319 3468 1507 3538 γήϊνος
1557 3465 1793 3538 μοναχδς

200 3570 305 3625 καὶ
346 3567 428 3631 εἰς
461 3566 564 3637 γῆν
596 3562 890 3629 νενευκὼς,
922 3561 1308 3633 περιπείρεται
1346 3560 1542 3641 παγίσι
1574 3575 1795 3613 σατανιο

202 3676 353 3722 καις.

281 3748 481 3818 Γνώμη
517 3744 755 3818 μοναχοῦ
792 3742 1085 3806 διαπαντὸς
1121 3740 1265 3794 ἐστω
1296 3737 1577 3811 πρακτικὴ
1617 3736 1796 3808 ἔργων

205 3840 468 3911 ἀγαθῶν
505 3837 733 3909 γνώμην
766 3835 823 3890 δέ
857 3832 1096 3907 μοναχοῦ
1139 3832 1444 3905 ἄπρακτον,
1477 3831 1579 3883 οὐκ
1623 3828 1794 3899 ἐμπί-

208 3939 415 3993 πλαται
445 3931 649 4003 ἀγαθά.

284 4028 590 4098 Γυμνάσιον
610 4019 869 4097 μοναχοῦ,
888 4018 1143 4091 λογισμοὶ
1164 4016 1492 4089 ἐπάλληλοι·
1518 4015 1799 4088 γρηγὸρη-

212 4139 304 4188 σις
330 4121 388 4176 δὲ
414 4119 679 4193 μοναχοῦ,
711 4117 950 4191 πραΰνει
987 4112 1283 4185 λογισμοὺς
1314 4109 1621 4185 ρυπαρούς.

289 4403 568 4475 Γεώργιον
625 4398 887 4472 μοναχοῦ,
924 4396 1074 4469 ψυχὴ
1136 4395 1317 4465 ἀγαθὴ
1375 4392 1807 4466 καρποφοροῦσα

1890 3303 2137 3373 superbit
2161 3302 2551 3370 dormitatque,
2578 3300 2711 3355 telas
2733 3315 3060 3354 aranearum
3085 3301 3239 3355 texit.

1958 3396 2050 3451 10.
2084 3394 2265 3449 Fortis
2301 3393 2606 3448 monachus
2651 3392 2808 3461 signo
2830 3391 3011 3445 crucis
3032 3391 3234 3445 diaboli
3256 3390 3483 3462 laqueos

1890 3489 2112 3545 evadit:
2142 3496 2390 3540 terrenus
2413 3493 2593 3539 autem
2616 3491 2671 3538 et
2701 3483 2755 3536 in
2783 3491 2984 3537 terram
3014 3495 3225 3551 pronus
3264 3479 3483 3536 Satana

1892 3596 1954 3638 se
1984 3578 2197 3651 laqueis
2230 3576 2482 3633 innectit.

1968 3763 2055 3817 Η.
2108 3758 2359 3815 Monachi
2422 3757 2643 3813 animus
2686 3756 2892 3828 iugiter
2936 3755 3206 3811 bonorum
3254 3768 3485 3826 operum

1896 3854 2177 3912 iunctione
2214 3850 2391 3907 solers
2428 3849 2528 3916 sit;
2572 3849 2729 3918 cujus
2785 3857 2966 3903 autem
3026 3847 3281 3902 monachi
3336 3848 3487 3904 iners

1901 3946 2144 4011 animus,
2167 3943 2329 3999 bonis
2360 3958 2467 3997 non
2501 3942 2778 4012 impletur.

1976 4038 2064 4094 12.
2106 4036 2428 4093 Exercentis
2470 4034 2634 4089 ludus
2679 4032 2955 4097 monaclu,
2984 4031 3103 4087 alia:
3133 4031 3257 4086 aliis
3295 4046 3492 4102 super-

1901 4131 2180 4187 venientes
2246 4127 2637 4201 cogitationes;
2703 4126 2875 4181 solers
2933 4132 3118 4179 autem
3184 4139 3249 4179 ac
3308 4124 3489 4195 pervi-

1903 4225 1976 4297 gil
2040 4221 2344 4277 monachus
2410 4220 2659 4275 sordidas
2722 4218 3085 4289 cogitationes
3147 4217 3357 4273 sicurat
3424 4230 3492 4273 ac

1905 4318 2061 4373 lenit.

1979 4411 2065 4465 15.
2098 4409 2302 4463 Arvum
2328 4404 2609 4467 monachi,
2659 4403 2838 4459 bonus
2881 4403 3098 4459 animus
3143 4402 3380 4459 fructum
3412 4401 3497 4459 fe-

217 4495 627 4567 εὐαγγελικῶςσ
658 4492 930 4565 γεώργιον
963 4492 1022 4546 δὲ
1061 4489 1233 4560 αὐτῆς
1271 4488 1507 4559 μοναχδς
1547 4485 1781 4555 φάγεται

1950 4517 2038 4557 ens
2063 4516 2125 4557 ex
2151 4497 2482 4570 evangelicis
2509 4496 2850 4559 rationibus;
2875 4496 2994 4564 ejus
3027 4495 3287 4559 fructum,
3323 4495 3493 4551 animi

218 4594 316 4647 τὸν
358 4590 568 4663 καρπὸν
599 4589 803 4659 αὐτῆς⁹
836 4585 1043 4656 γλυκὺς
1070 4585 1181 4655 γὰρ
1221 4581 1435 4655 καρπὸς
1476 4580 1534 4634 ἐν
1578 4579 1807 4650 στόματι

226 4684 488 4758 μοναχοῦ,
520 4682 630 4735 τῶν
660 4681 804 4735 ίδίων
833 4679 1010 4734 πόνων
1034 4679 1062 4731 6
1099 4675 1310 4749 μισθός.

298 4779 540 4848 Δύναμις
593 4773 853 4847 μοναχοῦ,
902 4771 1259 4844 ἀκτημοσύνη
1310 4765 1657 4841 βαστάζουσα
1717 4764 1813 4818 τὸν

226 4872 484 4943 Σωτῆρα.
542 4869 729 4923 Δεινὸν
779 4868 890 4939 γὰρ
936 4864 1091 4936 παρά
1143 4864 1400 4936 μοναχοῖς
1450 4858 1809 4932 φιλαργυρία,

228 4964 601 5021 ἀποκλείουσα
635 4959 914 5033 βασιλείαν
941 4956 1210 5030 οὐρανῶν.

308 5149 404 5213 Δὸς
434 5145 664 5218 καρδίαν
700 5160 815 5208 σου,
846 5140 1069 5214 μοναχέ,
1101 5142 1184 5204 είς
1228 5137 1391 5209 σῶμά
1437 5153 1553 5203 σου,
1585 5136 1675 5189 ἵνα
1722 5136 1821 5189 καὶ

234 5242 331 5298 τδν
362 5240 575 5311 νοητὸν,
625 5238 723 5293 καὶ
758 5236 849 5290 τὸν
884 5232 1191 5306 πρακτικὸν
1220 5228 1527 5300 ἀποδιῶξῃς
1566 5228 1677 5282 ἀπὸ
1725 5227 1820 5280 σοῦ

237 5335 334 5392 τὸν
362 5333 653 5399 ἀντίδικον,
683 5329 948 5385 διάϐολον.

318 5535 500 5607 Δῶρον
550 5532 755 5602 ἀγαθὸν
811 5529 1047 5602 μοναχοῦ
1096 5526 1389 5598 παρθενία,
1429 5520 1827 5594 ἁρματηλάτην

248 5627 480 5684 ποιοῦσα
509 5628 588 5690 είς
621 5624 881 5698 οὐρανοὺς
917 5623 1015 5676 συν
1047 5618 1125 5690 τῷ
1156 5619 1296 5689 ἁγίῳ
1330 5616 1519 5686 Ἠλίᾳ·
1560 5614 1627 5668 δι’
1658 5614 1687 5669 ὃ
1727 5632 1826 5684 μο-

328 5830 347 5864 ι
374 5828 543 5886 lCor.
577 5844 693 5896 vul,
724 5827 779 5884 8.
856 5830 876 5861 ¹
914 5828 1101 5886 Matth.
1131 5843 1219 5893 xv,
1268 5828 1349 5883 l7.

1909 4595 2146 4650 fructum
2184 4590 2423 4648 comedit
2442 4589 2768 4643 monachus.
2805 4585 2989 4643 Dulcis
3019 4588 3163 4643 enim
3194 4586 3409 4644 fruetus
3438 4590 3495 4645 in

1912 4702 2008 4744 ore
2046 4684 2321 4749 monachi,
2353 4682 2602 4736 laborum
2638 4694 2864 4734 suorum
2897 4693 3127 4733 merces.

1988 4778 2074 4832 Ην.
2108 4774 2361 4831 Monaehi
2397 4773 2588 4837 robur,
2612 4787 2733 4841 qua:
2761 4770 3041 4825 Christum
3075 4778 3274 4839 portet,
3312 4770 3499 4840 inopia

1918 4880 2080 4941 atque
2104 4875 2415 4939 paupertas.
2448 4863 2666 4919 Grande
2693 4864 2837 4918 enim
2869 4863 3011 4917 inter
3050 4861 3350 4918 monachos
3383 4878 3501 4916 ma-

1918 4966 2058 5028 lum,
2095 4963 2363 5016 bonorum
2400 4956 2693 5028 cupiditas,
2726 4972 2849 5027 qua:
2882 4956 3101 5011 claudat
3131 4971 3359 5026 regnum
3393 4971 3505 5011 coe-

1921 5059 2122 5113 lorum.

1995 5151 2083 5205 15.
2112 5148 2210 5212 Da,
2239 5146 2528 5209 monache,
2559 5158 2656 5199 cor
2688 5152 2840 5197 tuum
2894 5142 2947 5196 in
3002 5156 3205 5213 corpus
3244 5151 3397 5198 tuum
3434 5143 3505 5211 (ei

1924 5241 2133 5298 scilicet
2185 5237 2452 5309 invigila),
2502 5245 2561 5289 ut
2614 5250 2645 5288 a
2703 5241 2756 5288 te
2819 5242 2874 5287 et
2936 5232 3135 5287 mentis
3204 5231 3419 5302 spiritu,
3456 5241 3511 5285 et

1925 5334 2139 5391 actione
2172 5330 2444 5387 infensum
2478 5325 2852 5383 adversarium
2881 5324 3142 5393 expellas,
3186 5323 3237 5378 id
3269 5332 3354 5378 est
3392 5325 3512 5376 dia-

1927 5428 2137 5483 bolum.

2000 5520 2088 5574 16.
2116 5517 2329 5571 Donum
2375 5515 2578 5569 bonum
2625 5510 2903 5574 monachi,
2932 5509 3214 5581 virginitas
3235 5548 3253 5574 ,
3284 5522 3409 5580 qua:
3454 5506 3511 5561 in

1934 5610 2104 5666 coalos
2149 5622 2272 5665 cum
2347 5614 2539 5662 sancto
2593 5602 2713 5657 Elia
2778 5601 3069 5657 sublimem
3131 5600 3379 5673 aurigam
3430 5596 3513 5653 fe-

1448 5827 1468 5857 ³
1498 5823 1541 5880 ll
1565 5823 1706 5880 Tim.
1744 5838 1828 5889 tu,
1870 5821 1923 5876 6.
