3816 6220
347 313 485 380 1475
1690 319 1781 383 Β.’
1805 324 1854 384 Η

2095 323 2277 385 ΞΟΗΙΙ
3463 323 3602 389 Μ’Ξϐ

342 440 428 484 rat
449 429 491 484 δ.
521 427 887 496 Quamobrem
928 429 1049 501 ejus
1095 440 1151 486 tu
1181 445 1369 487 amore
1414 430 1691 499 incensus,
1735 450 1849 489 mor

2109 435 2196 505 χὸς
2218 434 2425 507 ταύτης
2449 436 2687 509 ἐραστὴς
2718 436 3032 508 γενόμενος,
3069 434 3239 491 ὶπίδα
3280 436 3361 509 τῷ
3399 440 3616 510 πυρίνῳ

341 520 464 584 cbe,
524 520 742 591 igneum
801 535 1067 589 currum,
1128 522 1332 593 duplici
1383 522 1750 594 lacrymarum
1806 525 1848 579 ri

2109 543 2261 597 ματι,
2290 528 2674 600 δροσιζόμενος
2703 530 2854 585 δυσὶν
2885 529 3096 601 ὀχετοῖς
3128 530 3382 602 δακρύων
3410 532 3479 584 ὲκ
3506 532 3616 585 σῶν

340 609 516 665 oculis
550 609 835 666 ﬂuentium
888 610 992 667 levi
1029 626 1152 667 rore
1176 626 1528 681 conspersus,
1548 612 1847 669 conscendit

1261 626 1528 681 aspersus,
1548 612 1923 669 conscendito.
2030 618 2329 689 ὀφθαλμῶν
2360 620 2768 692 προχεομένων.

314 826 317 829 -
413 791 499 846 17.
533 791 712 847 Arbor
739 792 864 848 vitae
895 793 949 847 in
983 795 1155 849 altum
1191 809 1508 867 assurgens,
1538 793 1818 849 humilitas

2106 796 2328 869 Δένδρον
2376 797 2524 871 ζωῆς
2580 799 2660 864 είς
2692 798 2854 871 ιῦψος
2909 802 3283 875 ἐγειρόμενον,
3333 804 3613 859 ταπείνω-

413 969 501 1023 18.
556 968 857 1023 Monachus
912 978 1110 1025 nactus
1152 970 1429 1035 virtutem,
1472 969 1646 1024 honos
1684 967 1920 1038 decerpit

2108 934 2340 1054 δύναμιν
2396 985 2739 1057 κεκτημένος
2797 985 3051 1057 μοναχδς,
3076 990 3255 1060 τρυγᾷ
3292 990 3425 1053 τοὺς
3476 990 3615 1058 ἀγα·

340 1062 575 1116 fructus.

2027 1075 2158 1139 θοὺς
2184 1077 2453 1149 καρπούς.

412 1153 498 1206 l9.
535 1151 875 1223 Virginitatis
905 1150 1099 1214 virtus,
1141 1151 1473 1206 abstinentia
1504 1152 1574 1206 ab
1604 1152 1746 1207 escis
1778 1170 1793 1205 :
1830 1149 1919 1221 qui

2111 1170 2342 1241 Δύναμις
2372 1171 2695 1242 παρθενίας,
2719 1172 2901 1243 ἀποχὴ
2926 1171 3230 1243 βρωμάτων
3256 1188 3272 1202 ·
3303 1175 3333 1226 ὁ
3360 1173 3421 1226 δὲ
3454 1190 3618 1243 κραι-

337 1256 519 1302 autem
572 1246 876 1300 monachus
935 1244 1173 1314 crapula:
1235 1244 1451 1299 deditus
1501 1252 1606 1310 est,
1660 1245 1766 1298 vita
1820 1260 1844 1298 ε

2109 1262 2217 1316 λῶν
2252 1264 2503 1334 μοναχὺς,
2526 1264 2639 1333 βίον
2670 1265 2836 1319 αὐτοῦ
2866 1264 3424 1335 βδελυχθήσεται,καὶ
3445 1266 3616 1321 ἁκού-

336 1338 746 1403 abominabilis,
780 1337 1073 1406 audietque
1104 1351 1172 1391 ex
1202 1335 1407 1391 Christi
1435 1350 1550 1401 ore,
1580 1334 1755 1389 Habes
1783 1352 1843 1388 m4

2105 1372 2181 1409 ιαι
2219 1355 2328 1409 ἀπὸ
2365 1354 2460 1409 τοῦ
2485 1355 2747 1427 Χριστοῦ,
2783 1334 3045 1425 Ἀπέχεις
3072 1334 3181 1411 τὸν
3203 1360 3431 1427 μισθόν
3460 1375 3612 1413 σου·

338 1429 514 1482 cedem
555 1428 781 1494 tuam';
831 1442 1024 1497 nempe
1070 1441 1271 1480 cavens
1312 1426 1515 1489 dicere,
1568 1435 1845 1495 accepturi

2106 1446 2447 1515 πωπούμενος
2478 1447 2535 1501 δὲ
2562 1450 2760 1513 εἰπεῖν,
2792 1448 3026 1518 λήψεται
3068 1449 3160 1501 τὸν
3206 1426 3403 1519 μισθὸν
3440 1449 3613 1504 αὑτοῦ

336 1536 461 1575 eum
488 1520 793 1574 mercedem
824 1533 979 1573 suam
1026 1532 1057 1571 a
1093 1516 1338 1583 Christo,
1372 1515 1465 1586 qui
1501 1516 1654 1570 novit
1684 1515 1843 1570 absce

1825 1530 1923 1570 9n‘
2026 1537 2182 1608 παρὰ
2211 1539 2306 1592 τοῦ
2334 1538 2403 1592 τὰ
2433 1538 2645 1611 κρύφια
2673 1515 3040 1608 γινώσκοντος
3070 1515 3332 1612 Χριστοῦ.

336 1612 471 1668 dita.

404 1702 494 1756 20.
540 1701 862 1767 Monachus,
919 1716 1040 1769 quae
1085 1707 1213 1755 sunt
1241 1698 1358 1765 Dei,
1404 1698 1515 1754 Deo
1551 1700 1817 1766 tribuens,

2108 1696 2284 1761 lt60bc
2312 1698 2548 1767 μοναχὺς
2580 1698 2651 1751 τὰ
2677 1698 2772 1751 τοῦ
2800 1698 2937 1752 Θεοῦ
2976 1699 3055 1769 τῷ
3088 1699 3229 1770 Θεῷ,
3269 1699 3345 1770 μὴ
3382 1700 3615 1770 ἐπαιρέ-

334 1795 662 1861 extollatur;
714 1795 807 1849 sed
858 1793 1107 1847 oratione
1150 1792 1217 1845 ad
1254 1791 1422 1846 Deum
1467 1791 1655 1847 dicat:
1694 1791 1807 1845 Tua

2109 1808 2134 1843 ι)
2154 1806 2168 1820 ⁸
2193 1790 2450 1857 δεόμενος
2480 1791 2537 1845 δὲ
2565 1792 2659 1845 τοῦ
2685 1792 2845 1855 Θεοῦ,
2876 1792 3101 1860 λεγέτω,
3140 1793 3217 1847 Τὰ
3254 1793 3339 1847 σὰ
3376 1792 3449 1845 ἐκ
3496 1791 3616 1845 τῶν·

339 1889 446 1941 tuis
482 1887 572 1940 tibi
604 1886 802 1954 o/fero;
830 1901 992 1938 unam
1023 1901 1056 1936 a
1088 1893 1136 1937 te
1164 1899 1267 1936 uno
1291 1884 1485 1937 animi:
1512 1883 1846 1951 redemptiom

2109 1899 2152 1935 νν
2181 1898 2282 1935 σοι
2316 1884 2635 1952 προσφέρω
2659 1901 2673 1915 ο
2702 1887 2895 1955 μόνον
2924 1882 3084 1952 παρὰ
3112 1885 3230 1939 σοῦ
3260 1886 3463 1954 μόνον
3502 1885 3583 1937 .ιύ
3604 1912 3616 1921 -

337 1980 583 2050 quwrito.

2022 1988 2245 2042 τρωσιν
2273 1973 2485 2043 ψυχῆς
2522 1974 2688 2043 ζητῶ.

408 2069 499 2124 21.
532 2068 790 2124 Orantem
819 2068 1145 2123 monachum
1171 2066 1377 2121 mundo
1405 2065 1589 2120 animo
1615 2066 1668 2120 in
1699 2075 1915 2123 noctur-

2111 2066 2405 2136 Ξύχομένου
2456 2068 2697 2139 μοναχοῦ
2743 2068 3003 2140 καθαρῶς
3045 2070 3103 2121 ὲν
3133 2071 3484 2140 νυκτεριναῖς
3524 2069 3618 2121 εὖ·

337 2162 422 2217 nis
448 2163 703 2232 precibus
733 2161 991 2215 exaudiet
1023 2160 1287 2214 Dominus
1316 2178 1331 2214 :
1367 2160 1419 2213 in
1453 2159 1542 2213 die
1572 2175 1701 2214 vero
1730 2160 1844 2215 Don

2111 2163 2165 2226 ’ς,
2226 2158 2571 2214 εἰσακούεται
2637 2160 2879 2232 Κύριος·
2946 2164 3005 2215 ὲν
3064 2162 3249 2232 ἡμέρᾳ
3305 2161 3384 2227 δὲ,
3449 2160 3618 2214 τοῦτο

336 2268 442 2306 nus
478 2252 629 2305 illum
679 2250 995 2318 illustrabit,
1043 2265 1108 2306 ac
1152 2252 1301 2305 velut
1355 2250 1565 2305 clarum
1608 2250 1750 2306 diem
1800 2267 1843 2307 et

2109 2252 2331 2324 ιπρύνει
2384 2252 2612 2323 Κύριος,
2642 2253 2740 2306 καὶ
2782 2253 2859 2317 ὡς
2905 2255 3118 2327 ἡμέραν
3166 2254 3415 2322 καθαρὰν
3474 2254 3616 2307 ἁνα-

377 2344 638 2398 rzestahit.

2020 2344 2207 2401 δείξει.

377 2344 638 2398 rzestahit.

336 2358 372 2413 Ρ
404 2434 494 2488 22.
530 2435 842 2493 Misericors
870 2440 1173 2495 monachus
1199 2438 1271 2494 sit
1316 2439 1548 2496 fratrum
1570 2454 1783 2503 amans,
1810 2449 1843 2493 lt

2140 2362 2208 2401 ει.

2107 2344 2264 2509 ille!)
2274 2456 2389 2509 μων
2415 2438 2647 2510 μοναχὸς
2672 2436 2995 2507 φιλάδελφος
3028 2437 3187 2503 ἔστω,
3213 2438 3309 2491 καὶ
3330 2438 3608 2509 κληρονο-

340 2542 563 2597 ramque
599 2530 795 2583 bonam
828 2531 1127 2599 possidebit
1152 2533 1193 2585 ⁸.

2024 2532 2189 2603 μήσει
2211 2532 2311 2602 τὴν
2340 2531 2710 2602 ἀγαθὴν-γῆν.

408 2619 498 2672 25.
534 2617 589 2672 ln
623 2623 878 2690 superbia
920 2624 1175 2677 monachi
1211 2639 1318 2678 non
1364 2623 1671 2694 requiescet
1701 2622 1842 2679 Deus
1864 2625 1915 2691 ";

2111 2622 2195 2676 Ἐν
2227 2623 2583 2693 ὑπερηφανία
2620 2618 2857 2693 μοναχοῦ
2908 2621 3009 2675 οὐκ
3055 2620 3440 2674 ἀναπαύσεται
3496 2620 3618 2673 Κύ-

337 2712 390 2765 in
419 2712 538 2781 ejus
566 2728 696 2767 vero
734 2714 1041 2769 humilitate
1066 2731 1131 2770 ac
1163 2732 1359 2773 sensus
1393 2718 1661 2773 modestia
1699 2718 1844 2787 requi

2111 2731 2170 2777 ς·
2207 2715 2265 2766 ὲν
2296 2712 2773 2785 ταπεινοφροσύνῃ
2813 2712 2871 2765 δὲ
2904 2712 3069 2766 αὐτοῦ
3106 2711 3498 2766 ἀναπαύσεται
3555 2713 3618 2764 τὸ

335 2813 452 2859 seet
482 2804 717 2874 Spiritus
759 2815 1003 2863 sanctus.
1035 2806 1213 2879 Hujus
1245 2809 1501 2879 praesidio
1554 2810 1793 2874 virtutis,
1833 2825 1842 2861 ι

2109 2804 2250 2874 εὖμα
2305 2805 2366 2859 τὸ
2417 2805 2593 2874 ἅγιον.
2661 2805 2750 2857 Ἐν
2804 2804 3274 2874 ταπεινοφροσύνῃ
3322 2803 3381 2855 δὲ
3437 2804 3616 2856 αὑτοῦ

333 2914 499 2969 gnum
521 2899 783 2953 caelorum
808 2912 1151 2969 assequetur,
1178 2916 1242 2956 ac
1264 2902 1413 2956 brevi
1435 2902 1555 2971 ejus
1571 2902 1840 2971 possessio

2118 2916 2173 2951 αι
2195 2898 2254 2950 ἐν
2282 2900 2350 2969 τῇ
2385 2897 2637 2969 βασιλείᾳ
2658 2898 2768 2950 τῶν
2793 2896 3059 2968 οὐρανῶν,
3083 2897 3177 2949 καὶ¹
3205 2896 3265 2948 ὲν
3290 2895 3448 2965 τάχει
3479 2895 3620 2965 κλη·

334 2990 647 3047 donabitur.

2021 2989 2317 3059 ρονομήσει
2343 2988 2534 3058 αὑτήν.

404 3082 495 3136 24.
536 3084 591 3136 In
623 3084 770 3137 omni
803 3093 1045 3151 tempore
1080 3084 1150 3139 sit
1183 3100 1213 3137 a
1245 3084 1405 3139 sorde
1433 3084 1633 3139 munda
1661 3082 1911 3139 monachi

2111 3082 2196 3134 Ἐν
2226 3080 2392 3134 παντὶ
2421 3080 2599 3151 καιρῷ
2619 3080 2759 3133 ἔστω
2792 3080 2821 3132 ὁ
2853 3079 3019 3150 χιτὼν
3047 3076 3144 3132 τοῦ
3177 3077 3421 3149 μοναχοῦ
3445 3080 3618 3133 ἄσπι-

336 3175 552 3241 tunica;
588 3192 694 3229 non
736 3192 857 3244 quae
885 3176 1029 3241 lana,
1062 3191 1249 3245 quaeve
1274 3176 1387 3229 lino
1420 3185 1671 3231 contexta
1701 3175 1794 3239 sit,
1822 3192 1843 3229 ε

2128 3188 2142 3201 ·
2183 3171 2284 3241 οὐχ
2324 3174 2351 3224 ὁ
2385 3170 2642 3240 ὓφαντος,
2680 3169 2797 3223 ἀλλ’
2832 3172 2861 3223 ὁ
2893 3170 3285 3239 πνευματικός.
3330 3169 3424 3221 Ἐν
3468 3170 3616 3243 μέσῃ

336 3264 619 3333 spiritalis.
655 3263 759 3330 Qui
806 3266 949 3319 enim
1000 3265 1268 3335 ejusmodi
1304 3274 1407 3325 est.
1452 3267 1503 3318 in
1534 3266 1709 3320 media
1756 3282 1843 3319 nor

2107 3280 2127 3332 ο
2173 3264 2332 3316 νυκτὶ
2385 3264 2414 3316 6
2460 3262 2704 3326 τοιοῦτος
2757 3262 3228 3316 συνεισελεύσεται
3272 3260 3354 3331 τῷ
3385 3263 3614 3331 νυμφίῳ

334 3369 458 3409 cum
483 3354 700 3411 Christo
746 3372 949 3427 sponso
976 3358 1329 3427 ingredietur.
1352 3360 1540 3413 Oleum
1573 3358 1771 3413 inferat
1797 3374 1841 3412 nt

2110 3356 2238 3427 ιστῴ
2296 3358 2377 3418 εἰς
2423 3355 2523 3426 τὴν
2568 3356 2843 3409 παστάδα.
2882 3354 3106 3408 Ἐλαιον
3152 3353 3537 3425 ὲπικομιζέτω
3583 3355 3613 3406 ὁ

335 3447 547 3501 nachus
574 3448 627 3501 in
662 3463 951 3503 occursum
988 3450 1170 3518 sponsi
1197 3451 1238 3504 ⁸.

2020 3450 2277 3520 μοναχὸς,
2304 3451 2383 3512 είς
2410 3449 2721 3517 ἀπάντησιν
2751 3446 2847 3500 τοῦ
2882 3446 3139 3517 νυμφίου.

403 3538 494 3593 25.
528 3536 780 3592 Monachi
809 3539 919 3592 vita
962 3540 1139 3608 angeli
1173 3540 1230 3593 in
1275 3554 1481 3595 morem
1510 3542 1601 3603 sit,
1631 3550 1910 3611 peccatum

2108 3542 2210 3612 ζωὴ
2267 3541 2504 3612 μοναχοῦ
2569 3542 2714 3595 κατὰ
2777 3541 3010 3611 μίμησιν
3070 3540 3305 3609 ἀγγέλου
3370 3540 3615 3609 γινέσθω

334 3629 585 3685 incendio
606 3644 938 3685 consumens
970 3648 984 3684 :
1022 3633 1132 3685 vita
1189 3632 1333 3686 enim
1362 3632 1615 3687 monachi
1647 3633 1841 3691 umnite

2102 3634 2435 3704 εαφλέγουσα
2469 3635 2769 3705 ἁμαρτίαν.
2798 3634 2921 3705 Ζωὴ
2950 3634 3059 3705 γὰρ
3092 3632 3335 3704 μοναχοῦ
3371 3635 3546 3700 ἐστιν,
3576 3638 3609 3706 η

334 3722 470 3777 tium
501 3723 807 3778 holocausti
840 3724 1044 3778 oblatio
1079 3734 1181 3779 est.

2015 3730 2125 3781 τῶν
2157 3728 2567 3798 μετανοούντων
2601 3727 3000 3797 ὁλοκάρπωσις.

403 3812 491 3866 26.
523 3810 645 3867 Vita
697 3813 951 3868 monachi
1016 3814 1261 3868 membra
1297 3814 1417 3883 ejns
1459 3812 1719 3884 insigniat
1757 3813 1910 3882 cupi-

2101 3820 2213 3890 ιωὴ
2261 3818 2526 3889 μοναχοῦ,
2570 3817 3067 3890 χαρακτηριζέσθω
3116 3818 3187 3873 τὰ
3239 3819 3379 3889 μέλη
3436 3819 3608 3872 αὐτοῦ

334 3904 487 3958 dilati
522 3904 850 3973 libidinique
881 3912 1170 3969 emortua;
1210 3906 1413 3975 quippe
1452 3905 1539 3959 cui
1574 3904 1718 3960 beati
1752 3904 1841 3959 Joa

2103 3911 2401 3980 νεκρωμένα
2439 3910 2577 3980 πρὸς
2602 3908 2901 3979 ἐπιθυμίαν
2948 3910 3285 3979 ὑπάρχοντα.
3332 3910 3459 3982 Ζωὴ
3498 3912 3610 3980 γὰρ

332 3993 421 4047 nis
445 3992 555 4047 vita
588 4008 653 4049 ac
684 3993 977 4063 disciplina
1010 3994 1320 4063 exemplum
1353 3994 1642 4050 exstiterit.

2102 4002 2300 4070 ἰὰγίου
2356 4002 2605 4055 Ἰωάννου
2659 4003 2753 4055 καὶ
2802 4000 2917 4071 βίος
2960 4001 3331 4073 ὑπογραμμός
3374 4020 3459 4055 σοι
3515 4004 3609 4071 γέ-

2017 4108 2197 4159 γονεν.

398 4169 490 4224 27.
543 4169 857 4225 Daemonum
918 4179 1083 4227 aestus
1134 4187 1197 4227 ac
1244 4172 1484 4226 turbatio
1542 4186 1574 4226 a
1641 4172 1905 4227 monacho

2101 4182 2243 4252 Ζάλη
2292 4182 2564 4253 δαιμόνων
2597 4181 2706 4236 ἀπὸ
2744 4182 2977 4254 μοναχοῦ
3004 4182 3275 4253 φευγέτω·
3304 4182 3521 4255 γαλήνη
3553 4183 3608 4237 δὲ

330 4259 542 4332 fugiat;
584 4263 830 4332 angelica
881 4278 1010 4319 vero
1074 4264 1441 4333 tranquillitas
1491 4265 1547 4319 in
1585 4264 1668 4320 eis
1715 4265 1837 4320 chon

1585 4264 1668 4320 eis
1715 4265 1915 4321 choros
2017 4274 2267 4343 ἀγγέλων
2319 4275 2473 4344 παρὰ
2505 4276 2758 4346 μοναχοῖς
2780 4275 3072 4346 χορευέτω.

333 4355 522 4409 ducat.

398 4444 488 4499 28.
525 4444 851 4500 Dzeinoniaci
885 4456 1051 4501 aestus
1096 4446 1273 4502 excita
1304 4449 1566 4517 procella,
1609 4449 1905 4505 monachus

2100 4456 2264 4526 ζάλης
2294 4454 2617 4525 δαιμονικῆς
2638 4453 3096 4525 ὲπεγειρομένης,
3122 4453 3403 4525 κρατείτω
3439 4469 3607 4523 μονα-

333 4536 471 4592 iram
497 4547 676 4591 teneat
710 4555 724 4591 :
756 4538 864 4592 vita
898 4540 1041 4593 enim
1073 4540 1325 4594 monachi
1355 4540 1410 4595 in
1434 4542 1657 4597 lenitate
1691 4542 1840 4597 innot

2098 4568 2104 4604 :
2137 4548 2312 4619 θυμοῦ
2335 4562 2348 4577 ο
2387 4546 2499 4616 ζωὴ
2531 4546 2642 4618 γὰρ
2676 4545 2913 4617 μοναχοῦ
2942 4548 3001 4599 έν
3033 4546 3313 4618 πραΰτητι
3344 4544 3445 4598 καὶ
3465 4544 3605 4597 ὁποι

328 4638 444 4683 scat
481 4636 534 4683 et
561 4629 836 4695 patientia.

2012 4643 2151 4712 μονῇ
2183 4638 2561 4711 γνωριζέσθω.

395 4718 486 4773 29.
517 4717 756 4773 Fervens
810 4719 1005 4790 spiritu
1055 4720 1362 4776 monachus
1386 4720 1663 4776 diabolum
1713 4721 1898 4793 fugat;

2095 4737 2226 4789 ζέων
2256 4735 2337 4806 τῷ
2371 4734 2641 4805 πνεύματι
2682 4733 2915 4805 μοναχὺς
2968 4733 3266 4788 ὰποδιώκει
3287 4732 3382 4787 τὸν
3416 4733 3602 4789 διάϐο-

325 4819 382 4865 at
411 4811 502 4880 qui
536 4812 839 4867 monachus
875 4813 1078 4883 injuste
1119 4812 1340 4867 fratrem
1376 4814 1683 4881 aemulatur,
1709 4815 1832 4870 diah

2091 4844 2130 4866 ν·
2187 4824 2368 4895 ζηλῶν
2400 4824 2457 4877 δὲ
2498 4824 2732 4896 μοναχὺς
2770 4824 2973 4890 ἀδίκως
3003 4824 3095 4877 τὸν
3129 4824 3357 4893 ἀδελφὸν
3407 4825 3598 4890 αὑτοῦ,

326 4902 437 4958 lum
470 4904 535 4958 ad
568 4919 625 4959 se
650 4905 895 4959 attrahit.
931 4904 1090 4961 Foris
1118 4906 1263 4959 enim
1296 4906 1538 4961 manebit
1578 4922 1702 4962 cum
1739 4908 1829 4977 qui

2092 4918 2313 4970 ισπᾶται
2345 4915 2435 4969 τὸν
2475 4915 2720 4969 διάόολον
2744 4933 2758 4948 ο
2811 4913 2917 4979 ἔξω
2963 4916 3073 4985 γὰρ
3121 4919 3273 4986 μενεί
3317 4918 3463 4987 μετά
3489 4919 3599 4970 τῶν

323 5009 431 5063 que
478 4993 644 5049 fatuis
691 4995 993 5065 virginibus
1018 4997 1062 5063 ⁸,
1100 4997 1193 5068 qui
1233 4997 1536 5067 lampadem
1572 5014 1728 5053 suam
1780 5000 1830 5054 ο]

2089 5026 2173 5062 ντε
2205 5007 2408 5079 μωρῶν
2435 5008 2746 5080 παρθένων,
2777 5008 2807 5061 ὁ
2846 5008 2924 5080 μὴ
2952 5008 3121 5079 ἐλαίῳ
3149 5008 3469 5081 φαιδρύνων
3495 5010 3596 5083 τὴν

322 5084 660 5153 splendidam
701 5085 988 5157 laetamque
1014 5103 1121 5141 non
1154 5090 1470 5145 reddiderit.

1014 5103 1121 5141 non
1154 5090 1470 5145 reddiderit.
2007 5100 2205 5155 ἑαυτοῦ
2231 5102 2297 5153 λα
2305 5102 2512 5171 μπάδα.

389 5175 478 5230 50.
534 5175 885 5233 Fermentum
931 5180 1168 5235 “malitia:
1242 5197 1342 5235 nec
1403 5181 1716 5238 nominetur
1756 5183 1896 5239 inter

2076 5190 2234 5263 Ζύμη
2268 5191 2469 5254 κακίας
2497 5191 2573 5263 μὴ
2596 5190 2950 5263 ὀνομαζέσθω
2975 5193 3129 5265 παρὰ
3155 5197 3440 5265 μοναχοῑς,

319 5268 641 5324 monachos.

388 5358 478 5414 51.
519 5358 614 5414 Sol
666 5376 773 5415 non
821 5363 1033 5418 occidat
1083 5378 1247 5435 super
1302 5365 1640 5421 iracundiam
1687 5367 1728 5397 '°
1778 5383 1894 5423 ηιοο

391 5447 498 5500 chi.

2072 5373 2263 5437 Ἥλιος
2322 5372 2399 5443 μὴ
2455 5370 2731 5427 ἐπιδυέτω
2789 5370 2886 5426 ἐπὶ
2927 5371 3007 5443 τῷ
3053 5373 3434 5445 παροργισμῷ
3495 5392 3564 5445 μο

317 5460 498 5501 IIICI".

2000 5464 2186 5535 ναχοῦ.

316 5647 412 5772 1θῖ
441 5645 924 5784 ἰγοῐὲᾘὶνῖἐὲϐῗ
951 5650 1135 5710 Matth.
1167 5673 1240 5723 vi,
1276 5659 1323 5714 8.
1422 5662 1442 5693 ⁸
1467 5660 1656 5718 Matth.
1721 5680 1771 5729 v,
1826 5666 1878 5719 4.
1960 5667 1979 5697 ⁷
2020 5665 2123 5722 lsa.
2159 5682 2303 5735 um,
2362 5667 2415 5719 2.
2494 5668 2516 5700 ⁸
2548 5663 2737 5721 Matth.
2811 5682 2938 5732 xxv,
3000 5667 3087 5723 10.
3167 5668 3188 5699 ⁹
3220 5667 3417 5726 Matth.
3450 5682 3599 5727 xxv.
