3816 6220
144 349 294 414 1477

153 557 210 610 Et
244 553 511 625 μοναχοῦ,
541 555 810 626 ταράσσει
840 553 1028 624 μονήν.

224 721 405 801 *Ηχον
430 730 754 800 ψαλμῳδίας
787 730 862 800 μὴ
890 727 1176 795 ἀνανεύου,
1210 724 1442 798 μοναχέ*
1471 724 1610 792 αὕτη
1631 724 1740 795 γὰρ

155 825 188 892 ἡ
217 824 330 876 τῶν
361 823 611 891 ἀγγέλων
646 820 962 890 ὑμνολογία.

224 999 402 1073 Ἥχον
424 1003 667 1073 Θεάτρων
687 999 1012 1055 διαόολικῶν
1035 997 1286 1071 φευγέτω
1311 998 1542 1069 μοναχός
1559 1013 1572 1026 ·
1599 996 1738 1067 αὕτη

150 1095 266 1162 γὰρ
298 1097 331 1164 ἡ
360 1095 467 1147 τῶν
496 1094 769 1164 δαιμόνων
798 1092 1005 1164 ἀπάτη.

233 1270 389 1322 Ἤτω
416 1270 508 1321 ἐπὶ
537 1268 631 1322 τοῦ
657 1269 912 1339 μετώπου
943 1286 1037 1323 σου
1063 1270 1091 1323 ό
1120 1270 1355 1342 σταυρὸς
1376 1269 1470 1323 τοῦ
1497 1267 1735 1340 Χριστοῦ

150 1360 470 1426 διαπαντὸς,
511 1362 712 1431 μοναχέ
733 1379 745 1391 ·
773 1363 891 1433 ἦτω
918 1362 1012 1416 καὶ
1048 1364 1107 1415 ἐν
1133 1366 1200 1434 τῇ
1229 1361 1429 1434 καρδίᾳ
1460 1379 1554 1414 σου
1583 1365 1611 1416 ὁ
1644 1362 1736 1429 φό-

149 1452 247 1516 ϐος
287 1451 382 1506 τοῦ
410 1453 570 1518 Θεοῦ,
597 1455 836 1523 ἀσκητά.

127 1575 139 1582 -
238 1546 472 1615 Ἡσυχία
502 1544 740 1615 μοναχοῦ
772 1543 912 1616 μετά
937 1545 1185 1616 καθαρᾶς
1217 1546 1466 1615 καρδίας,
1500 1547 1737 1600 δυσωπεῖ

146 1642 211 1695 τὸ
241 1639 470 1708 Πνεῦμα
504 1639 565 1691 τὸ
596 1639 769 1708 άγιον.

1253 347 1355 406 λι)
1392 339 1794 405 MONACHOS
1819 340 2328 401 ADHORTATIO.
2821 405 2825 418 ,

225 465 471 532 ’Ῑισυχος
513 460 770 532 μοναχδς,
804 459 868 514 οὐ
896 458 1164 529 ταράσσει
1197 456 1492 524 ἀδελφοὺς’
1519 451 1736 524 κραυγῆ
1766 490 1778 517 Α

1915 448 2005 502 39.
2049 448 2244 503 Secum
2293 450 2507 519 quietus
2556 453 2861 514 monachus
2911 467 3018 507 non
3088 453 3268 508 turbat
3299 453 3415 508 fra-

3281 341 3418 409 1478

1844 547 1953 591 tres
2011 554 2023 589 :
2079 539 2286 593 clamor
2352 556 2482 594 vero
2534 543 2787 597 monachi
2849 545 3240 600 monasterium
3301 555 3416 600 tur-

1843 628 1953 683 bat.

1910 721 2000 774 55.
2040 719 2381 776 Psalmorum
2434 723 2487 777 in
2541 707 2753 780 divinas
2806 727 2996 782 laudes
3046 728 3418 785 decantanda;

1841 813 2056 866 sonitus
2094 830 2158 867 ne
2186 815 2492 884 displiceat,
2531 819 2836 886 monache;
2868 820 2957 874 hic
2997 821 3143 875 enim
3191 824 3384 892 angelo

1841 919 1961 956 rum
1997 905 2237 959 laudatio
2260 917 2362 961 est.

1913 997 2004 1050 54.
2047 995 2297 1052 Sonitum
2335 1000 2551 1054 diabo‘lo
2574 1011 2793 1057 auclore
2822 1002 3181 1059 conﬂatorum
3205 1014 3415 1074 specta-

1846 1089 2094 1142 culorum
2124 1089 2297 1159 fugiat
2327 1092 2657 1160 monachus;
2695 1094 2784 1149 hic
2809 1095 2954 1149 enim
2985 1096 3293 1152 daemonum
3330 1114 3416 1152 sc-

1840 1181 2028 1236 ductio
2049 1192 2149 1236 est.

1911 1273 2000 1327 55.
2034 1272 2116 1326 Sit
2142 1274 2237 1328 tibi
2269 1274 2322 1328 in
2354 1275 2528 1332 fronte
2561 1278 2710 1332 omni
2743 1287 2984 1349 tempore
3011 1281 3211 1338 Christi
3244 1300 3412 1349 crux;

1839 1363 1910 1418 sit
1945 1373 1998 1418 et
2043 1365 2096 1418 in
2135 1366 2300 1420 corde
2332 1374 2426 1423 tuo
2466 1367 2558 1423 Dei
2597 1371 2778 1436 timor,
2806 1373 2898 1441 qui
2931 1389 3154 1429 exerces
3195 1377 3414 1430 virtutis

1837 1453 2110 1522 palaestra.

1905 1543 1992 1598 56.
2021 1546 2310 1601 Silentium
2339 1551 2590 1606 monachi
2623 1568 2745 1608 cum
2772 1569 2908 1623 puro
2935 1556 3119 1622 corde,
3148 1555 3407 1626 Spiritum

1837 1645 2085 1690 sanctum
2147 1649 2207 1693 ut
2260 1642 2343 1695 sui
2405 1643 2616 1712 copiam
2678 1645 2841 1700 faciat
2884 1648 3174 1719 veniatquc
3204 1651 3411 1719 majore

1836 1728 1994 1796 quasi
2022 1733 2070 1781 vi
2101 1729 2345 1785 inﬂectit.

219 1815 396 1883 'Heo;
439 1819 676 1890 χρηστὸν
717 1820 974 1890 μοναχοῦ,
1013 1819 1369 1889 φιλαδελφίαν
1413 1819 1728 1890 ἐργάζεται,
1764 1848 1778 1904 Ι

1904 1819 1995 1873 57.
2030 1820 2230 1876 Lenior
2254 1825 2503 1880 monachi
2532 1827 2748 1883 animus
2784 1840 2948 1900 atque
2979 1830 3189 1888 indoles
3213 1833 3410 1888 frater-

147 1912 244 1966 καὶ
272 1912 452 1982 μάχην
481 1910 799 1964 ἀποδιὼκει.

233 2004 616 2075 Ἦρμοσμένος
669 2004 905 2075 μοναχὸς
931 2005 1035 2075 [τῷ
1079 2005 1294 2076 Κυρίῳ,
1345 2005 1422 2078 μὴ
1472 2006 1728 2059 ἐκδιδότω

147 2100 339 2153 ἑαυτὸν
367 2098 441 2169 τῷ
464 2097 717 2167 διαϐόλῳ,
748 2098 837 2151 ἴνα
865 2098 940 2168 μὴ
966 2099 1339 2171 καταισχυνθῇ
1366 2101 1458 2154 ἐπὶ
1481 2099 1576 2152 τοῦ
1595 2118 1731 2173 νυμ-

145 2193 350 2262 φῶνος.

217 2283 426 2355 Θυρεδς
458 2281 695 2354 μοναχοῦ
725 2282 1176 2354 ἀκαταμάχητος,
1202 2283 1370 2354 ὕμνος
1399 2285 1646 2354 ἀγγέλων
1672 2287 1728 2339 ἐν

145 2377 383 2446 στόματι
429 2373 595 2427 αὐτοῦ
622 2390 636 2405 ·
693 2373 924 2436 Θάνατος
971 2374 1029 2426 δὲ
1072 2374 1330 2445 μοναχοῦ,
1364 2374 1532 2446 ὕμνος
1587 2376 1728 2448 ὑπὲρ

148 2469 353 2538 μέτρον
384 2465 770 2536 ἀγαπώμενος.

210 2560 504 2632 Θησαυρὸς
537 2559 773 2629 μοναχοῦ
805 2557 1157 2630 άκτημοσύνη
1200 2561 1233 2629 ἡ
1278 2559 1553 2623 ἐκούσιος’
1587 2558 1728 2612 θειό-

145 2669 310 2714 τατος
341 2650 518 2716 ἔσται,
545 2652 574 2702 ὁ
602 2649 808 2720 ταύτην
842 2649 1262 2722 ἐπανῃρημένος
1294 2650 1546 2720 μοναχός.

214 2832 578 2904 Θησαύρισον,
617 2831 836 2903 μσναχέ,
880 2832 939 2885 ἐν
983 2831 1234 2903 οὐρανῷ·
1278 2833 1577 2900 ἀπέραντοι
1615 2833 1723 2905 γάρ

143 2925 244 2994 τῆς
267 2921 630 2988 ἀναπαύσεώς
659 2940 741 2977 σοι
769 2923 985 2986 αίῶνες.

219 3102 438 3172 Θεωρία
479 3103 737 3174 μοναχοῦ,
783 3105 840 3157 ἐν
870 3103 1118 3175 Γραφαῖς
1143 3104 1325 3176 ἁγίαις
1351 3106 1602 3176 γινέσθω,
1627 3109 1721 3162 καὶ

141 3198 178 3266 η
215 3195 433 3248 εὐδοκία
463 3192 628 3248 αὐτοῦ
660 3194 753 3247 ἐπὶ
781 3195 1006 3266 Κύριον.

217 3370 369 3441 Θύρα
399 3369 633 3441 μοναχοῦ
666 3370 744 3443 μὴ
773 3370 989 3442 μοχλοῖς
1025 3372 1264 3443 σιδηροῖς
1295 3373 1579 3428 κλειέσθω.

215 3550 432 3621 Θάρσος
465 3546 724 3620 μοναχοῦ,
753 3547 828 3620 μὴ
858 3549 917 3601 ἐν
944 3547 1216 3620 εὺσαρκίᾳ
1244 3550 1540 3619 φαινέσθω.

218 3730 543 3799 Θαυμαστὸν
584 3730 879 3802 πρόσωπον
924 3727 1196 3800 μοναχοῦ,
1246 3729 1351 3783 ὑπὸ
1397 3729 1719 3801 ἐγκρατείας

143 3824 624 3896 λαμπρυνόμενον.

231 3998 421 4060 Ἰάσεις
452 3996 630 4068 ψυχῆς
662 3997 935 4068 μοναχῶν,
974 3995 1064 4050 διὰ
1097 3998 1419 4070 προσευχῶν
1446 3999 1712 4070 γίνονται,

144 4090 242 4146 καὶ
259 4089 324 4143 δι’
354 4087 736 4160 ἐλεημοσυνῶν
758 4088 1138 4160 γνωρίζονται.

225 4268 430 4339 Ἰλαρὸς
458 4270 523 4338 τῇ
553 4266 674 4336 ὄψει
708 4267 960 4336 μοναχὸς,
994 4268 1235 4339 ἀσκητοῦ
1256 4269 1582 4340 ἀνάπαυσις,
1620 4273 1714 4328 καὶ

143 4362 416 4431 λογισμῶν
453 4360 708 4434 πονηρῶν
740 4361 1076 4433 καθαίρεσις.

224 4542 474 4613 Ἰωάννης
510 4543 874 4613 ὑπογραμμός
910 4560 990 4595 σοι
1030 4542 1282 4612 γινέσθω,
1323 4547 1546 4618 μοναχὲ,
1595 4552 1712 4622 τρε-
1743 4543 1778 4597 Ι]

1888 4573 1978 4627 48.
2010 4574 2248 4631 Joannes
2283 4593 2347 4632 ex

142 4652 242 4705 χας
263 4634 508 4704 καμήλου
535 4633 829 4703 περιὸεὸλη
841 4635 1022 4703 μένος,
1059 4634 1147 4688 ἵνα
1181 4636 1364 4701 Ἠλίας
1386 4642 1452 4711 τῇ
1488 4641 1711 4715 μηλώτῃ

143 4726 447 4792 σκεπάσας,
487 4730 567 4790 εἰς
596 4727 858 4796 οὐρανοὺς
889 4727 1161 4798 ἀναγάγῃ.

223 4815 478 4878 Ἰάκωόος
533 4816 689 4887 χερσὶ
728 4816 1139 4887 προτρεπέσθω,
1171 4819 1264 4872 ἐπὶ
1309 4824 1429 4885 ταῖς
1474 4841 1709 4896 προσπι-

140 4906 402 4970 πτούσαις
441 4911 747 4979 συμφοραῖς
790 4910 1071 4981 ὑπομονήν
1110 4927 1170 4963 σε
1207 4912 1494 4970 διδάσκων.

225 4996 477 5068 Ἰωάννης
512 5015 571 5050 σε
611 4999 748 5071 πρὸς
776 4999 867 5051 τὸν
896 5000 1129 5072 ἄναρχον
1173 5004 1347 5072 Λόγον
1384 5006 1708 5079 καθωδήγη-

141 5107 253 5145 σεν.

222 5182 413 5252 Ἰκμάς
440 5182 757 5254 ἱλαρότητος
781 5184 872 5237 ἐπὶ
895 5184 1135 5257 μετώπῳ
1163 5189 1420 5261 γινομένη
1449 5193 1708 5263 μοναχοῦ,

137 5274 424 5344 εὐφραίνει
480 5275 686 5347 πλῆθος
735 5276 1015 5347 ἀδελφῶν·
1073 5280 1266 5350 ἰταμὸς
1329 5281 1386 5335 δὲ
1451 5285 1706 5355 μοναχδς,

138 5366 426 5437 σκορπίζει
456 5367 712 5434 σύλλογον
734 5367 1000 5438 ἀδελφῶν.

223 5557 430 5628 Ἰσότης
457 5559 704 5629 ἀδελφῶν
736 5562 1116 5634 ὑπερηφανίαν
1147 5565 1453 5638 σκορπίζει,
1491 5572 1586 5624 καὶ
1614 5589 1707 5626 τα-

137 5648 574 5721 πεινοφροσύνην
597 5651 759 5723 ριζοῖ.

212 5761 253 5791 ⁸⁸
286 5760 477 5815 Matth.
511 5776 593 5830 ιιι,
621 5764 687 5830 4;
726 5762 891 5820 Marc.
926 5782 964 5834 ι,
998 5769 1048 5821 6.
1133 5769 1175 5801 ¹¹
1204 5767 1268 5822 IV
1300 5768 1429 5842 Reg.
1462 5788 1521 5839 ιι,
1561 5777 1610 5828 l.

1726 5779 1768 5809 ¹³
1798 5778 1911 5836 Jac.
1945 5799 1983 5850 ι,
2027 5783 2102 5839 2..

1833 1926 1964 1964 num
1999 1923 2221 1982 prmstat
2253 1933 2518 1983 amorem,
2548 1919 2834 1992 rixamque
2862 1924 3032 1994 fugat.

1900 1999 1990 2054 58.
2025 2001 2260 2071 Aptatus
2293 2004 2525 2061 Domino
2559 2013 2863 2067 monachus
2933 2030 2999 2068 ne
3037 2030 3094 2069 se
3138 2016 3252 2085 ipse
3289 2018 3408 2072 dia-

1829 2090 1954 2146 bolo
1989 2092 2171 2161 dedat,
2218 2113 2286 2151 ne
2325 2098 2377 2152 in
2409 2099 2706 2157 thalamum
2741 2104 3101 2172 inducendus,
3146 2111 3407 2164 confusus

1829 2183 2138 2241 erubescat.

1897 2275 1985 2330 39.
2036 2276 2262 2333 Scutum
2319 2285 2577 2339 monachi
2620 2286 3059 2359 inexpugnabile,
3103 2294 3405 2363 angelicum

1829 2366 2000 2420 melos
2029 2368 2085 2421 in
2111 2386 2206 2424 ore
2232 2372 2381 2442 ejus;
2413 2391 2558 2431 mors
2591 2394 2719 2433 vero
2747 2383 3020 2447 monachi,
3056 2387 3275 2440 modum
3304 2402 3406 2441 ex-

1827 2456 2024 2512 cedens
2047 2463 2288 2517 carmina
2325 2467 2642 2522 modulandi
2669 2485 2847 2526 amor.

1897 2553 1986 2607 40.
2022 2552 2338 2614 Thesaurus
2373 2563 2626 2616 monachi
2664 2564 2846 2634 inopia
2878 2581 2942 2622 ac
2976 2579 3266 2639 paupertas
3306 2588 3401 2626 vo-

1826 2643 2060 2698 luntaria
2085 2663 2099 2712 ;
2127 2648 2505 2705 divinissimus
2535 2653 2638 2707 erit
2670 2656 2764 2723 qui
2806 2656 2926 2726 ejus
2967 2659 3277 2715 institutum
3311 2679 3405 2716 ar-

1827 2736 2075 2806 ripuerit,
2103 2755 2334 2810 eamque
2363 2744 2644 2812 delegerit,
2671 2750 2988 2804 monachus.

1896 2829 1985 2882 4i.
2021 2829 2362 2887 Thesaurum
2412 2836 2531 2901 tibi,
2564 2841 2851 2906 monache,
2896 2858 3099 2912 repone
3145 2861 3198 2899 ιιι
3227 2848 3402 2915 caalo;

1825 2923 1976 2978 nullo
2027 2925 2171 2978 enim
2203 2926 2350 2980 exitu
2394 2927 2642 2984 finiendae
2675 2931 2874 3000 quietis
2929 2936 3126 2990 saecula
3181 2946 3233 2991 te
3288 2955 3405 2994 ma-

1825 3024 1974 3069 nent.

1897 3107 1986 3161 42.
2044 3107 2298 3164 Monaehi
2346 3115 2733 3183 contemplatio
2793 3117 2847 3170 in
2889 3119 3062 3173 sacris
3105 3120 3404 3192 Scripturis

1753 3206 1795 3262 ε
1828 3208 2116 3266 versetur;
2148 3201 2328 3272 sitque
2372 3204 2492 3272 ejus
2532 3220 2803 3275 propensa
2841 3210 3092 3266 voluntas
3125 3212 3178 3268 in
3218 3214 3403 3271 Domi-

1828 3304 1982 3348 num.

1893 3382 1986 3438 45.
2026 3381 2278 3439 Monachi
2315 3386 2515 3440 ostium
2575 3386 2768 3444 ferreis
2815 3391 3062 3448 vectibus
3121 3412 3190 3450 ne
3247 3399 3399 3454 clau-

1823 3471 2003 3527 datur.

1890 3569 1982 3622 44.
2017 3567 2242 3623 Fiducia
2271 3572 2524 3626 monachi
2553 3589 2662 3629 non
2693 3591 2757 3629 eo
2781 3577 3008 3645 eluceat,
3041 3583 3183 3652 quod
3208 3600 3400 3644 carno-

1823 3675 1918 3714 sus
1943 3670 2240 3729 ventreque
2273 3661 2543 3718 distentus
2578 3674 2681 3720 est.

1889 3751 1980 3805 45.
2032 3749 2238 3820 Dignus
2284 3753 2376 3822 qui
2421 3755 2835 3813 admirationem
2885 3774 3098 3818 moveat
3141 3772 3391 3828 monachi

1819 3843 2020 3906 vultus,
2048 3843 2244 3912 jejunii
2276 3844 2727 3920 abstinentiae-que
2762 3851 2883 3909 luce
2917 3855 3301 3925 splendescens
3328 3881 3393 3921 ac

1817 3933 2174 3990 exhilaratus.

1886 4028 1976 4082 46.
2019 4027 2407 4084 Monachorum
2456 4031 2624 4086 animi
2665 4035 2925 4094 sanitates
2967 4044 3219 4109 precibus
3249 4063 3390 4117 pra:-

1817 4126 2052 4186 stantur,
2108 4133 2272 4191 atque
2322 4121 2684 4194 eleemosynis
2734 4127 2788 4181 in
2840 4141 3087 4198 apertum
3146 4139 3390 4205 produn-

1817 4219 1925 4264 tur.

1885 4302 1975 4356 47.
2016 4300 2216 4356 Hilaris
2238 4303 2392 4358 vultu
2424 4306 2749 4376 monachus,
2780 4311 2899 4381 ejus
2932 4315 3025 4385 qui
3055 4318 3270 4373 virtutis
3295 4337 3389 4390 pa-

1813 4393 1991 4448 laestra
2016 4403 2254 4462 exercet,
2289 4395 2534 4462 refectio,
2575 4415 2975 4476 pravarumque
2998 4411 3386 4482 cogitationum

1813 4485 2126 4540 exstinctio.

2352 4583 2531 4652 emplo
2561 4584 2660 4639 tibi
2694 4588 2784 4654 sit,
2826 4592 3105 4661 monache,
3139 4595 3264 4664 pilis
3294 4615 3387 4654 ca-

1817 4665 2083 4720 melorum
2125 4683 2202 4723 ac.
2233 4671 2413 4727 cilicio
2451 4675 2764 4744 indutus“,
2809 4689 2869 4733 ut
2912 4682 3056 4739 Elias
3104 4686 3146 4717 η
3190 4690 3389 4746 melote

1816 4769 2066 4826 Opertum
2105 4760 2158 4812 in
2187 4763 2356 4819 ccelos
2388 4767 2532 4822 celso
2565 4770 2745 4824 volatu
2777 4772 2960 4829 ducat.

1886 4850 1975 4906 49.
2008 4849 2244 4908 Jacobus
2287 4859 2540 4912 manibus
2591 4873 2642 4914 te
2686 4865 2893 4930 incitet,
2926 4867 3020 4936 qui
3053 4868 3108 4923 in
3143 4869 3389 4928 adversis

1809 4954 1930 5007 qua:
1953 4941 2207 4997 accidunt
2231 4947 2545 5013 patientiam
2576 4961 2626 5006 te
2651 4953 2845 5010 doceat
2873 4958 2939 5011 ¹³.

1879 5030 1966 5084 50.
2003 5030 2240 5090 Joannes
2275 5038 2327 5091 in
2361 5037 2599 5097 Verbum
2655 5047 2799 5114 quod
2845 5048 3116 5122 principio
3146 5061 3296 5109 caret
3320 5052 3384 5121 “’,

1809 5121 1903 5175 tibi
1937 5123 2135 5178 ductor
2161 5130 2390 5184 exstitit.

1881 5213 1970 5269 51.
2011 5213 2213 5272 Hilaris
2269 5221 2411 5277 stilla
2469 5226 2661 5291 animi,
2703 5227 2866 5286 fronti
2902 5237 3151 5290 monachi
3189 5237 3381 5305 affusa,

1811 5303 2042 5360 fratrum
2080 5318 2283 5365 coetum
2336 5327 2575 5384 recreat;
2609 5322 2699 5390 qui
2735 5333 2913 5378 autem
2955 5329 3256 5386 monachus
3286 5303 3377 5401 pe;

1812 5396 2072 5451 tulantior
2109 5410 2192 5455 est
2232 5412 2286 5459 et
2323 5420 2546 5476 procax,
2579 5411 2807 5468 fratrum
2853 5429 3179 5474 conventum
3223 5396 3376 5478 dissi-

1809 5495 1918 5554 pat.

1880 5577 1969 5631 52.
1991 5579 2293 5671 Aiqualitas
2323 5584 2550 5642 fratrum
2578 5593 2890 5660 superbiam
2920 5595 3170 5671 dissipat,
3203 5600 3373 5658 firma-

1808 5682 1915 5738 que
1949 5670 2131 5728 radice
2155 5673 2515 5731 humilitatem
2549 5679 2708 5737 locat.

2217 5789 2259 5818 “
2296 5787 2451 5845 Joan.
2489 5808 2526 5856 ι,
2565 5793 2615 5848 l.
