3816 6220
422 313 554 378 1479

418 523 752 575 contemnat,
782 527 881 566 nec
917 511 1196 580 crapulam
1232 509 1440 578 diligat.

491 605 581 659 54.
614 605 885 657 lmmensa
919 601 1265 671 pulchritudo
1293 602 1345 654 in
1372 600 1552 653 anima
1587 598 1862 662 monachi,
1885 599 1996 651 vir-

415 698 623 767 ginitas
645 712 839 751 carens
867 696 1081 750 macula
1115 711 1128 746 :
1161 694 1399 764 pessima
1430 701 1610 747 autem
1642 690 1806 746 facies
1832 690 1997 761 virgi-

419 790 562 843 nitas
593 788 846 843 sordibus
867 801 1115 855 aspersa.

490 881 578 935 55.
608 879 887 935 Pessimus
920 878 1112 948 puellae
1138 876 1335 945 virgini
1367 874 1776 929 contubernalis
1803 889 1995 928 mona-

412 972 575 1035 chus,
609 971 757 1026 velut
785 970 921 1040 ignis
955 969 1006 1021 in
1030 968 1304 1038 stipulam.

490 1065 580 1118 56.
613 1063 714 1129 Qui
752 1063 1014 1115 mundum
1051 1060 1223 1114 illusit
1256 1058 1577 1121 monachus,
1605 1056 1824 1110 Christo
1862 1072 1997 1121 pene

420 1157 623 1210 sodalis
647 1156 806 1224 eique
840 1153 1215 1217 necessarius;
1255 1152 1441 1204 mundi
1471 1166 1597 1204 vero
1629 1150 1860 1218 negotiis
1896 1150 1998 1202 itu-

419 1249 649 1317 plicatus
701 1246 1097 1311 monachus",
1143 1261 1254 1298 non
1308 1244 1484 1313 placet
1527 1242 1769 1303 Christo,
1807 1242 1899 1311 qui
1942 1243 1994 1294 in

419 1356 680 1395 numeros
710 1340 913 1393 retulit.

491 1434 579 1486 57.
626 1431 873 1485 Maxima:
927 1444 1105 1500 praeco
1149 1428 1270 1483 fidei
1326 1429 1390 1481 ad
1427 1444 1653 1498 regnum
1705 1427 1993 1490 cazlorum,

422 1526 729 1579 monachus
755 1524 921 1576 nullis
956 1523 1209 1576 laborans
1236 1520 1480 1573 avaritiae
1504 1520 1788 1583 sordibus;
1823 1520 1997 1573 malus

417 1630 603 1673 autem
632 1619 771 1672 male
797 1618 1019 1687 peribit,
1044 1615 1137 1685 qui
1173 1630 1236 1669 ea
1270 1614 1387 1669 labe
1414 1614 1642 1667 laboret.

490 1714 579 1768 58.
628 1690 874 1767 iunioris
929 1708 1183 1763 monachi
1226 1721 1452 1763 ornatus
1504 1706 1785 1776 pudicitia,
1831 1706 1996 1761 nullis

415 1806 714 1861 obnoxiam
748 1804 987 1859 tenebris
1018 1804 1193 1858 lucem
1224 1801 1556 1872 virginitatis
1581 1801 1809 1854 habens.

491 1897 579 1955 59.
614 1899 918 1953 Pretiosum
974 1895 1227 1951 monachi
1274 1896 1493 1967 pignus,
1538 1894 1851 1963 virginitas;
1902 1893 1993 1960 qui

415 2009 539 2047 eam
598 1999 789 2046 nactus
835 1990 905 2044 sit
946 1988 1250 2043 monachus
1293 2001 1356 2041 ac
1396 1986 1697 2055 possideat,
1740 1986 1999 2039 exaudie-

420 2096 529 2139 tur.
876 2138 877 2141 η

492 2178 581 2231 60.
611 2175 817 2230 Malitia
868 2184 1035 2245 atque
1080 2175 1322 2244 pravitas
1354 2172 1406 2226 in
1442 2172 1605 2226 corde
1644 2169 1898 2224 metiaclti
1928 2184 1998 2223 ne

418 2277 685 2322 versetur.

492 2359 580 2413 6|.
610 2358 886 2413 Bonorum
907 2373 1188 2413 sermones
1212 2365 1423 2411 eructet
1446 2354 1768 2413 monachus.
1791 2367 1999 2422 oroque

420 2465 521 2505 suo
553 2450 818 2506 Altissimi
853 2450 1015 2504 verba
1050 2450 1324 2518 loquatur.

495 2542 587 2596 6‘2.
618 2542 983 2612 Spontaneam
1035 2540 1231 2595 famem
1279 2548 1524 2594 assumat
1580 2541 1904 2604 monachus,
1942 2548 2000 2593 ut

419 2646 699 2691 terrenum
731 2649 932 2704 corpus
976 2631 1246 2695 humiliet,
1275 2631 1505 2700 cmlique
1545 2630 1717 2686 civem
1752 2632 1998 2685 animum

418 2728 641 2782 exaltet.

491 2818 581 2873 65.
619 2816 853 2871 Verbum
886 2815 1130 2870 veritatis
1155 2816 1410 2881 loquatur
1440 2814 1741 2870 monachus
1762 2824 1820 2870 et
1842 2830 1998 2870 men-

420 2911 635 2966 dacium
665 2908 1060 2963 exterminetur
1083 2922 1149 2961 ex
1171 2921 1265 2961 ore
1284 2906 1420 2973 ejus.

492 3003 580 3058 64.
607 3002 808 3056 Audito
839 3000 1141 3054 monachus
1181 2998 1401 3052 duriore
1434 3013 1705 3064 sermone,
1747 3013 1815 3053 ne
1850 2999 2002 3054 tollat

1750 308 1819 369 B.
1883 307 2352 370 HYPERECHII

488 423 578 477 55.
610 418 848 489 Compar
880 416 1089 488 angelis
1124 415 1227 472 erit
1266 415 1591 478 monachus,
1630 414 1722 484 qui
1754 426 1995 469 ventrem
2026 422 2073 475 Α

3534 311 3681 378 1480

2182 415 2489 484 Ἰσάγγελος
2516 415 2669 471 ἔσται
2692 418 2924 488 μοναχὸς
2949 417 3155 480 κοιλίας
3180 420 3562 490 καταφρονῶν,
3583 425 3685 477 καὶ

2100 507 2413 577 κραιπάλην
2442 508 2543 561 οὐκ
2578 510 2829 578 ἀγαπῶν.

2169 599 2379 662 Κάλλος
2429 600 2709 671 ἀμήχανον
2765 604 2822 653 ἐν
2868 603 3014 673 ψυχῇ
3084 603 3347 673 μοναχοῦ,
3408 585 3697 687 παρθενίας

2097 692 2327 757 ἄσπιλος
2349 709 2363 723 ο
2395 694 2656 747 κάκιστον
2687 694 2741 747 δὲ
2786 696 3078 766 πρόσωπον
3113 696 3375 765 μοναχοιλ
3410 698 3690 766 superni:

2099 784 2305 836 ὲσπιλω
2314 784 2451 854 μὲνη
2463 824 2477 837 .

2169 877 2442 929 Κάκιστον
2479 878 2709 949 μοναχὺς
2754 880 3126 945 συνείσακτος,
3156 879 3231 942 ὡς
3262 878 3372 951 πῦρ
3400 880 3486 943 είς
3514 879 3693 932 καλά-

2097 984 2229 1038 μην.

2170 1061 2391 1132 Κόσμον
2443 1062 2731 1132 ἀπατήσας
2775 1062 3028 1132 μοναχὸς,
3084 1059 3325 1131 Χριστοῦ
3384 1061 3695 1129 συνόμιλος

2098 1153 2340 1220 γίνεται·
2373 1157 2579 1223 κόσμου
2604 1154 2661 1206 δὲ
2692 1155 3013 1225 πράγμασιν
3032 1152 3487 1223 ἐμπεπλεγμένος
3515 1171 3695 1222 μονα-

2098 1245 2212 1315 κὸς,
2243 1246 2343 1299 οὐκ
2363 1246 2590 1317 ἀρέσκει
2616 1247 2692 1317 τῷ
2726 1246 3221 1317 στρατολογήσαντι
3249 1245 3501 1315 Χριστῷ.

2168 1423 2362 1495 Κήρυξ
2387 1425 2707 1487 πιστότατος
2734 1426 2814 1487 εἰς
2842 1422 3120 1494 βασιλείαν
3139 1421 3404 1493 οὐρανῶν,
3441 1422 3696 1491 μοναχδς

2096 1517 2471 1587 ἁφιλάργυρος
2488 1535 2501 1548 ·
2538 1516 2705 1582 κακὸς
2740 1517 2797 1570 δὲ
2822 1517 3009 1579 κακῶς
3037 1516 3315 1570 ἀπολεῖται
3336 1515 3693 1585 φιλάργυρος

2098 1605 2193 1659 ὢν.

2172 1694 2391 1766 Κόσμος
2419 1697 2704 1749 νεανίσκου
2734 1694 2972 1766 μοναχοῦ
3004 1695 3351 1767 σωφροσύνη,
3377 1696 3691 1748 ἀνεπισκό-

2100 1805 2262 1851 τητον
2288 1788 2492 1858 ἔχουσα
2524 1788 2844 1857 παρθενίαν.

2170 1881 2468 1951 Κειμήλιον
2500 1880 2753 1959 μοναχοῦ,
2790 1882 3007 1951 ὑπακοή
3028 1898 3041 1911 ’
3080 1883 3110 1934 ὁ
3138 1881 3485 1951 κεκτημένος
3518 1900 3691 1951 μονα-

2096 1971 2193 2042 χὺς
2227 1972 2422 2043 αὐτὴν,
2447 1973 2955 2044 είσακουσθήσεται.

2170 2151 2355 2203 Κακία
2388 2151 2485 2221 μὲν
2508 2150 2772 2215 αύλιζέτω
2799 2149 2856 2203 ὲν
2884 2150 3080 2222 καρδία
3108 2151 3365 2221 μοναχοῦ.

2167 2355 2376 2422 Λόγους
2411 2352 2635 2421 ἀγαθῶν
2667 2352 2977 2423 ἐρευγέσθω
3022 2352 3271 2422 μοναχὺς,
3313 2354 3410 2406 καὶ
3446 2354 3693 2409 λαλείτω

2096 2448 2158 2500 ὲν
2189 2448 2417 2515 στόματι
2447 2444 2613 2499 αὐτοῦ
2649 2445 2837 2512 λόγους
2885 2445 3162 2513 Ὑψίστου.

2167 2536 2339 2606 Λιμόν
2399 2533 2645 2588 ἑκούσιον
2708 2533 3029 2587 ἀναλαὸἐτω
3088 2536 3341 2606 μοναχὺς,
3410 2538 3515 2591 τοῦ
3584 2557 3691 2592 τα-

2101 2629 2363 2681 πεινῶσαι
2401 2628 2589 2696 γήϊνον
2626 2626 2809 2697 σῶμα,
2853 2627 2946 2679 καὶ
2987 2626 3201 2697 ὑψῶσαι
3246 2629 3691 2703 ούρανοπολίτην

2098 2722 2298 2792 ψυχήν-

2170 2812 2342 2880 Λόγον
2386 2811 2644 2883 ἀληθείας
2688 2812 3010 2882 φθεγγέσθω
3054 2815 3304 2885 μοναχδς,
3331 2816 3428 2870 καὶ
3484 2816 3692 2887 ψεῖὁθς

2102 2901 2391 2973 ὲξοριζέτω
2425 2904 2490 2956 ὲκ
2518 2904 2782 2973 στόματος
2814 2905 3004 2958 αὑτοῦ.

2171 2995 2342 3064 Λόγον
2374 2996 2503 3048 ὅταν
2550 2996 2759 3066 ἀκούσῃ
2793 2998 3027 3065 μοναχὸς
3062 2998 3321 3069 σκληρὸν,
3354 3000 3431 3070 μὴ
3473 3000 3690 3071 θρασυ-

419 3094 636 3148 animos
670 3109 733 3147 ac
760 3092 1004 3156 ferociat,
1039 3091 1131 3145 sed
1161 3089 1492 3145 submissius
1530 3098 1673 3160 agat,
1705 3098 1765 3143 ut
1794 3090 1886 3144 irae
1914 3090 1995 3145 fu-

2167 3088 2276 3141 σθω
2302 3105 2315 3118 ·
2347 3088 2462 3141 ἀλλ’
2487 3089 2859 3152 ὑποπιπτέτω,
2895 3090 2981 3141 ἵνα
3022 3091 3339 3164 ὑποστρέψῃ
3368 3093 3547 3163 θυμὸν
3591 3097 3691 3166 ὁρ-

422 3201 601 3239 rorem
669 3192 899 3238 avertat.
954 3181 1115 3237 Pacis
1164 3182 1310 3237 enim
1377 3179 1681 3234 mercedem
1747 3182 1995 3250 accipiet,

421 3289 477 3333 et
512 3277 779 3332 Altissimi
817 3276 961 3329 illius
987 3274 1269 3329 vocabitur
1300 3273 1364 3335 “,
1401 3273 1493 3341 qui
1536 3272 1682 3327 ﬁlius
1719 3273 1869 3342 pacis
1908 3289 1999 3327 ex-

422 3370 644 3426 stiterit.

494 3462 584 3517 65.
620 3459 862 3531 Luguhri
897 3474 1052 3523 voce,
1084 3456 1335 3512 modesto
1358 3455 1523 3509 animi
1546 3470 1712 3510 sensu
1738 3463 1792 3509 et
1821 3455 2000 3509 humi-

420 3554 574 3610 litate
617 3555 846 3623 loquens
893 3551 1219 3616 monachus,
1249 3550 1331 3605 vel
1362 3564 1429 3605 ex
1456 3564 1630 3621 saxeo
1666 3556 1889 3619 pectore
1918 3548 1998 3603 la-

419 3662 640 3718 crytuas
663 3646 925 3701 excutiet.

493 3740 583 3795 66.
611 3738 720 3793 Leo
744 3737 965 3808 onagris
990 3735 1352 3791 formidabilis
1382 3735 1423 3767 ¹⁷
1447 3754 1463 3802 ;
1487 3735 1565 3791 sic
1594 3734 1738 3789 ﬁrmi
1762 3735 1996 3804 pectoris

422 3832 728 3886 monachus
758 3827 1066 3884 libidinosis
1098 3827 1547 3896 cogitationibus.

493 3923 580 3977 67.
614 3922 914 3977 Monachus
942 3935 1051 3973 non
1082 3921 1135 3973 in
1175 3929 1419 3988 tempore
1457 3919 1676 3973 solvens
1703 3917 1994 3987 jejunium,

421 4016 571 4070 velut
604 4015 694 4084 qui
728 4029 757 4067 a
785 4012 1152 4069 fundamentis
1179 4010 1367 4066 eﬁodit
1395 4010 1642 4065 domum.

493 4106 583 4161 68.
617 4104 775 4160 Venti
828 4104 991 4160 turbo
1034 4103 1285 4159 excitans
1340 4102 1616 4171 pulverem
1675 4101 1729 4155 in
1765 4116 1993 4172 campo;

423 4201 505 4258 sic
534 4201 801 4272 superbus
832 4200 1137 4256 monachus
1169 4199 1305 4254 iram
1332 4198 1607 4253 suscitans
1638 4198 1692 4251 in
1725 4208 1997 4255 monaste-

424 4293 528 4351 rio.

494 4386 584 4440 69.
631 4383 947 4454 Tranquilla
987 4394 1214 4454 tutaque
1258 4382 1488 4453 navigiis
1527 4381 1715 4447 statio,
1758 4388 1993 4451 portus:

422 4477 504 4534 sic
532 4478 831 4532 monachus
861 4477 913 4530 in
945 4475 1295 4530 monasterio.

495 4569 582 4622 70.
616 4567 837 4623 zEmula
873 4566 1193 4634 angelorum
1232 4566 1363 4628 vita,
1412 4562 1714 4618 monachus
1758 4563 1811 4616 in
1851 4570 1993 4617 terra

423 4658 704 4727 tranquilli
735 4657 901 4711 animi
932 4671 997 4711 ac
1041 4652 1444 4724 imperturbati,
1477 4652 1568 4722 qui
1613 4651 1856 4707 libidinis
1906 4652 1993 4722 ja-

418 4752 546 4804 culo
574 4750 714 4804 haud
754 4749 1030 4804 sauciatus
1057 4748 1148 4802 sit.

495 4843 583 4898 71.
607 4843 685 4898 Ne
714 4842 1075 4907 festinaveris,
1108 4840 1400 4905 monache,
1427 4841 1483 4894 in
1510 4836 1785 4907 superbia,
1818 4851 1885 4892 ne
1905 4835 1990 4892 fo-

421 4945 576 4990 nesto
606 4951 737 4990 casu
773 4936 988 4988 ruinam
1022 4933 1235 4988 feceris.

495 5027 581 5081 72.
615 5027 919 5089 JEmulare,
968 5025 1255 5085 monache,
1294 5022 1448 5078 Pauli
1502 5021 1884 5085 humilitatem,
1934 5030 1995 5074 ut

420 5120 536 5191 pari
571 5135 694 5173 cum
730 5119 935 5172 sanctis
957 5126 1103 5171 sorte
1130 5120 1298 5171 lueres
1330 5115 1602 5170 eﬁiciaris.

495 5212 584 5267 75.
608 5211 828 5265 Imitare
857 5208 1239 5274 Publicanum,
1266 5210 1635 5273 monache,ne
1657 5223 1779 5264 cum
1800 5206 1993 5263 Phari-

422 5318 531 5357 διιιο
559 5301 861 5356 damneris.

492 5394 578 5449 74.
640 5392 807 5447 Mosis
866 5393 1140 5447 lenitatem
1194 5405 1434 5453 assume,
1487 5390 1775 5453 monache,
1809 5398 1868 5443 ut
1898 5404 1993 5444 cor

421 5487 611 5541 duram
638 5500 828 5554 rupem
862 5494 1149 5539 convertas
1177 5485 1230 5537 in
1263 5493 1451 5554 stagna
1478 5497 1744 5549 aquarum
1764 5482 1825 5535 ".
1851 5481 1996 5536 Post-

422 5592 489 5632 ea
539 5579 682 5630 enim
733 5577 874 5631 facto
931 5576 1009 5632 rei
1042 5575 1304 5646 periculo,
1348 5576 1574 5631 habebis
1605 5584 1873 5645 quantum
1902 5576 1995 5629 ιω.

2024 4435 2073 4494 D

2100 3180 2240 3249 γῆς·
2281 3179 2508 3248 λήψεται
2563 3179 2669 3248 γὰρ
2728 3178 2820 3232 τὸν
2884 3181 2987 3249 τῆς
3038 3182 3263 3252 εἰρήνης
3324 3184 3548 3253 μισθὸν.
3594 3187 3693 3238 καὶ

2101 3271 2215 3335 υίὸς
2275 3271 2530 3339 Ὑψίστου
2584 3271 2935 3342 κληθήσεται,
2979 3274 3079 3342 τῆς
3111 3276 3343 3346 εἰρήνης
3387 3278 3689 3347 γενόμενος

2098 3364 2234 3426 υἱός.

2168 3456 2422 3527 Λιγυρῶς
2472 3456 2843 3527 φθεγγόμενος
2903 3459 3138 3530 μοναχδς
3188 3460 3249 3513 ὲν
3312 3478 3686 3534 ταπεινοφροο

2101 3550 2277 3621 σύνῃ,
2309 3551 2406 3603 καὶ⁸
2462 3552 2528 3604 ἐκ
2581 3550 2790 3623 λιθίνης
2846 3553 3077 3625 καρδίας
3136 3556 3546 3624 προσκαλεῖται
3590 3559 3685 3612 δά-

2098 3658 2264 3714 κρυα.

2168 3735 2319 3789 Λέων
2348 3735 2577 3808 φοϐερὸς
2621 3737 2912 3809 ὀνάγροις’
2961 3736 3137 3805 οὕτως
3181 3742 3425 3811 μοναχὸς
3472 3742 3684 3813 ἑδραῖος

2098 3828 2380 3899 λογισμοῖς
2420 3829 2579 3883 ἐπιθυ
2587 3830 2736 3899 μίας.

2168 3920 2327 3974 Λύων
2375 3921 2610 3992 μοναχὸς
2647 3921 2893 3993 ἀκαίρως
2922 3920 3201 3991 νηστείαν,
3238 3922 3318 3986 ὡς
3348 3924 3380 3976 ὁ
3406 3926 3679 3978 κατασκα-

2099 4028 2248 4064 πτων
2280 4008 2428 4064 οἷκον
2450 4013 2515 4065 ἐκ
2542 4012 2833 4082 θεμελίων.

2168 4102 2385 4172 Λαίλαψ
2428 4104 2633 4173 ἀνέμου
2670 4104 2901 4173 ἐγείρων
2930 4104 3211 4174 κονιορτὸν
3249 4105 3311 4159 ὲν
3346 4107 3522 4177 πεδίῳ
3546 4125 3558 4137 σ
3594 4108 3679 4160 οὗ·

2096 4210 2204 4255 τως
2239 4193 2470 4264 μοναχὸς
2497 4194 2869 4265 ὑπερήφανος,
2896 4195 3202 4267 ἀνεγείρων
3224 4196 3407 4268 ὀργὴν
3438 4202 3499 4252 ἐν
3531 4217 3681 4269 μονα-

2099 4278 2325 4349 στηρίῳ·

2166 4370 2346 4442 Λιμὴν
2378 4372 2709 4442 ἀχείμαστος
2742 4373 2971 4439 πλοίοις,
3004 4373 3179 4438 οὕτως
3220 4378 3467 4447 μοναχὸς
3502 4380 3563 4432 ἐν
3590 4397 3681 4449 μο-

2099 4463 2375 4534 ναστηρίῳ
2413 4462 2804 4536 [μοναστήριον
2840 4465 3101 4539 μοναχῷ].

2168 4554 2410 4625 Μίμημα
2448 4554 2717 4623 ἀγγέλων,
2765 4557 2997 4626 μοναχδς
3031 4558 3124 4610 ἐπὶ
3164 4556 3270 4629 τῆς
3304 4559 3416 4629 γῆς
3445 4560 3677 4633 ἀπαθὴς,

2097 4644 2157 4708 ὃς
2185 4646 2284 4699 οὐκ
2314 4646 2527 4718 ἐτρώθη
2563 4646 2859 4717 τοξεύματι
2890 4647 3103 4718 ἡδονῆς.

2168 4832 2259 4903 Μὴ
2282 4832 2547 4904 σπεύσῃς,
2575 4832 2870 4904 μοναχὲ,ὲν
2887 4832 3261 4906 ὑπερηφανίᾳ,
3290 4834 3378 4888 ἵνα
3403 4837 3483 4907 μὴ
3514 4836 3681 4909 πέσῃς

2097 4924 2301 4996 πτῶμα
2335 4926 2590 4993 ἐξαίσιον.

2165 5018 2425 5089 Μιμητὴς
2485 5018 2682 5087 γενοῦ,
2740 5018 2973 5089 μοναχὲ,
3021 5020 3121 5088 τῆς
3171 5021 3681 5091 ταπεινοφροσύνης

2098 5111 2333 5176 Παύλου,
2380 5112 2467 5165 ἵνα
2503 5112 2942 5184 συγκληρονόμος
2972 5110 3107 5184 γένῃ
3132 5111 3243 5165 τῶν
3271 5113 3470 5179 ἁγίων.

2168 5206 2420 5278 Μίμησαι
2451 5205 2543 5259 τὸν
2584 5206 2845 5278 τελώνην,
2879 5206 3103 5277 μοναχὲ,
3138 5206 3229 5260 ἵνα
3269 5207 3345 5277 μὴ
3396 5205 3477 5277 τῷ
3521 5208 3681 5278 Φαρι-

2101 5297 2237 5369 σαίῳ
2274 5297 2737 5369 συγκατακριθῇς.

2169 5391 2451 5454 Μωῦσέως
2498 5390 2560 5443 τὸ
2611 5393 2788 5461 πρᾶον
2842 5390 3123 5457 ὲπίλεξαι,
3179 5389 3407 5461 μοναχὲ,
3458 5392 3546 5444 ἴνα
3588 5392 3678 5460 τὴν

2100 5483 2327 5552 καρδίαν
2357 5484 2664 5554 ἀκρότομον
2710 5478 2876 5538 οὖσαν
2919 5484 2999 5547 εἰς
3040 5484 3234 5551 λίμνας
3274 5483 3487 5537 ὑδάτων
3520 5502 3680 5553 μετα-

2101 5574 2270 5645 ϐἀλῃς
2292 5592 2308 5607 ·
2343 5577 2479 5645 μετά
2511 5575 2684 5629 ταῦτα
2713 5576 2820 5648 γὰρ
2854 5576 2994 5642 ἕξεις
3021 5574 3239 5648 [λέξεις]
3274 5578 3478 5647 πεῖραν
3506 5576 3680 5630 λαϐὼν

512 5754 554 5783 ¹⁸
592 5751 634 5804 ιι
675 5750 818 5807 Tim.
856 5770 912 5818 ιι,
949 5754 1001 5806 4.
1085 5755 1127 5785 ¹⁶
1168 5752 1356 5808 Matth.
1394 5769 1447 5817 v,
1479 5755 1531 5808 9.
1608 5755 1651 5787 "
1683 5753 1849 5810 Eccli.
1888 5768 1990 5808 xui

2217 5754 2259 5787 η
2286 5752 2591 5819 Luc.xvnt,
2624 5753 2708 5807 l0.
2779 5753 2822 5786 ²⁹
2849 5752 2992 5810 Psal.
3016 5770 3168 5820 cant,
3200 5756 3252 5810 8.
