3816 6220
74 296 209 357 1485

1136 316 1236 375 ΑΙ)
1276 317 1681 380 MONACHOS
1721 322 2234 394 ADHORTATIO.

3194 339 3327 406 1486

141 411 331 521 Ἱέῇμα
377 414 577 521 κακίας
626 419 720 472 καὶ
768 422 1037 493 πονηρίας
1087 426 1162 498 μὴ
1212 430 1545 504 άποκλείσῃς
1593 435 1636 486 ἐκ

1825 442 1945 497 118.
1988 442 2220 500 Verbum
2254 446 2473 503 malitiae
2526 457 2582 503 et
2626 450 2882 521 nequitiae
2936 466 3003 507 nc
3060 454 3328 511 clauseris

63 503 263 573 καρδία
289 521 382 557 σου
414 508 556 560 κατὰ
583 510 679 563 τοῦ
708 512 940 582 ἀδελφοῦ
973 534 1087 582 σου,
1114 521 1336 590 μοναχὲ,
1368 523 1455 576 ἵνα
1483 503 1645 577 δυνα-

62 593 150 655 τὸς
179 591 250 667 ᾗς
281 597 572 669 τοῦλέγειν
590 617 606 633 ο
651 604 836 674 Ἄφες
866 606 1012 674 ἡμῖν
1042 610 1114 663 τὰ
1132 612 1523 683 ὀφειλήματα,
1551 618 1647 671 καὶ

62 688 128 738 τα
158 686 314 757 ἑξῆς.

127 776 411 845 Στέφανος
442 783 698 852 μοναχοῦ,
726 789 916 860 είρήνη
943 790 1034 844 καὶ
1054 792 1325 865 ἁγιασμὸς
1344 811 1359 825 ·
1390 797 1419 849 δ
1448 813 1648 869 κεκτη-

64 868 223 937 μένος
259 872 425 937 αὐτὰ,
458 875 650 944 ὄψεται
677 879 768 933 τὸν
798 880 1028 953 Κύριον.

128 962 466 1039 Σωφροσύνη
496 972 733 1041 μοναχοῦ
754 973 1033 1043 άνυψώσει
1063 977 1311 1049 κεφαλὴν
1337 979 1526 1046 αὐτοῦ,
1553 982 1647 1036 καί⁵

61 1050 115 1103 ἐν
146 1054 306 1124 μέσῳ
328 1058 509 1111 καλῶν
538 1061 954 1135 δοξασθήσεται.

126 1145 378 1219 Σώφρων
409 1153 643 1224 μοναχδς
672 1157 729 1209 ὲν
760 1158 1080 1231 ἐκκλησίαις
1104 1163 1488 1235 τιμηθήσεται.

129 1322 311 1414 Σοφία
355 1330 590 1399 μοναχοῦ
646 1332 722 1404 μὴ
775 1336 834 1389 ὲν
882 1339 1223 1413 κομπολογίᾳ
1269 1344 1641 1414 γνωριζέσθω,

62 1412 174 1465 ἀλλ’
206 1418 268 1468 ὲν
298 1417 555 1491 εὐσεϐείᾳ
583 1425 678 1478 καὶ
712 1427 982 1498 πραΰτητι
1012 1412 1265 1498 γινέσθω.
1296 1412 1466 1503 Σοφὸς
1493 1412 1643 1491 ἔσται

63 1510 89 1559 ὀ
116 1509 382 1575 τοιοῦτος,
427 1516 523 1569 καὶ
571 1518 856 1591 οἰκονόμος
886 1524 1124 1595 πλήθους
1165 1527 1430 1596 ἀδελφῶν.
1472 1530 1643 1598 Σοφὸς

62 1601 165 1672 γὰρ
195 1604 418 1675 ἀληθῶς
455 1609 623 1674 ἐστιν,
662 1613 761 1684 οὐχ
788 1617 817 1667 ὁ
844 1615 922 1687 τῷ
952 1617 1095 1688 λόγῳ
1138 1619 1425 1689 διδάσκων,
1471 1624 1585 1678 ἀλλ’
1614 1626 1644 1679 ὁ

62 1694 132 1766 τῷ
160 1696 315 1768 ἔργῳ
344 1699 634 1756 παιδεύων.

127 1891 363 1956 Συνετὺς
395 1898 626 1968 μοναχὸς
654 1898 939 1971 φάλαγγας
983 1904 1255 1975 δαιμόνων
1309 1909 1640 1980 πυκτεύσας,

62 1981 305 2053 ἄτρωτος
330 1985 576 2057 διαμένει
603 1989 713 2044 τῶν
745 1993 955 2048 ἐκεῖθεν
987 1995 1178 2067 βολῶν.

124 2166 530 2240 Στηριζόμενος
579 2175 811 2245 μοναχὸς
859 2177 939 2247 τῷ
985 2181 1205 2253 σταυρῷ
1244 2182 1338 2236 τοῦ
1379 2184 1634 2255 Χριστοῦ,

60 2258 152 2326 τὴν
177 2260 431 2330 κεφαλὴν
464 2267 746 2336 συντρίψει
774 2268 867 2322 τοῦ
898 2270 1212 2341 δράκοντος.

126 2350 314 2420 Στόμα
370 2355 606 2425 μοναχοῦ
663 2359 963 2427 άνοιγέσοω
1022 2362 1166 2434 λόγῳ
1220 2364 1354 2418 Θεοῦ
1378 2381 1393 2396 ’
1454 2368 1548 2420 καὶ
1604 2370 1637 2439 ἡ

57 2442 249 2511 καρδία
283 2446 451 2500 αὐτοῦ
484 2449 773 2517 διαπαντὸς
802 2452 1082 2520 μελετάτω
1111 2456 1265 2525 λόγια
1294 2456 1428 2512 Θεοῦ
1458 2461 1637 2530 ἀμετ-

58 2535 358 2603 εωρίστως.

120 2629 320 2700 Τίμιον
346 2630 534 2703 κτῆμα
560 2635 793 2705 μοναχοῦ
824 2638 1089 2707 παρθενία
1115 2642 1253 2708 φωτὶ
1272 2643 1639 2714 ὲλεημοσύνης

56 2719 495 2789 καταλάμπουσα
515 2740 529 2753 ·
555 2722 713 2777 τοῦτο
735 2726 975 2795 φυλάξας
1000 2732 1253 2801 μοναχὸς,
1276 2733 1638 2790 εἰσελεύσεται

58 2812 132 2872 είς
160 2812 255 2864 τὸν
288 2828 351 2864 νυ
359 2812 574 2882 μφῶνα.

123 2903 382 2974 Τήρησον
411 2906 629 2966 ἐντολὰς
670 2906 952 2978 Ὑψίστου,
991 2911 1216 2981 μοναχὲ.
1251 2914 1344 2965 καὶ
1378 2913 1637 2986 Πατέρων

55 2995 438 3065 παραγγελίας
484 2996 717 3065 φυλάξαι
782 3000 1107 3067 σπούδασον,
1138 3003 1358 3072 ἀσκητὰ
1384 3019 1398 3034 ο
1461 3004 1635 3060 ταῦτα

57 3086 162 3157 γάρ
195 3088 394 3153 ποιῶν,
438 3089 771 3161 κληρονόμος
819 3089 1095 3162 βασιλείας
1131 3095 1377 3165 οὐρανῶν
1420 3098 1633 3149 ἀναδει-

1775 3133 2086 3179 Ocumcnta.
2114 3123 2241 3179 Haec
2278 3125 2421 3179 enim
2468 3125 2513 3179 si
2564 3124 2779 3187 feceris,
2812 3126 2983 3181 hatres
3016 3126 3167 3195 regni
3197 3140 3310 3181 cte-

58 3176 256 3249 χθήσῐι-

124 3270 415 3341 Τολμηρὸς
452 3274 686 3344 μοναχὸς
719 3275 1045 3345 ἐμπεσεῖται
1084 3279 1164 3342 είς
1204 3280 1511 3349 πειρασμὸν
1540 3281 1633 3334 καὶ

56 3363 262 3431 παγίδα
294 3364 389 3418 τοῦ
420 3365 666 3420 διαὸόλου
692 3384 706 3397 ⁸
738 3369 828 3422 τὸν
858 3370 915 3423 δὲ
944 3370 1126 3441 πραῢν
1156 3372 1529 3443 καταλήψεται
1559 3376 1633 3426 εί-

58 3456 216 3527 ρήνη,
249 3459 347 3511 καὶ
378 3460 641 3529 στέφανος
673 3462 1069 3530 ἀγαλλιάσεως.

124 3548 425 3619 Τρυφητὴς
458 3551 689 3621 μοναχὸς
717 3554 774 3605 ὲν
808 3554 1048 3617 ἀπάταις
1090 3554 1242 3610 ἔσται
1275 3560 1369 3612 καὶ
1403 3561 1463 3612 ἐν
1492 3578 1630 3630 φαν-

56 3639 272 3700 τασίαις
306 3646 645 3707 νυκτεριναῖς
668 3659 682 3673 ο
728 3644 822 3697 τοῦ
850 3644 908 3698 δὲ
935 3647 1309 3717 νηστεύοντος,
1341 3650 1571 3713 ἄσπιλος
1599 3654 1632 3722 ή

57 3731 210 3801 κοίτη
240 3732 339 3785 καὶ
366 3732 707 3801 ἀφάνταστος
738 3734 926 3801 ὕπνος.

118 3909 210 3980 Τῷ
250 3910 575 3983 φοϐουμένῳ
613 3913 705 3968 τὸν
747 3914 952 3986 Κύριον
983 3919 1201 3991 μοναχῷ
1240 3921 1300 3974 ού
1365 3924 1630 3996 συναντή-

58 4018 208 4055 σεται
253 4004 487 4074 πρᾶγμα
535 4006 804 4074 πονηρόνο
853 4008 945 4062 τὸν
974 4012 1081 4083 γὰρ
1127 4012 1366 4067 τοιοῦτον
1408 4016 1631 4084 φυλάξει

54 4097 81 4147 ὀ
110 4094 349 4166 Κύριος·
398 4097 493 4149 καὶ
547 4097 607 4151 ὲν
654 4098 837 4171 ἡμέρᾳ
885 4102 1143 4175 τελευτῆς
1192 4102 1303 4171 ἕξει
1330 4108 1359 4162 ὁ
1388 4109 1630 4175 τοιοῦτος

57 4191 307 4261 ἱλασμόν.

133 4285 416 4356 ’Υποταγὴ
447 4285 681 4357 μοναχοῦ
713 4286 811 4340 οὐκ
838 4288 895 4340 ὲν
933 4287 1012 4359 τῷ
1043 4287 1250 4359 μείζονι
1278 4288 1625 4360 γνωρίζεται,

52 4374 163 4427 ἀλλ’
196 4377 258 4429 ὲν
290 4374 366 4445 τῷ
394 4375 659 4447 ἐλαχίστῳ
688 4376 991 4441 δοξάζεται.

1752 532 1806 588 in
1842 535 2008 592 corde
2057 543 2151 592 tuo
2190 538 2455 595 adversus
2500 539 2724 596 fratrem
2769 551 2945 608 tuum,
2978 560 3011 598 ο
3043 550 3327 615 monache,

1753 635 1809 681 ut
1854 628 2013 682 liceat
2062 629 2281 687 dicere:
2346 631 2561 687 Dimitte
2595 634 2745 690 nobis
2779 635 2955 689 debita
2977 650 3181 703 nostra,
3210 651 3319 696 etc.

1822 816 1942 881 119.
1973 834 2187 883 Zorona
2214 828 2492 895 monacln,
2539 846 2644 900 pax
2669 838 2724 884 et
2769 831 3170 906 sanctimonia;
3205 848 3326 904 quae

1746 917 1840 989 qui
1875 927 2069 973 nactus
2114 918 2297 984 fuerit,
2337 919 2543 975 videbit
2579 920 2870 977 Dominum
2902 922 2969 978 ³¹.

1818 1008 1943 1065 120.
1971 1009 2210 1066 Castitas
2233 1013 2489 1066 monachi
2533 1013 2768 1068 sublime
2795 1015 2946 1070 tollet
2976 1024 3141 1085 caput
3171 1017 3287 1084 ejus
3306 1058 3322 1083 ,

1745 1107 1801 1155 et
1828 1100 1883 1155 in
1917 1102 2095 1155 medio
2122 1101 2388 1156 bonorum
2418 1103 2835 1158 clarilicabitur.

1818 1191 1940 1245 121.
1978 1191 2176 1249 Castus
2228 1194 2532 1249 monachus
2575 1194 2631 1248 in
2672 1194 3045 1265 ,conventibus
3087 1195 3327 1250 honora-

1744 1279 1909 1336 bitur.

1819 1372 1942 1427 122.
1992 1372 2270 1444 Sapientia
2312 1374 2566 1430 monachi
2612 1390 2721 1431 non
2770 1375 2823 1430 in
2868 1391 3063 1446 pompa
3127 1378 3323 1432 verbo-

1745 1480 1867 1519 rum
1915 1467 2237 1531 innotescat,
2270 1467 2365 1522 sed
2394 1469 2445 1521 in
2483 1470 2680 1537 pietate
2702 1484 2767 1522 ac
2804 1469 3025 1523 lenitate
3055 1468 3315 1524 exsistat.

1748 1555 1847 1612 llic
1886 1559 2009 1613 talis
2050 1559 2270 1627 sapiens
2317 1561 2440 1621 erit,
2479 1569 2535 1615 et
2559 1560 2649 1630 qui
2696 1560 2923 1614 fratrum
2953 1561 3120 1615 cmtui
3148 1561 3317 1629 aedili-

1747 1648 2019 1703 cationem
2078 1658 2318 1720 praestet.
2353 1648 2582 1719 Sapiens
2613 1651 2758 1704 enim
2808 1661 2910 1712 est,
2954 1666 3059 1704 non
3086 1652 3178 1720 qui
3200 1664 3317 1706 ser-

1672 1780 1721 1844 Β
1753 1755 1912 1794 mone
1954 1740 2158 1805 docet,
2195 1742 2290 1795 sed
2336 1742 2427 1811 qui
2474 1756 2637 1811 opere
2689 1742 2873 1796 erudit
2917 1757 2983 1797 ac
3025 1741 3185 1799 cilicii
3223 1741 3321 1796 ad-

1749 1842 1953 1888 monet.

1817 1930 1942 1984 125.
1976 1927 2226 1985 Prudens
2264 1928 2566 1984 monachus
2604 1944 2667 1984 ac
2699 1930 3024 1998 intelligens,
3055 1944 3176 1983 cmn
3203 1937 3320 1981 tur-

1742 2020 1826 2076 bis
1858 2023 2168 2075 daemonum
2213 2022 2564 2087 colluctatus,
2619 2037 2808 2076 eorum
2863 2022 3066 2075 illansus
3115 2019 3316 2090 jaculis

1740 2124 2068 2183 pei‘severat.

1818 2207 1939 2261 121.
1967 2206 2265 2263 Monachus
2307 2209 2402 2279 qui
2446 2209 2649 2263 nitatur
2686 2207 2892 2264 Chriin
2936 2222 3122 2272 cruce,
3154 2218 3315 2277 caput

1741 2310 1987 2357 conteret
2016 2302 2292 2357 draconis.

1812 2393 1934 2447 125.
1970 2391 2043 2446 Os
2073 2391 2325 2447 monachi
2358 2393 2638 2461 aperiatur
2666 2394 2909 2448 sermoni
2936 2391 3060 2454 Dei;
3085 2391 3315 2461 ejusque

1742 2496 1955 2550 semper
2014 2474 2233 2537 animus
2295 2483 2434 2537 nihil
2483 2497 2615 2554 vaga
2663 2493 2846 2538 mente
2893 2480 3187 2536 meditetur
3217 2479 3311 2535 Dei

1740 2574 1977 2642 eloquia.
3034 2636 3043 2643 I

1813 2666 1933 2720 126.
1962 2666 2203 2721 Pretiosa
2236 2667 2515 2736 possessio
2555 2666 2810 2721 monachi
2859 2666 3140 2737 virginitas
3170 2667 3314 2722 elec-

1739 2759 2125 2828 mosynueluce
2180 2760 2539 2814 collustrata:
2579 2759 2681 2815 hac
2704 2760 3023 2812 'monachus
3092 2771 3309 2813 servata

1739 2849 1795 2903 in
1824 2851 2115 2920 nuptialem
2150 2851 2451 2906 thalamum
2483 2852 2837 2923 ingredietur.

1811 2941 1933 2996 127.
1986 2942 2153 2997 Serva
2183 2942 2449 2997 Altissimi
2479 2944 2755 3007 mandata,
2789 2944 3090 3010 monache;
3123 2959 3188 2998 ac
3216 2945 3310 3014 qui

1742 3032 1959 3087 virtutis
2009 3033 2257 3102 palazstra
2305 3047 2553 3098 exerces,
2594 3049 2726 3089 cura
2758 3044 2817 3088 ut
2866 3049 3051 3089 serves
3080 3032 3307 3088 Patrum

1735 3215 1913 3270 lorum
1936 3215 2209 3272 elﬁcieris.

1808 3306 1932 3360 128.
1969 3307 2161 3361 Audax
2206 3308 2513 3363 monachus
2540 3323 2603 3363 ac
2639 3306 2787 3363 ferox
2819 3308 3022 3363 incidet
3049 3308 3103 3362 in
3126 3319 3301 3363 tenta-

1736 3397 1937 3453 tiunem
1969 3409 2022 3453 et
2050 3399 2104 3453 in
2136 3399 2390 3469 laqueum
2436 3400 2677 3464 diaboli;
2726 3409 3069 3455 mansuetum
3122 3413 3305 3455 autem

1735 3488 2009 3557 excipient
2036 3503 2140 3557 pax
2177 3497 2231 3543 et
2261 3503 2465 3543 corona
2510 3490 2911 3545 exsultatiOuis.

1807 3582 1933 3635 129.
1992 3580 2210 3637 Deliciis
2265 3581 2456 3637 vivens
2508 3583 2811 3638 monachus
2864 3584 2919 3637 in
2956 3582 3306 3638 illusionibcs

1734 3673 1838 3725 erit
1871 3682 1923 3727 et
1952 3673 2008 3726 in
2052 3672 2185 3727 visis
2215 3673 2540 3736 nocturnis;
2578 3673 2699 3743 ejus
2736 3690 2864 3728 vero
2909 3675 3003 3745 qui
3030 3675 3301 3744 jejunium

1731 3762 1896 3827 colat,
1945 3777 1975 3816 a
2005 3762 2165 3818 sorde
2210 3763 2474 3818 mundum
2524 3765 2724 3829 cubile,
2782 3780 3121 3837 somnusque
3154 3767 3303 3822 nulla

1732 3855 1847 3908 visa
1880 3856 2103 3909 habens.

1805 3948 1928 4002 150.
1949 3948 2216 4004 Monacno
2242 3950 2338 4020 qui
2368 3950 2554 4004 timeat
2584 3950 2893 4014 Dominum,
2919 3965 3027 4005 non
3051 3962 3301 4006 occurret

1733 4042 2165 4111 malumaliquod
2193 4042 2370 4108 ;hunc
2397 4042 2543 4096 enim
2565 4044 2727 4097 talem
2755 4042 3014 4097 Dominus
3040 4044 3300 4106 custodit,

1730 4144 1784 4187 et
1817 4133 1869 4187 in
1901 4134 1988 4188 die
2021 4134 2211 4190 mortis
2252 4133 2472 4188 habebit
2493 4134 2953 4205 propitiationem.

1802 4296 1925 4351 151.
1963 4295 2214 4351 Monachi
2242 4297 2512 4367 subjectio
2570 4312 2679 4352 non
2708 4298 2761 4351 in
2796 4295 3085 4368 re_magni
3118 4298 3300 4353 nosci-

1728 4397 1835 4455 tur,
1860 4391 1953 4445 sed
1979 4390 2031 4444 in
2064 4390 2290 4445 minimo
2320 4389 2591 4444 laudatur.

127 4467 409 4537 ’Υπομονὴ
455 4466 692 4537 μοναχοῦ
740 4471 840 4521 οὐκ
874 4470 934 4522 ὲν
993 4470 1247 4546 ἀσθενείᾳ
1289 4471 1449 4541 μόνον
1476 4490 1618 4543 γνω-

1795 4482 1918 4537 152.
1948 4482 2215 4536 Patientia
2252 4484 2505 4537 monachi
2557 4498 2662 4537 non
2694 4484 2871 4537 solum
2901 4483 2955 4537 in
2983 4482 3298 4537 inﬁrmitate

54 4557 283 4627 ρίζεται,
310 4558 424 4614 ἀλλ’
453 4561 511 4613 ὲν
543 4562 655 4624 τοῖς
691 4563 1019 4632 πειρασμοῖς
1045 4562 1424 4634 δοκιμάζεται.

129 4738 410 4809 Ὕπομονὴ
444 4736 679 4809 μοναχοῦ
708 4737 869 4809 ἔργον
889 4739 1094 4795 τέλειον
1120 4740 1339 4811 ἔχουσα,
1370 4742 1431 4795 τὸ
1460 4744 1625 4799 καλὸν

51 4831 146 4902 τῆς
180 4829 365 4901 ψυχῆς
391 4829 647 4895 διασῴζει
676 4831 888 4898 κτῆμα.

130 4920 412 4990 ’Υπομονὴ
465 4921 523 4973 ἐν
579 4922 699 4983 ταῖς
752 4920 961 4989 θλίψεσι
1027 4922 1177 4992 παρὰ
1237 4924 1474 4994 μοναχοῢ
1531 4943 1625 4979 πι-

55 5010 195 5075 στῶς
240 5011 540 5081 τελουμένη
564 5048 580 5075 ,
637 5011 831 5067 ὲλπίδα
882 5016 1116 5068 ποιεῖται
1179 5015 1255 5087 μὴ
1321 5019 1620 5088 καταισχύο

54 5120 271 5158 νουσαν.

24 5218 25 5221 η
133 5198 408 5272 ’Υπομονὴ
452 5200 683 5271 μοναχοῦ
729 5202 835 5265 ἕως
894 5203 1125 5273 ἐσχάτου
1171 5204 1335 5259 αὐτοῦ
1370 5205 1624 5271 διασώζει

52 5288 214 5343 αὐτόν
233 5305 250 5322 ⁸
298 5290 359 5346 'O
387 5293 496 5363 γὰρ
528 5295 855 5364 ὑπομείνας
879 5298 966 5362 εὶς
992 5296 1187 5361 τέλος,
1223 5293 1402 5365 οὗτος
1426 5298 1623 5367 σωθήο

24 5398 25 5405 ‘
54 5395 244 5435 σεται.

24 5474 27 5495 ³
133 5472 457 5543 ’Υμνολογία
493 5477 727 5549 μοναχοῦ
767 5479 1187 5545 ἀκατάπαυστος
1214 5478 1354 5535 ἔστω
1373 5496 1387 5511 ⁶
1419 5481 1488 5536 τὰ
1510 5483 1620 5556 γὰρ

58 5559 306 5636 Σεραφὶμ
335 5568 771 5634 ἀκαταπαύστως
798 5571 1089 5641 δοξολογεῖ.

128 5717 171 5749 ⁸¹
202 5720 365 5779 Hebr.
408 5741 505 5791 xu,
556 5728 640 5781 H.
724 5729 765 5758 ³¹
809 5727 927 5785 Jac.
973 5730 1093 5797 1,.1.
1176 5730 1220 5764 ³³
1241 5730 1429 5787 Matth.
1490 5751 1540 5800 κ,
1592 5736 1681 5791 22.

1728 4569 2039 4624 ostenditur
2070 4610 2087 4636 ,
2127 4586 2320 4625 verum
2384 4573 2550 4625 etiam
2608 4573 2662 4627 in
2701 4573 3091 4629 tentationibus
3151 4588 3297 4643 pro-

1728 4661 1911 4718 batur.

1801 4755 1924 4811 133.
1946 4753 2207 4810 Patientia
2225 4754 2479 4810 monachi
2514 4769 2653 4824 opus
2688 4754 2985 4824 perfectum
3003 4752 3209 4809 habens
3229 4754 3295 4819 ”,

1731 4847 2048 4918 praeclaram
2100 4846 2269 4902 animi
2307 4846 2488 4901 dotem
2516 4846 2845 4902 incolumem
2879 4860 3080 4901 servat.

1802 4936 1923 4993 154.
1965 4936 2235 4991 Patientia
2283 4936 2336 4990 in
2368 4934 2784 4991 adversitatibus
2813 4949 2843 4986 a
2878 4933 3145 4989 monacho
3166 4932 3296 4985 ﬁde-

1730 5029 1855 5083 liter
1886 5029 2189 5089 obscrvata,
2232 5042 2383 5098 spem
2424 5028 2501 5082 illi
2544 5026 2734 5084 tribuit
2759 5040 2878 5095 quae
2921 5040 3030 5079 non
3060 5022 3291 5077 confun-

1730 5122 1911 5176 detur.

1801 5213 1923 5268 155.
1960 5211 2224 5267 Patientia
2259 5212 2533 5276 monachi,
2554 5213 2606 5266 in
2625 5211 2744 5282 ejus
2771 5228 2942 5283 usque
2962 5216 3142 5280 tinem,
3166 5232 3289 5268 eum

1731 5314 1944 5361 servat:
1985 5304 2091 5370 Qui
2136 5304 2274 5358 enim
2322 5305 2584 5372 patienter
2622 5306 2677 5358 in
2715 5306 2873 5376 ﬁnem
2909 5322 3070 5375 usque
3125 5308 3290 5359 susti-

1729 5396 1925 5462 nuerit,
1953 5397 2035 5451 hic
2063 5396 2239 5451 salvus
2270 5396 2370 5451 erit
2401 5396 2467 5449 ³³.

1798 5490 1919 5545 156.
1956 5488 2204 5544 Monachi
2261 5488 2501 5545 laudatio
2556 5488 2897 5546 incessabilis
2944 5489 3056 5555 sit;
3088 5502 3213 5542 nam
3241 5499 3294 5542 et

1726 5579 2009 5653 Seraphim
2036 5581 2433 5640 incessabiliter
2459 5580 2699 5639 laudant.
