3816 6220
462 306 593 368 148⁵1

454 510 647 573 nache,
687 520 745 563 ut
776 523 841 563 eo
882 509 1252 577 ingruentium
1301 523 1442 562 onus
1472 510 1839 562 tentationum
1873 508 2041 562 leves.

452 602 629 671 llujus
683 602 998 672 exemplum
1049 601 1261 655 clarum
1294 600 1486 663 habes,
1522 600 1651 655 dum
1690 600 1867 655 viator
1890 597 2040 669 gravi

453 709 678 762 pressus
716 709 905 760 onere,
942 693 1276 750 cantillando
1324 692 1539 747 itineris
1568 692 1814 747 laborem
1849 709 1913 747 ac
1945 701 2042 745 tae-

452 784 603 838 dium
641 782 805 839 fallit.

523 877 647 932 158.
686 877 961 933 Patienter
1015 878 1245 940 sustine,
1295 880 1599 944 monache;
1657 878 1843 932 brevis
1894 876 2040 930 enim

452 978 537 1023 est
562 970 834 1038 patientia
871 971 1047 1036 labor,
1081 972 1280 1039 quietis
1331 986 1513 1026 autem
1558 971 1767 1025 nullum
1800 985 2041 1038 unquam

453 1062 615 1115 ﬁnem
644 1061 901 1116 habitura
931 1064 1155 1117 saecula.

524 1152 647 1207 159.
701 1150 974 1207 Obediens
1027 1157 1331 1209 monachus
1366 1169 1561 1223 magna
1608 1152 1810 1207 ﬁducia
1849 1150 2042 1206 Cruci-

456 1242 563 1297 iixo
610 1244 810 1298 astabit
836 1244 1074 1313 ;quippe
1100 1244 1507 1300 cumDominus
1532 1247 1586 1299 in
1612 1261 1780 1301 cruce
1805 1245 1871 1299 ad
1896 1260 2041 1298 mor-

454 1345 559 1389 tem
601 1352 775 1406 usque
796 1337 1057 1392 obediens
1097 1337 1261 1392 fuerit
1290 1338 1356 1392 ³⁸.

523 1428 648 1484 140.
686 1427 803 1483 Vox
860 1429 1115 1483 monachi
1164 1445 1234 1484 ne
1272 1430 1518 1485 elcvetur
1556 1431 1821 1484 adversus
1856 1428 2041 1497 proxi-

452 1534 599 1572 mum
656 1517 711 1570 in
778 1517 1154 1572 amaritudine
1204 1519 1404 1573 anima:
1454 1519 1612 1586 ejus:
1665 1521 2039 1572 exercentium

451 1622 581 1662 vero
617 1610 683 1664 ad
722 1611 975 1680 pietatem
1006 1626 1111 1665 vox
1139 1610 1193 1663 in
1224 1612 1647 1665 mansuetudine
1693 1611 1907 1666 sincere
1938 1610 2041 1664 im-

452 1700 616 1753 motis
638 1701 799 1755 labiis
827 1700 893 1754 ad
934 1700 1105 1754 Deum
1138 1701 1428 1769 dirigatur.

1790 305 1855 363 Β.
1892 300 2371 363 HYPERECHII

527 417 651 472 157.
694 413 989 472 Canticum
1010 414 1263 486 spiritale
1296 414 1350 470 in
1380 429 1476 470 ore
1502 424 1598 470 tuo
1626 424 1896 478 versetur,
1923 429 2045 469 mo-
2072 420 2119 475 Α

3598 295 3715 361 1483

2216 414 2426 482 ’Υμνος
2476 411 2847 483 πνευματικδς
2895 412 3010 481 ήτω
3068 412 3133 464 ἒν
3335 411 3569 481 στόματί
3614 431 3716 473 σου,

2149 505 2373 573 μοναχὲ,
2406 505 2777 572 ἐπικουφίζων
2804 521 2897 557 σου
2926 505 2989 556 τὸ
3019 502 3189 575 βάρος
3210 502 3322 557 τῶν
3346 504 3721 574 ἐπερχομένων

2145 595 2507 665 πειρασμῶν·
2550 596 2854 666 ὑπόδειγμα
2902 595 2960 650 δὲ
3006 596 3169 649 τοῦτο
3217 596 3416 665 σαφὲς,
3460 594 3722 666 ὀδοιπὸρος

2146 686 2556 757 βαρυαχθήσας,
2593 687 2798 759 ᾄσματι
2843 688 3090 745 κλέπτων
3130 688 3234 759 τῆς
3280 689 3596 761 ὁδοιπορίας
3641 690 3723 742 τό)

2144 780 2335 833 κόπον.

2224 872 2567 943 ’Υπὸμεινον,
2603 872 2837 944 μοναχὲ·
2879 872 3083 943 βραχὺς
3112 873 3222 943 γὰρ
3251 872 3357 942 τῆς
3399 872 3675 943 ὑπομονῆς
3700 875 3726 925 6

2145 962 2337 1030 κόπος,
2370 963 2671 1036 ἀπέραντοι
2703 964 2762 1017 δὲ
2804 964 2904 1034 τῆς
2933 963 3301 1027 ἀναπαύσεως
3326 966 3380 1017 at
3412 964 3631 1027 αἰῶνες.

2228 1146 2505 1216 ’Υπήκοος
2562 1145 2802 1217 μοναχδς
2841 1146 3344 1218 εὑπαρῤησιάστως
3380 1145 3467 1215 τῷ
3500 1162 3727 1215 σταυρω-

2144 1239 2291 1293 θέντι
2326 1241 2739 1310 παραστήσεται
2762 1257 2776 1270 ο
2809 1241 2838 1292 6
2866 1239 2974 1309 γὰρ
2999 1238 3093 1291 ἐπὶ
3118 1238 3215 1292 τοῦ
3263 1237 3516 1309 σταυροῦ
3543 1238 3728 1307 Κύριος

2143 1331 2387 1400 ὑπήκοος
2416 1333 2639 1401 γέγονεν
2672 1331 2838 1403 μέχρι
2869 1330 3123 1385 θανάτου.

2214 1424 2371 1494 Φωνὴ
2408 1422 2646 1494 μοναχοῢ
2700 1424 2775 1493 μὴ
2828 1421 3152 1492 ἀνυψοὺσθω
3185 1420 3325 1492 πρὸς
3361 1422 3469 1476 τὸν
3518 1423 3729 1494 πλησίον

2143 1516 2309 1570 αὑτοῦ
2346 1517 2404 1569 ὲν
2434 1516 2633 1587 πικρίᾳ
2662 1514 2847 1587 ψυχῆς
2874 1514 3042 1568 αὑτοῦ
3062 1532 3077 1545 ’
3111 1515 3264 1584 φωνὴ
3296 1514 3357 1565 δὲ
3396 1516 3655 1583 ἀσκητῶν
3679 1520 3729 1569 ὲν

2144 1606 2423 1677 πραΰτητι
2450 1606 2628 1678 ψυχῆς
2672 1605 2984 1677 εἰλικρινῶς
3028 1605 3455 1676 ἀναπεμπέσθω
3488 1610 3620 1677 πρὸς
3645 1611 3730 1664 τὸν

2143 1702 2278 1756 Θεὸν
2311 1702 2591 1772 ἀκινήτοις
2615 1702 2840 1773 χείλεσι.

521 1790 645 1844 141.
701 1790 903 1845 Verum
956 1792 1012 1844 in
1053 1800 1198 1845 terra
1240 1806 1529 1846 accensum
1568 1791 1744 1858 sidus,
1786 1790 1880 1863 qui
1927 1806 2037 1846 non

2208 1768 2740 1865 tributim-dludi»;
2787 1793 2879 1846 ἐπὶ
2908 1793 3032 1865 γῆς,
3082 1794 3141 1857 ὃς
3181 1794 3286 1847 οὐκ
3330 1795 3638 1867 ὠλίσθησεν
3678 1800 3729 1850 ἑν

452 1881 640 1951 lapsus
669 1890 753 1937 est
782 1883 967 1953 lingua
1006 1898 1128 1937 sua.

522 1974 647 2029 142.
698 1973 888 2028 Timor
938 1973 1155 2030 Domini
1209 1990 1543 2030 conservans
1596 1974 1930 2030 monachum
1979 1982 2043 2030 ut

452 2066 622 2121 turris
680 2066 1278 2136 inexpugnabiliszqui
1331 2075 1512 2120 autem
1566 2066 1688 2137 ejus
1744 2081 1939 2135 expers
1969 2067 2039 2119 ti-

453 2158 625 2214 moris
664 2159 968 2214 monachus
1017 2159 1256 2226 exsistit,
1282 2157 1445 2214 facile
1474 2159 1720 2215 vincetur
1741 2158 1814 2213 ab
1842 2159 2041 2213 adver-

452 2250 634 2306 sariis.

526 2343 651 2397 145.
677 2341 850 2397 Jubar
883 2342 1095 2399 clarum
1123 2344 1177 2399 in
1216 2352 1385 2409 terra,
1429 2342 1738 2398 monachus
1770 2341 2043 2412 tranquil-

452 2436 626 2491 litatis
662 2451 790 2490 arce
819 2446 1060 2507 arrepta,
1088 2437 1233 2507 apud
1256 2452 1418 2507 quem
1459 2452 1571 2490 non
1599 2437 1671 2490 sit
1697 2436 1921 2490 inveula
1944 2451 2043 2489 cu-

454 2529 694 2597 piditas:
734 2525 984 2581 Omnium
1018 2528 1166 2582 enim
1213 2528 1478 2581 malorum
1518 2528 1678 2581 radix
1712 2536 1788 2581 est
1836 2528 2042 2595 cupidi-

456 2631 538 2674 las
570 2619 614 2652 ³⁸
653 2620 905 2691 (avaritia
943 2619 1173 2689 scilicet)
1216 2634 1250 2675 a
1291 2634 1400 2690 qua
1443 2619 1579 2675 nihil
1620 2633 1859 2690 unquam
1901 2617 2043 2688 frugi

457 2712 728 2781 originem
764 2712 976 2767 habuit.

526 2808 650 2863 144.
682 2808 915 2863 Praestat
968 2809 1304 2864 manducare
1351 2824 1547 2864 carnes
1596 2819 1650 2865 et
1696 2809 1884 2863 bibere
1940 2808 2035 2862 vi-

452 2916 584 2955 num
620 2942 637 2965 ,
671 2916 836 2971 quam
888 2910 948 2956 ut
996 2902 1334 2958 detrahendo
1383 2902 1641 2959 comedas
1692 2918 1889 2957 carnes
1934 2902 2045 2956 fra-

450 3000 622 3043 trum.

527 3081 651 3136 145.
687 3081 943 3148 Vescere,
987 3083 1278 3149 monache,
1320 3099 1459 3153 pane
1492 3093 1586 3138 tuo
1606 3099 1729 3137 cum
1767 3085 1945 3151 melle,
1975 3087 2044 3141 ah

458 3174 823 3228 amaritudine
879 3184 986 3229 tete
1034 3177 1337 3242 abstinens,
1373 3187 1423 3231 et
1452 3177 1575 3230 bibe
1621 3178 1808 3231 viuum
1842 3178 1885 3208 "
1913 3196 2038 3233 cum

456 3268 597 3321 lacte
645 3278 763 3332 tuo,
812 3268 1075 3323 infantem
1124 3284 1294 3339 agens
1339 3272 1537 3339 spiritu
1587 3280 1700 3324 tuo.
1751 3271 1852 3325 Mel
1889 3273 2035 3327 enim

452 3361 879 3415 amaritudinem
932 3376 1044 3415 non
1097 3361 1283 3428 habet,
1334 3374 1388 3417 et
1441 3363 1526 3417 lac
1558 3380 1666 3418 nou
1709 3366 1861 3419 novit
1885 3366 2043 3420 mali-

459 3453 614 3507 tium.

532 3544 654 3599 146.
686 3546 895 3601 Aurum
933 3546 1198 3615 probatur
1227 3547 1281 3601 in
1335 3547 1557 3603 fornace
1582 3550 1722 3620 ignis
1754 3550 1821 3615 ³⁷,
1852 3559 1906 3604 et
1926 3565 2043 3605 mo-

456 3639 669 3693 nachus
712 3638 767 3692 in
801 3639 1155 3694 multitudine
1194 3642 1595 3694 monachorum
1631 3652 1994 3711 cognoscetur
2024 3662 2036 3697 :

460 3736 718 3784 ueterum
748 3729 842 3798 qui
876 3730 1130 3785 sincerus
1153 3728 1337 3796 fuerit,
1374 3731 1560 3788 salvus
1599 3733 1723 3786 erit.

492 3880 495 3884 ,
532 3821 655 3875 14Ἱ.
686 3820 879 3875 Manus
907 3822 1161 3877 monachi
1193 3834 1381 3878 sancte
1410 3840 1626 3893 semper
1654 3826 1705 3879 in
1734 3825 1901 3881 Deum
1932 3829 2043 3883 sint

457 3921 693 3967 extenta;
726 3912 808 3966 ³⁸ε
859 3912 1039 3970 Moses
1086 3915 1232 3969 enim
1275 3916 1456 3969 crucis
1508 3919 1734 3985 figuram
1778 3935 2039 3975 manuum

457 4005 782 4060 extensione
834 4006 1121 4062 delineans
1158 4009 1490 4077 expugnavit
1516 4010 1738 4065 Amalec
1755 4011 1821 4066 ”.

536 4096 660 4150 148.
690 4095 838 4151 Bona
872 4100 1047 4168 gratia
1087 4100 1355 4153 crucitixo
1395 4102 1687 4168 monacho,
1725 4104 1818 4172 qui
1854 4104 2038 4173 quoti-

461 4188 550 4242 die
599 4188 886 4242 moriatur.
943 4188 1196 4244 Gaudent
1238 4191 1381 4244 enim
1431 4207 1598 4261 super
1629 4208 1695 4247 eo
1721 4195 1920 4265 angeli,
1946 4197 2038 4264 qui

468 4281 774 4351 suscipiant
798 4281 853 4335 in
878 4298 1106 4357 regnum
1148 4284 1435 4338 cmlorum.

536 4375 661 4431 149.
697 4376 1010 4431 Libidiuum
1061 4377 1303 4440 frenum,
1336 4378 1637 4447 jejunium;
1692 4396 1882 4435 earmn
1913 4398 2039 4439 vero

466 4469 781 4533 exstinctio,
814 4469 1157 4540 eleemosyna
1194 4480 1248 4524 et
1273 4471 1471 4524 oratio.

538 4560 660 4614 150.
692 4559 826 4615 Nive
880 4562 1166 4615 candidior
1235 4562 1541 4617 invenietur
1597 4565 1925 4631 monachus,
1950 4574 2043 4637 qui

468 4652 780 4706 carnalibus
806 4651 1097 4707 desideriis
1140 4653 1370 4706 exsistat
1406 4658 1701 4723 superior;
1727 4659 1819 4726 qui
1851 4674 2045 4730 nempe

468 4744 746 4799 Christum
770 4759 870 4813 pro
898 4759 1036 4797 auro
1055 4754 1219 4811 amet,
1248 4745 1424 4814 ipsum
1455 4746 1656 4801 videbit
1678 4749 1731 4801 in
1763 4748 1852 4803 die
1875 4749 2041 4816 bona,

470 4835 563 4905 qui
594 4849 855 4889 coronam
892 4836 962 4889 im
972 4836 1187 4905 partiat.
1590 4856 1593 4859 ν

542 4923 669 4977 151.
701 4922 941 4977 Susurro
976 4925 1278 4979 monachus
1314 4923 1543 4980 fratrum
1592 4927 1807 4981 turbam
1844 4927 2045 4984 distur-

475 5016 585 5077 bat,
614 5030 679 5070 ac
708 5016 914 5069 amicos
942 5016 1195 5085 dissipat.

548 5105 669 5159 152.
701 5108 832 5160 Cate
864 5106 1103 5176 psallens
1151 5107 1471 5175 monachus,
1508 5110 1810 5180 spiritalem
1855 5112 2043 5165 amici-

476 5199 608 5253 tiam
635 5198 893 5253 conﬂabit

531 5293 655 5347 155.
704 5292 1011 5347 Susurrans
1052 5307 1298 5362 serpens,
1332 5292 1500 5347 Evam
1525 5309 1555 5347 e
1580 5294 1840 5364 paradiso
1872 5307 2047 5351 extor-

477 5402 593 5439 rem
632 5385 759 5440 fecit
788 5385 875 5452 ‘°;
917 5400 1147 5441 susurro
1187 5388 1491 5443 monachus
1538 5388 1657 5457 ejus
1703 5390 1898 5443 similis
1920 5398 2043 5455 est;

478 5477 713 5535 proximi
756 5476 903 5531 enim
943 5475 1122 5546 perdit
1176 5478 1440 5545 animam,
1472 5494 1573 5535 nec
1628 5496 1784 5535 suam
1839 5482 2042 5535 salvam

483 5564 637 5617 facit.
1122 5586 1125 5589 ·

559 5708 604 5780 ιζ
625 5705 861 5780 Philipp.
895 5724 954 5780 ιι,
983 5709 1037 5767 8.

492 5773 536 5804 δυ
568 5775 699 5830 Gen.
730 5773 881 5841 115,2.

1137 5711 1179 5743 ³⁸
1208 5710 1223 5764 1
1253 5710 1392 5769 Tim.
1430 5729 1500 5781 γι,
1550 5716 1635 5773 10.
1716 5718 1759 5750 ³⁸
1785 5718 1942 5773 Cant.
1978 5735 2029 5775 v.
2067 5735 2101 5774 ι.
2168 5719 2209 5751 ³⁷
2240 5716 2625 5784 Prov.xvu,5.

2140 1885 2360 1956 γλώσσῃ
2394 1885 2582 1939 αὑτοῦ.

2210 1977 2379 2039 Φόϐος
2407 1978 2617 2049 Κυρίου
2642 1977 2884 2047 συνέχων
2912 1977 3161 2048 μοναχὸν.
3189 1979 3269 2042 ὡς
3296 1979 3524 2048 πύργος
3545 1982 3731 2033 ἀκατα-

2145 2071 2387 2142 μάχητος
2407 2085 2422 2099 ⁸
2468 2070 2633 2141 φόϐον
2660 2070 2718 2124 δὲ
2746 2071 2883 2123 Θεοῦ
2911 2074 2940 2125 6
2974 2071 3049 2142 μὴ
3090 2074 3445 2144 κεκτημένος
3492 2076 3729 2145 μοναχὸς.

2142 2163 2413 2226 εὐάλωτος
2434 2162 2586 2217 ἔσται
2615 2165 2728 2226 τοῖς
2759 2162 3118 2227 ὑπεναντίοις.

2212 2343 2353 2406 Φάος
2393 2342 2632 2414 καθαρὸν
2663 2344 2758 2398 ὲπὶ
2785 2344 2912 2415 γῆς,
2959 2344 3192 2414 μοναχδς
3236 2346 3499 2417 ἀπαθὴς,
3542 2349 3665 2419 παρ’
3694 2342 3732 2414 ᾧ

2143 2436 2241 2505 οὑχ
2276 2435 2475 2505 εὑρέθη
2512 2436 2879 2508 φιλαργυρία’
2929 2440 3303 2507 Φαλαριινρία
3348 2443 3470 2510 γὰρ
3508 2443 3733 2494 πάντων

2144 2525 2349 2580 κακῶν
2372 2525 2525 2596 ῥίζα,
2555 2529 2589 2598 ἡ
2618 2528 2681 2581 οὑ
2714 2529 2889 2583 τίκτει
2918 2531 3128 2600 καρπὸν
3160 2531 3375 2598 ἀγαθόν
3410 2550 3571 2587 ποτε.

2217 2793 2397 2847 Καλὸν
2430 2795 2623 2861 φαγεῖν
2652 2795 2789 2864 κρέα
2819 2794 2914 2847 καὶ
2946 2796 3087 2847 πιεῖν
3115 2787 3280 2860 οἶνον,
3315 2796 3420 2849 καὶ
3452 2797 3535 2869 μὴ
3562 2800 3738 2866 φαγεῖν

2147 2884 2205 2937 ὲν
2236 2884 2536 2954 καταλαλιᾷ
2572 2884 2783 2956 σάρκας
2814 2885 3079 2955 ἀδελφῶν.

2216 3070 2383 3138 Φάγε,
2417 3070 2640 3140 μοναχὲ,
2681 3069 2774 3123 τὸν
2821 3070 2985 3141 ἄρτον
3020 3086 3113 3123 σου
3167 3070 3310 3141 μετά
3356 3071 3611 3142 μέλιτος,
3656 3090 3737 3125 πι-

2148 3165 2306 3234 κρίας
2330 3164 2665 3233 ἀπεχόμενος
2684 3180 2698 3194 ⁸
2734 3164 2830 3216 καὶ
2862 3163 2955 3215 πίε
2982 3158 3121 3215 οῐνον
3152 3162 3294 3232 μετά
3317 3164 3611 3231 γάλακτός
3634 3182 3735 3227 σου,

2147 3254 2428 3324 νηπιάζων
2459 3254 2538 3321 τῷ
2560 3252 2831 3323 πνεύματί
2872 3269 2987 3309 σου.
3035 3253 3173 3307 Μὲλι
3215 3253 3327 3323 γὰρ
3362 3257 3610 3326 πικρίαν
3651 3259 3739 3308 οὐκ

2144 3343 2279 3415 ἔχει,
2312 3346 2404 3397 καὶ
2430 3342 2571 3413 γάλα
2604 3342 2807 3397 κακίαν
2837 3343 2939 3396 οὑκ
2970 3338 3131 3397 οἶδεν.

2220 3544 2433 3616 Χρυσὸς
2456 3543 2809 3615 δοκιμάζεται
2831 3546 2888 3598 ὲν
2912 3546 3125 3616 καμίνῳ
3154 3546 3348 3615 πυρὸς,
3376 3549 3483 3601 καὶ
3512 3550 3738 3619 μοναχὸς

2144 3638 2201 3690 ὲν
2233 3638 2425 3708 πλήθει
2462 3640 2711 3709 μοναχῶν
2753 3638 3163 3710 γνωσθήσεταν
3217 3639 3337 3693 ἀλλ’
3371 3642 3403 3692 6
3447 3643 3738 3713 ἀκίϐδηλος

2146 3730 2472 3799 σωθήσεται.

2211 3824 2405 3894 Χεῖρες
2434 3822 2667 3894 μοναχοῦ
2695 3822 2937 3879 εστωσαν
2963 3824 3253 3886 διαπαντὸς
3282 3825 3454 3888 ὁσίως
3474 3828 3736 3880 ἀνατετα-

2146 3914 2304 3984 μέναι
2332 3915 2465 3985 πρὸς
2494 3916 2585 3969 τὸν
2618 3916 2751 3969 Θεόν
2771 3930 2787 3946 ·
2831 3916 2990 3987 χερσὶ
3016 3917 3123 3987 γὰρ
3154 3918 3539 3985 προ-τυπώσεις
3582 3920 3645 3972 ὲν
3670 3918 3736 3987 τις»

2143 4005 2361 4076 σταυρῷ
2390 4007 2650 4076 Μωῦσῆς,
2683 4008 3095 4078 κατηγωνίσατο
3127 4008 3219 4061 τὸν
3259 4008 3544 4079 ⁹Αμαλήχ.

2203 4100 2379 4169 Χάρις
2417 4098 2597 4170 ἀγαθή
2668 4102 2786 4153 ἐστι
2840 4100 3060 4171 μοναχῷ
3099 4102 3559 4172 ὲσταυρωμένῳ,
3608 4104 3736 4157 καθ·

2141 4192 2355 4261 ημέραν
2380 4191 2805 4260 ἀποθνήσκοντι·
2835 4193 3083 4262 χαίρουσι
3111 4192 3220 4263 γὰρ
3260 4194 3346 4245 ἐπ’
3371 4195 3537 4263 αὐτῷ
3573 4196 3735 4263 ἀττε-

2141 4282 2242 4343 λοι.
2272 4283 2633 4353 εἰσδεχόμενοι
2665 4283 2827 4336 αὑτὸν
2856 4286 2932 4346 είς
2967 4282 3242 4352 βασιλείαν
3276 4284 3557 4355 οὐρανῶν.

2211 4377 2440 4439 Χαλινὸς
2464 4376 2650 4430 παθῶν
2673 4379 2898 4447 νηστεία
2919 4393 2933 4407 ⁸
2969 4379 3247 4448 ἀναίρεσις
3266 4378 3323 4432 δὲ
3346 4380 3563 4444 αὑτῶν,
3590 4382 3735 4450 ἐλεη-

2078 4456 2120 4511 D
2148 4466 2354 4538 μοσύνη
2386 4469 2478 4520 καὶ
2510 4470 2806 4539 προσευχὴ.

2219 4561 2410 4622 Χιόνος
2457 4559 2841 4631 λαμπρότερος
2872 4561 3229 4631 εὑρεθήσεται
3281 4564 3553 4633 μοναχδς,
3595 4567 3732 4619 ἀνώ-

2145 4668 2303 4721 τερος
2338 4651 2448 4705 τῶν
2483 4652 2763 4723 σαρκικῶν
2796 4654 3102 4723 ἐπιθυμιῶν
3146 4655 3408 4724 ὑπάρχων
3432 4672 3449 4685 ·
3497 4658 3730 4726 ,Χριστὸν

2147 4745 2276 4797 ἀντὶ⁸
2304 4744 2506 4815 χρυσοῦ
2555 4745 2756 4810 ποθῶν,
2789 4745 2981 4814 ὄψεται
3022 4746 3185 4798 αὑτὸν
3214 4748 3272 4799 ἐν
3316 4747 3508 4818 ἡμέρᾳ
3538 4750 3728 4817 art-:66.

2150 4834 2315 4903 σύνης
2345 4836 2711 4901 στεφανοῦντα
2742 4837 2925 4889 αὑτόν.

2216 4926 2460 4998 Ψιθυρὸς
2497 4929 2733 4997 μοναχὸς
2778 4928 3156 5000 διασκορπίζει
3205 4930 3413 5001 πλῆθος
3461 4935 3722 5003 μοναχῶν,

2149 5018 2243 5069 καὶ
2268 5017 2557 5081 δν.ασκεδά.ζ⁹
2560 5035 2608 5070 ει
2644 5019 2850 5085 φίλους.

2221 5109 2454 5163 Ψάλλων
2512 5109 2745 5180 μοναχός
2807 5110 3071 5176 συνετῶς,
3126 5114 3500 5185 συγκροτήσει
3558 5116 3727 5184 φιλίαν

2155 5202 2552 5271 πνευματικήν.

2221 5292 2529 5363 Ψιθυρίσας
2564 5294 2594 5346 6
2637 5294 2778 5364 δφις,
2821 5296 2919 5367 τὴν
2952 5295 3098 5350 Εὑαν
3127 5296 3225 5352 τοῦ
3264 5301 3605 5370 παραδείσου
3648 5301 3700 5365 ἑξ

2155 5380 2322 5452 ὡρισε
2359 5399 2372 5412 ⁸
2428 5383 2729 5455 ψιθυρίζων
2779 5389 3046 5456 μοναχδςξ
3074 5390 3283 5443 ἐκείνω
3336 5392 3533 5462 ὅμοιός
3580 5394 3724 5446 ἐστι·

2154 5477 2254 5546 τὴν
2281 5476 2390 5547 γὰρ
2422 5476 2599 5547 ψυχὴν
2628 5476 2722 5530 τοῦ
2751 5479 2978 5547 πλησίον
3007 5481 3250 5549 ἀπόλλει,
3282 5485 3381 5538 καὶ
3408 5486 3516 5557 τὴν
3545 5484 3727 5540 ἑαυτοῦ

2153 5570 2215 5621 οὑ
2248 5567 2523 5631 διασώζει.

2705 5716 2747 5748 ⁸⁸
2781 5714 2798 5771 1
2826 5713 2968 5769 Tim.
2994 5729 3054 5782 n,
3080 5714 3133 5770 8.
3215 5718 3258 5751 ³⁸
3286 5716 3624 5785 Exodarn,
3657 5722 3729 5777 18.
