3816 6220
94 319 135 386 1
152 312 298 385 489
1244 325 1345 385 AD
1370 323 1732 385 MONACHO

1856 325 2327 386 .DHORTATIO.
3283 326 3424 393 H90

218 433 470 488 Ψάλλων
522 433 762 497 συνετῶς
816 433 1078 505 μοναχδς,
1130 434 1450 503 ἐπισυνάγει
1502 434 1732 506 πλῆθος,

1915 433 2040 489 154.
2080 435 2370 505 Sapienter
2403 435 2642 507 psallens
2682 436 2986 494 monachus
3015 438 3423 495 multitudinem

90 528 249 578 καὶ
301 527 363 579 έν
407 525 703 596 Ἐκκλησία
745 525 1160 597 ἐπαινεθήσεται
1182 542 1197 557 ·
1251 525 1469 597 ψάλλων
1510 526 1732 596 μοναχὸς

1856 536 2163 599 congregat,
2209 539 2264 584 et
2310 529 2367 584 in
2413 528 2679 586 Ecclesiis
2741 530 3073 586 laudabitur.
3120 531 3426 588 Monachus

90 615 424 687 καθαρῶς
466 615 527 669 έν
575 616 776 688 καρδίᾳ.
830 617 1035 683 αὐτοῦ,
1095 617 1583 690 είσακουσθήσεται
1637 617 1732 671 ὑπὸ

1856 633 1979 688 pure
2000 620 2240 702 psallens
2274 621 2332 677 in
2355 623 2522 678 corde
2548 638 2678 687 suo,
2708 638 2739 681 a
2770 623 2881 678 Deo
2906 623 3249 679 exaudietur.

92 704 315 759 Θεοῦ.

218 797 394 869 ιῙθύχὴ
462 798 697 870 μοναχοῠ
766 799 1157 871 ἀποταξαμένη
1228 798 1307 870 τῷ
1362 801 1589 872 κόσμῳ,
1648 801 1741 854 καὶ

95 890 587 963 νυμφευσαμένη
641 891 719 963 τῷ
770 892 1021 964 Χριστῷ,
1082 894 1194 947 τῶν
1252 893 1514 963 ἐπιγείων
1569 911 1741 948 κατα-

98 1001 159 1053 φ
175 987 369 1052 ρονεϊ.

216 1077 618 1148 Ψελιοτρύπης
667 1079 761 1131 ἐπὶ
813 1080 936 1150 ῥῖνα
982 1078 1076 1132 τοῦ
1122 1079 1449 1153 δράκοντος,
1506 1080 1741 1153 μοναχδς

103 1169 345 1240 ἔργοις
372 1170 598 1239 ἀγαθοῖς
629 1171 1095 1243 περιϐεϐλημένος
1117 1187 1133 1203 ο
1178 1173 1323 1245 ψυχὴ
1359 1174 1470 1245 γὰρ
1502 1175 1738 1245 μοναχοῦ

104 1262 382 1335 καθαρά
422 1263 791 1328 εὑωδιὰξουσα
834 1264 1241 1335 πνευματικῶς,
1301 1267 1593 1337 σφραγίζει
1639 1266 1739 1337 τὴν

104 1356 426 1426 ὖσφρησιν
452 1352 546 1409 τοῦ
574 1356 890 1428 δράκοντος,
917 1356 1065 1422 ὅπως
1094 1358 1170 1431 μὴ
1196 1358 1474 1432 ὀσφρανθῇ
1505 1363 1562 1414 ὲν
1591 1359 1739 1432 αὐτῷ

113 1446 440 1518 μολυσμὸς
470 1447 685 1519 ἡδονῆς.

226 1542 325 1605 Ὠς
376 1541 540 1595 καλὸν
590 1541 839 1615 ἀδελφοῖς
892 1546 1115 1616 κρατεῖν
1170 1526 1420 1616 ήδονῶνξ
1448 1546 1737 1619 ἀνωτέρων

1915 798 2041 855 155.
2072 800 2268 856 Anima
2307 803 2586 869 monachi,
2620 819 2742 874 qua:
2789 804 2994 859 mundo
3033 801 3287 858 nuntium
3327 817 3417 860 re-

1843 894 2014 958 misit,
2058 911 2125 951 ac
2168 896 2388 953 Christo
2434 898 2707 969 desponsa
2743 908 2850 963 est,
2882 913 3005 968 quae
3044 905 3260 951 terrena
3293 905 3420 950 sunt

1842 987 2160 1040 contemnit.

1917 1078 2042 1134 156.
2075 1080 2301 1135 Armilla
2335 1082 2620 1152 perforatis
2660 1099 2821 1139 nares
2846 1083 3105 1138 draconis
3129 1081 3198 1148 “,
3229 1096 3420 1136 mona-

1842 1170 1981 1227 chus
2028 1172 2192 1229 bonis
2222 1174 2480 1243 operibus
2512 1176 2768 1230 amictus.
2808 1174 3008 1230 Munda
3046 1174 3196 1229 enim
3221 1187 3418 1228 mona-

1840 1264 1929 1317 chi
1953 1263 2157 1332 anima,
2190 1281 2413 1321 suavem
2439 1266 2753 1337 spiritaliter
2777 1266 2996 1336 spirans
3024 1264 3271 1330 odorem,
3289 1262 3414 1317 dra-

1838 1358 1997 1413 conis
2028 1360 2287 1416 olfactum
2319 1362 2594 1433 obsignat,
2629 1371 2688 1417 ut
2711 1377 2819 1416 non
2851 1362 3039 1416 olﬁant
3063 1359 3121 1415 in
3147 1361 3267 1430 ipso
3290 1373 3415 1413 sor~

1839 1450 1937 1507 des
1964 1454 2278 1523 voluptatis.
3346 1510 3356 1515 -

1911 1541 2037 1596 157.
2074 1543 2250 1609 Quam
2288 1544 2494 1601 bonum
2554 1545 2821 1601 fratribus
2860 1553 2922 1600 ut
2948 1542 3301 1599 dominentur
3321 1555 3417 1592 vo-

108 1652 208 1703 γε
236 1635 413 1689 ὄντων
439 1634 722 1707 σαρκικῶν
749 1636 1054 1707 ἐπιθυμιῶν
1072 1655 1087 1670 ο
1113 1632 1159 1706 ᾧ
1185 1639 1294 1710 γὰρ
1319 1639 1549 1709 πάρεστι
1575 1641 1732 1709 φόϐος

1864 1634 2162 1707 υριθιίὺιιε,
2198 1636 2419 1707 Simque
2440 1640 2756 1707 superiores
2776 1636 3088 1693 carnalibus
3104 1631 3411 1689 desideriis.

106 1727 287 1780 Θεοῦ
318 1728 377 1780 ὲν
406 1727 605 1801 καρδία
642 1727 832 1795 αὑτοῦ,
875 1728 1071 1784 τούτου
1108 1730 1387 1801 μολυσμὸς
1423 1732 1601 1802 ψυχῆς
1639 1732 1732 1803 οὐχ

1856 1742 1898 1779 ιι
1953 1727 2111 1796 cujus
2164 1732 2309 1784 enim
2367 1732 2533 1786 corde
2562 1746 2806 1800 prazsens
2835 1740 2917 1785 est
2953 1729 3051 1785 Dei
3081 1728 3268 1791 timor,
3293 1724 3415 1795 ejus

112 1822 410 1876 ἅπτεται.

1856 1819 2084 1874 mimum
2121 1823 2313 1877 sordes
2343 1839 2452 1878 non
2480 1822 2740 1878 afﬁciunt.

229 1915 450 1981 Ὠραϊος
493 1910 643 1980 αἶνος
690 1916 751 1970 ἐν
801 1915 1030 1986 στόματι
1083 1916 1340 1987 μοναχοῦ,
1393 1917 1459 1971 ὲκ
1508 1917 1732 1989 καρδίας

1912 1910 2035 1968 158.
2062 1913 2322 1982 Speciosa
2338 1916 2455 1971 laus
2482 1915 2539 1969 in
2569 1930 2667 1971 ore
2697 1914 2974 1982 monachi,
3006 1928 3171 1985 quam
3192 1928 3260 1965 ex
3277 1923 3414 1979 puro

111 2009 614 2081 ἀναπεμπόμενος
646 2008 725 2080 τῷ
754 2008 898 2080 Θεῷ*
945 2010 1021 2074 ὡς
1073 2010 1328 2081 θυμίαμα
1371 2010 1598 2075 εὐωδίας
1634 2011 1732 2082 τὴν

1856 2004 2003 2058 :orde
2036 2003 2144 2060 Deo
2177 2008 2466 2078 depangit;
2500 2018 2559 2063 ut
2581 2009 2865 2064 incensum
2891 2005 3200 2063 suavissimi
3229 2002 3413 2059 odoris

112 2101 348 2155 τούτου
382 2100 565 2172 δέησιν
599 2100 951 2172 προσδέξεται
982 2101 1210 2173 Κύριος.

1856 2093 1959 2162 :jus
1991 2094 2133 2150 Deus
2162 2098 2468 2153 orationem
2499 2099 2758 2153 admittit.

220 2194 293 2245 Ὠ
323 2193 542 2263 ποταπὴ
582 2191 729 2261 λύπη
764 2194 822 2245 ὲν
849 2193 1123 2262 ἀγγέλοις,
1158 2194 1397 2267 μοναχοῦ
1425 2195 1492 2250 δι’
1522 2197 1732 2266 ἀπροσ-

1910 2186 2032 2241 159.
2064 2187 2109 2241 Ο
2153 2198 2393 2259 quantus
2434 2193 2750 2261 angelorum
2790 2196 3014 2257 πλωτὸν,
3066 2203 3192 2244 cum
3223 2200 3414 2241 mona-

1767 1788 1811 1843 B

114 2282 305 2349 εξίαν
354 2281 459 2349 ἔξω
515 2281 847 2355 βαλλομένου
889 2285 991 2356 τῆς
1042 2286 1363 2357 βασιλείαςι
1423 2287 1469 2342 ὣ
1516 2291 1732 2362 ποταπὴ

113 2382 315 2452 ὀδύνη
345 2383 401 2436 έν
444 2383 640 2451 ἁγίοις,
685 2380 927 2452 ἀσκητοῦ
975 2379 1041 2434 δι’
1079 2380 1457 2452 ὑπερηφανίαν
1497 2383 1571 2453 μὴ
1608 2401 1733 2437 συν-

117 2473 450 2545 ερχομένου
478 2473 556 2545 τῷ
579 2473 795 2545 νυμφίῳ
823 2474 902 2536 είς
920 2472 1020 2541 τὴν
1040 2472 1287 2525 παστάδα
1307 2473 1319 2525 !
1342 2474 1403 2525 Ὦ
1423 2476 1564 2545 πόση
1586 2477 1733 2548 χαρά

119 2568 205 2619 ἐν
242 2565 517 2633 ἀγγέλοις,
546 2565 872 2637 ἁμαρτωλοῦ
911 2565 1001 2619 διά
1032 2566 1322 2636 μετανοίας
1346 2568 1730 2639 εἰσερχομένου

119 2660 234 2721 εἰς
257 2657 357 2731 τὴν
385 2658 667 2728 βασιλείαν
694 2659 804 2711 τῶν
830 2658 1075 2729 οὐρανῶν
1099 2660 1111 2712 !
1163 2659 1209 2712 ὣ
1242 2660 1384 2729 πόση
1427 2661 1730 2736 εὐφροσύνη

118 2750 167 2819 ἠ
235 2748 295 2800 ὲν
344 2746 542 2815 ἁγίοις,
578 2747 904 2819 ἀμαρτωλοῦ
957 2748 1375 2821 ἐπιστρέφοντος
1419 2751 1484 2805 ὲκ
1526 2752 1733 2823 πλάνης

121 2839 303 2896 ὀδοῦ·
336 2858 411 2895 ων
445 2840 774 2913 μιμούμενοι
796 2840 895 2914 τὴν
922 2841 1126 2909 πίστιν,
1155 2842 1434 2914 ζηλώσατε
1467 2846 1565 2918 τὴν
1596 2851 1734 2919 μετά

120 2932 327 2987 ταῦτα
360 2932 719 3005 εὐφροσύνην.

224 3023 297 3079 Ὦ
321 3024 570 3097 μάκαρες
597 3027 733 3081 Θεοῦ
763 3027 953 3092 παῖδες
982 3028 1229 3099 μοναχοὶ,
1258 3021 1334 3083 ὧν
1354 3028 1415 3082 οὐ
1437 3033 1735 3101 κατηγωνί-

1835 2280 1999 2334 chum
2063 2298 2179 2353 pra:
2218 2286 2448 2356 segnitie
2494 2286 2619 2356 ejici
2676 2301 2708 2341 a
2761 2299 2932 2357 regno
3003 2280 3329 2352 contigerit!
3367 2279 3412 2332 0

1835 2385 2076 2444 quantus
2102 2388 2417 2434 sanctorum
2455 2380 2634 2442 dolor,
2670 2389 2853 2435 asceta
2882 2393 2991 2447 pra:
3022 2374 3275 2446 superbia
3300 2387 3409 2426 non

1837 2484 1945 2523 una
1999 2484 2125 2524 cum
2183 2471 2398 2541 Spouso
2440 2473 2686 2529 admisso
2712 2474 2768 2528 in
2801 2470 3135 2527 thalamum!
3168 2467 3212 2523 Ο
3240 2482 3413 2537 quan-

1833 2574 1950 2620 tum
2006 2567 2263 2637 gaudium
2310 2568 2653 2638 angelorum,
2687 2576 2975 2639 peccalore
3016 2580 3115 2635 per
3144 2560 3413 2632 poeniten—

1835 2658 1967 2713 tiam
2005 2660 2318 2714 introeunte
2352 2660 2408 2714 in
2434 2676 2663 2732 regnum
2712 2661 2980 2716 caelorum
3010 2659 3055 2691 ⁸⁸
3086 2658 3101 2711 l
3133 2657 3174 2710 Ο
3204 2659 3408 2724 quanta

1834 2761 2149 2807 sanctorum
2180 2752 2388 2817 laetitia,
2415 2754 2546 2807 dum
2578 2761 2834 2822 peccator
2866 2751 2935 2806 ab
2954 2764 3143 2804 errore
3167 2748 3270 2800 via:
3298 2758 3409 2799 sua:

1835 2846 2208 2902 convertitur!
2245 2862 2478 2916 quorum
2532 2845 2771 2900 aemulati
2831 2843 3014 2906 ﬁdem,
3076 2834 3409 2895 aemulamini

1834 2950 1956 3005 quae
1983 2937 2330 3004 postmodum
2352 2936 2538 2990 futura
2569 2946 2674 2999 est,
2704 2933 2971 2990 laetitiam.

1908 3028 2031 3083 160.
2063 3026 2109 3084 Ο
2137 3029 2280 3084 beati
2314 3029 2406 3085 Dei
2456 3029 2552 3084 ﬁlii
2595 3026 2874 3093 monachi,
2921 3040 3063 3096 quos
3113 3017 3409 3078 certamine.

125 3133 309 3171 σαιτο
340 3117 544 3187 σαρκὸς
588 3117 874 3188 ἐπιθυμία.
920 3119 1098 3188 Ύμᾶς
1129 3121 1190 3174 οὐ
1234 3119 1305 3190 γῆ
1339 3119 1574 3193 καλύψῃ,
1615 3121 1732 3175 ἀλλ’

1856 3140 1949 3178 ιοη
1983 3124 2116 3179 vicit
2139 3126 2324 3180 carnis
2371 3126 2678 3193 cupiditas!
2717 3138 2827 3178 non
2861 3137 2961 3177 vos
3003 3129 3147 3175 terra
3174 3114 3408 3186 operit".

122 3206 379 3278 οὐρανὸς
413 3207 512 3261 σὺν
537 3209 791 3278 ἀγγέλοις
818 3208 1166 3280 ἀποδέξηται.

228 3392 278 3425 ιι
313 3389 414 3445 Job
456 3406 542 3449 XL,
567 3389 660 3446 22.
730 3390 776 3422 “
803 3391 942 3447 Luc.
975 3406 1069 3458 xv,
1102 3391 1156 3448 7.

1838 3214 1937 3271 sed
1972 3215 2171 3270 celum
2198 3231 2323 3270 cum
2354 3216 2560 3287 angelis
2584 3215 2864 3284 suscipiat.

169 3630 3385 3677 Ἥ

1278 3880 1800 3996 SANCTI
1956 3881 2265 3995 NILI

699 4149 1153 4212 ORATIONUM
1194 4149 1294 4209 ET
1341 4148 1838 4211 HOMILIARUM
1880 4149 2344 4212 FRAGMENTA
2384 4150 2485 4210 EX
2526 4153 2827 4214 PHOTIO.

1068 4360 1343 4433 (Biblioth.
1386 4360 1509 4417 cod.
1548 4360 1676 4429 276,
1717 4377 1774 4433 p.
1815 4359 1957 4418 1527
1994 4361 2085 4418 ed.
2129 4359 2471 4431 Hoeschelii.)

131 4720 253 4779 Τοῦ
310 4720 607 4790 μακαρίου
656 4716 912 4800 Νείλου,
948 4719 1037 4785 εὶς
1108 4715 1176 4771 τὸ
1240 4716 1457 4786 Πάσχα
1525 4717 1708 4788 λόγος

794 4803 1043 4857 πρωτος.

212 4881 592 4942 Ἀναστάσεως
610 4879 788 4947 λόγοις
809 4917 824 4940 ,
855 4877 953 4948 τὴν
983 4878 1083 4947 τῆς
1110 4877 1462 4941 ἀναστάσεως
1491 4877 1709 4948 ἡμέραν

1882 4873 2321 4932 Besurrectionis
2350 4877 2531 4932 verbis
2557 4878 2980 4934 resurrectionis
3004 4880 3148 4941 diem
3202 4883 3379 4940 hono-

121 4974 474 5046 τιμήσωμεν.
523 4969 687 5041 Ψυχὴ
728 4968 928 5039 [ψυχῆς
992 4967 1129 5040 lego]
1177 4968 1262 5031 τίς
1306 4972 1421 5023 ἐστι
1472 4967 1705 5040 δευτέρα

1856 4966 2083 5020 ibimus.
2129 4966 2343 5022 Animae
2364 4976 2449 5022 est
2474 4969 2746 5037 quaedam,
2778 4970 2949 5025 altera
2980 4970 3267 5027 hominum
3293 4990 3380 5029 re-

120 5070 243 5130 τοῐς
274 5062 580 5134 ἀνθρώποις
625 5064 658 5131 ἡ
693 5061 1017 5125 ἀνάστασις,
1057 5059 1197 5131 πρὸς
1224 5059 1326 5123 τὰς
1361 5058 1462 5130 τῆς
1499 5059 1703 5130 ἀρετῆς

1856 5057 2103 5124 trrcctio,
2141 5058 2209 5112 ad
2252 5059 2511 5114 virtutem
2540 5060 2810 5127 excitans,
2842 5075 2897 5116 et
2922 5062 2969 5116 si
3000 5062 3147 5117 illam
3177 5065 3247 5118 ab
3276 5065 3380 5119 ho-

120 5158 470 5229 διεγείρουσα
511 5155 760 5227 πράξεις.
816 5153 937 5207 Κᾶν
987 5154 1191 5222 ταύτην
1238 5152 1347 5205 τῶν
1395 5152 1702 5224 ἀνθρώπων

1856 5150 2053 5205 ninibus
2090 5149 2400 5217 sustuleris,
2430 5161 2708 5207 mortuum
2738 5154 2803 5207 ad
2834 5154 3077 5210 actiones
3116 5156 3377 5211 virtutum

120 5249 357 5321 ἀνέλῃς,
390 5247 585 5319 νεκρὸν
624 5247 758 5318 πρὸς
798 5244 1028 5316 πράξεις
1057 5246 1259 5317 ἀρετῆς
1288 5246 1612 5316 ἀπειργάσω
1640 5246 1702 5298 τὸ

1856 5258 2009 5312 προς
2044 5243 2373 5299 reddideris.
2401 5244 2569 5315 Igitur
2600 5246 2761 5315 quasi
2799 5261 2898 5313 pro
2920 5249 3200 5303 communi
3229 5249 3379 5303 cala-

124 5343 309 5413 σῶμα.
350 5342 441 5404 Ὠς
479 5335 575 5394 οὖν
617 5340 759 5412 ὑπὲρ
802 5338 1007 5411 βλάϐης
1037 5338 1227 5408 κοινῆς
1263 5339 1403 5410 πρὸς
1428 5339 1519 5392 τὸν
1557 5337 1699 5409 ὑπὲρ

1856 5335 2003 5391 litate
2028 5336 2094 5390 ad
2123 5336 2326 5391 bellum
2390 5352 2491 5407 pro
2542 5337 2947 5393 resurrectione
3004 5339 3376 5411 accingamur,

121 5435 225 5505 τῆς
251 5433 601 5495 ἀναστάσεως
627 5429 979 5502 ὀπλισὼμεθα
1005 5430 1260 5501 πόλεμον,
1291 5430 1420 5501 ὃλην
1442 5430 1700 5494 λαϐόντες

1856 5444 2019 5483 nnem
2070 5438 2381 5484 creaturam
2442 5429 2602 5484 nobis
2671 5439 2936 5485 armatam
2996 5432 3374 5502 adjungentes.

122 5530 257 5598 ἡμῖν
288 5525 745 5595 συνοπλιζομένην
770 5524 869 5595 τὴν
898 5524 1096 5578 κτίσιν.
1143 5522 1557 5595 Ἐπιστρατεύει
1590 5523 1697 5593 γὰρ

1856 5531 2015 5591 ugnat
2036 5523 2181 5576 enim
2209 5522 2503 5576 nobiscum
2536 5520 2737 5577 caelum
2788 5532 2983 5577 contra
3042 5521 3377 5579 incredulos.

121 5618 350 5690 οὐρανὸς
376 5617 493 5689 μεθ’
514 5616 672 5688 ἡμῶν
698 5619 810 5681 τοῖς
838 5616 1106 5679 ἀπίστοις.
1136 5616 1233 5668 "Uv
1249 5617 1357 5686 γὰρ
1384 5615 1444 5677 ἐξ
1466 5616 1699 5669 ἀναστά-

1856 5629 1973 5669 uem
2000 5615 2147 5670 enim
2173 5630 2202 5669 e
2235 5614 2640 5669 resurrectione
2667 5614 2961 5667 Dominum
2996 5614 3260 5685 suscepit.
3295 5614 3378 5667 vi-

125 5728 265 5775 σεως
312 5710 589 5783 Δεσπότην
625 5708 873 5777 ἐδέξατο,
931 5711 997 5780 τῇ
1039 5708 1137 5779 τῆς
1174 5708 1524 5771 ἀναστάσεως
1574 5706 1696 5777 βλέ-

1856 5716 1903 5763 :L
1924 5707 2354 5764 resurrectionis
2386 5707 2557 5778 gloria
2586 5706 2808 5777 privari.
2846 5704 3012 5760 Terra
3043 5722 3261 5777 quoque
3310 5706 3377 5759 ad

2044 4719 2232 4776 Sancti
2272 4718 2391 4774 Nili
2426 4721 2612 4777 Oratio
2641 4724 2813 4792 prima
2837 4725 2892 4777 in
2922 4724 3153 4780 Pascha.
