3816 6220
471 339 603 405 1491
1948 339 1978 399 ε

2197 335 2236 397 l.
3593 337 3704 402 H92

469 460 669 513 bellum
705 454 996 511 nobiscum
1033 462 1243 525 parata.
1282 451 1431 509 Vidit
1488 451 1635 507 enim
1684 450 1976 506 resurrecti

2198 469 2240 505 ιι
2299 450 2767 522 συναθετούμενον
2826 451 2977 523 δόξῃ.
3038 451 3385 520 Κοινωνήσει
3439 452 3705 522 προθύμως

469 566 595 606 nem
633 547 1025 619 olasphemari,
1063 562 1161 617 per
1200 561 1368 617 quam
1426 545 1629 616 saepius
1680 543 1783 615 ipsi
1842 551 1976 598 mort

2197 546 2282 615 μῖν
2316 543 2410 597 τοῦ
2446 542 2691 615 πολέμου
2722 544 2817 598 καὶ
2853 546 2887 613 ἡ
2922 544 3024 613 γῆ.
3050 544 3579 613 Συκοφαντουμένην
3618 546 3704 613 γὰρ

470 652 600 699 sunt
637 643 918 715 praerepti.
976 640 1102 697 Ideo
1156 648 1211 697 et
1245 638 1451 695 Paulus
1483 645 1751 697 creatura:
1804 650 1977 692 amore

2199 636 2251 706 ὴν
2294 636 2596 690 ἀνάστασιν
2624 631 2764 689 οἶδεν
2785 676 2799 701 ,
2816 636 2919 705 ’ἀφ’
2944 628 3020 689 ὧν
3050 635 3311 698 πολλάκις
3336 635 3561 704 νεκροὺς
3586 637 3706 706 agn-

472 736 667 791 tribuit
726 732 1204 791 resurrectionis:
1263 730 1408 786 Nam
1445 730 1790 800 exspectatio,
1844 730 1977 797 inqu

2201 730 2288 800 ἑθη
2340 728 2432 782 ὑπ’
2479 729 2651 799 αὐτῆς
2704 728 2821 801 [ὑπ’
2862 729 3035 799 αὐτῆς
3077 728 3331 800 ἀφῃρέθη
3377 727 3453 783 Η.
3488 728 3595 800 St}
3628 730 3708 782 Δια

471 843 758 893 creatura,
805 827 1175 885 reuelationem
1232 826 1472 895 ﬁliorum
1519 824 1619 879 Dei
1670 830 1944 893 exspectat

2200 820 2310 874 ιῦτο
2343 821 2438 874 καὶ
2488 820 2704 884 Παῦλος
2747 819 2841 876 τὸν
2878 821 2980 890 τῆς
3027 820 3389 884 ἀναστάσεως
3438 824 3504 892 τῇ
3557 823 3707 874 κτίσει

472 922 949 991 Quemadmodum
985 918 1132 976 enim
1172 918 1369 975 civitas
1402 916 1539 987 regii
1581 915 1850 970 adventus
1906 928 1979 967 I‘Ct

2202 911 2500 983 εριτίθησιν
2552 912 2755 983 ἔρωτα.
2819 911 2889 966 Ἠ
2954 910 3063 981 γὰρ
3114 911 3572 980 ἀποκαραδοκία
3617 911 3709 978 τῆς

474 1019 632 1088 piens
662 1026 1051 1085 praecursores,
1074 1009 1140 1065 ad
1168 1010 1289 1080 ejus
1325 1007 1670 1080 praesentiam
1693 1015 1805 1062 teta
1834 1020 1895 1060 se
1916 1020 1981 1075 pr

2203 1003 2428 1070 τίσεως,
2476 1003 2650 1074 φησὶ,
2703 1004 2820 1073 τὴν
2855 1004 3253 1072 ἀποκάλυψιν
3289 1003 3417 1057 τῶν
3457 1003 3597 1057 υἱῶν
3624 1005 3710 1059 τοῦ

476 1115 675 1177 parat:
716 1106 799 1160 sic
856 1101 1263 1159 resurrectione
1310 1109 1573 1170 tanquam
1612 1099 1800 1168 regina
1844 1096 1983 1163 aliqu

2203 1096 2309 1152 εοῦ
2341 1096 2758 1167 ἀπεκδέχεται.
2788 1097 3058 1167 Καθάπερ
3101 1096 3211 1169 γάρ
3257 1097 3419 1159 πόλις
3456 1095 3710 1167 βασιλικῆς

478 1208 744 1255 creatura:
775 1192 1162 1265 praenuntiata,
1199 1199 1310 1246 tota
1346 1190 1413 1245 ad
1438 1190 1586 1245 illius
1614 1190 1959 1261 praesentiam

2203 1190 2451 1262 τιδημίας
2482 1190 2751 1261 δεξαμένη
2790 1190 3168 1261 προδρόμους,
3196 1190 3339 1261 πρὸς
3384 1190 3488 1259 τὴν
3526 1190 3710 1256 ἐκείνης

480 1290 841 1359 comparavit.
882 1285 950 1339 Et
976 1300 1044 1340 ne
1085 1284 1302 1340 mireris
1340 1293 1629 1339 creaturas
1660 1282 1831 1352 ipsam
1862 1296 1987 1337 resu

2204 1301 2251 1354 ιη
2290 1284 2597 1353 παρουσίαν
2639 1282 2987 1352 ἐπτέρωται*
3035 1282 3177 1336 οῦτω
3210 1284 3305 1337 καὶ
3349 1283 3455 1352 τῆς
3507 1283 3711 1335 ἀναστά-

480 1383 782 1438 rectionem
813 1378 1149 1433 desiderare.
1188 1376 1285 1430 Est
1317 1375 1463 1430 enim
1511 1373 1825 1428 hominibus
1882 1373 1987 1428 inst

2203 1392 2294 1439 ιως
2320 1374 2511 1447 ὥσπερ
2538 1391 2685 1437 τινος
2714 1374 2986 1444 βασιλίδος
3018 1376 3087 1446 τῇ
3118 1374 3293 1427 κτίσει
3331 1372 3710 1443 προκηρυχθεί-

480 1472 733 1538 nutricis,
770 1486 893 1541 quae
922 1468 1147 1525 festinat
1209 1468 1541 1538 promissum
1576 1480 1803 1535 regnum
1849 1464 1987 1519 videt

2201 1486 2259 1540 ης
2281 1508 2299 1535 ,
2328 1468 2425 1539 ὅλη
2456 1467 2594 1538 πρὸς
2632 1467 2733 1539 τὴν
2762 1466 2979 1536 ἐκείνης
3012 1468 3312 1536 παρουσίαν
3355 1466 3708 1520 συντέτακται.

480 1574 535 1619 et
567 1563 877 1618 futurorum
910 1559 1137 1616 tarditas
1168 1572 1275 1612 non
1309 1557 1559 1613 dissolvit
1591 1571 1742 1626 spem
1796 1554 1987 1609 nutrici

2203 1560 2271 1613 ,αἱ
2310 1558 2385 1631 μὴ
2440 1558 2727 1629 θαυμάσῃς
2772 1557 2863 1610 τὸν
2890 1558 2992 1627 τῆς
3034 1558 3393 1621 ἀναστάσεως
3425 1559 3710 1627 ἐγκείμενον

482 1655 659 1710 llabet
682 1652 829 1709 enim
862 1653 919 1707 in
985 1666 1047 1707 se
1092 1665 1308 1721 semper
1360 1648 1571 1704 semina
1613 1646 1989 1701 resurrectioni

2205 1654 2224 1723 ᾗ
2268 1651 2446 1704 κτίσει
2478 1651 2867 1719 διδασκόμενον
2900 1650 3085 1703 πόθον.
3127 1651 3344 1721 Τροφὸς
3376 1651 3489 1721 γάρ
3525 1668 3603 1715 τις
3625 1652 3712 1703 τῶν

482 1762 717 1819 quorum
752 1761 921 1816 grana
952 1744 1193 1800 ostendit
1256 1743 1526 1804 viventes,
1564 1748 1908 1795 mortuorum
1965 1756 1989 1793 r

2205 1743 2464 1815 νθρὼπων
2494 1743 2817 1814 ὑπάρχουσα
2839 1781 2856 1806 ,
2901 1743 3124 1799 σπεύδει
3163 1742 3264 1813 τὴν
3308 1742 3712 1811 ἐπαγγελθεῖσαν

485 1841 844 1897 surrectionis
868 1840 922 1894 in
956 1840 1138 1908 parvis
1172 1852 1322 1908 spem
1342 1837 1502 1892 nobis
1532 1836 1936 1891 conlirmantia.
1958 1834 1992 1889 S

2205 1839 2291 1889 ἰεῖν
2325 1835 2603 1907 βασιλείαν
2628 1852 2643 1868 ⁸
2684 1835 2780 1889 καὶ
2826 1835 2887 1888 τὸ
2928 1834 3096 1907 βραδὺ
3132 1835 3242 1888 τῶν
3282 1835 3587 1906 μελλόντων
3633 1836 3712 1888 οὐκ

484 1934 761 2004 peliuntur
788 1933 844 1986 in
892 1932 1010 1998 illa,
1047 1938 1108 1985 ut
1136 1930 1384 1983 videmus
1418 1928 1690 1983 seminum
1721 1942 1909 1999 grana,
1931 1942 1991 1981 cu

2205 1925 2341 1979 ιλύσι
2363 1927 2430 1996 τῇ
2460 1923 2649 1997 τροφῷ
2670 1924 2770 1989 τὰς
2796 1925 3042 1989 ἐλπίδας.
3074 1926 3228 1996 Ἔχει
3250 1926 3365 1997 γὰρ
3395 1926 3485 1979 ἀεὶ
3519 1927 3712 1980 συνόντα

485 2024 624 2079 sulci
657 2024 768 2077 sint
793 2022 928 2078 satis
950 2036 1050 2091 pro
1080 2020 1368 2091 sepulcris.
1400 2019 1519 2089 Ipsa
1548 2034 1698 2081 vero.
1756 2018 1989 2073 seminib

2203 2015 2298 2085 ὐτῇ
2337 2013 2406 2067 τὰ
2448 2015 2549 2085 τῆς
2578 2015 2929 2078 ἀναστάσεως
2971 2014 3294 2085 σπέρματα,
3345 2009 3427 2069 ὧν
3454 2016 3579 2079 τοῦς
3607 2016 3710 2068 κόκ-

487 2114 749 2187 acceptis,
802 2114 1049 2169 imitatur
1082 2121 1455 2173 monumenta,
1489 2120 1543 2166 et
1587 2111 1879 2181 putrefacit
1933 2125 1994 2180 gr

2206 2124 2293 2169 ους
2322 2106 2667 2160 ἀναδείκνυσι
2702 2105 2936 2171 ζῶντας,
2963 2107 3063 2176 τῆς
3091 2106 3200 2159 τῶν
3230 2107 3453 2179 νεκρῶν
3480 2109 3713 2178 σωμάτων

491 2222 644 2271 num,
672 2214 733 2260 ut
761 2206 939 2276 ipsum
966 2203 1278 2274 sepulcrum
1307 2218 1529 2273 corpus,
1562 2213 1616 2257 et
1650 2202 1924 2271 accipiens
1976 2217 1998 2254 v

2203 2200 2435 2269 γέρσεως
2469 2200 2527 2251 ἐν
2574 2200 2792 2269 μικροῖς
2821 2201 2956 2269 ἡμῖν
2988 2199 3347 2268 βεϐαιοῦντας
3372 2200 3476 2264 τάς
3504 2200 3710 2261 ἐλπίδας.

488 2314 642 2361 vum,
676 2306 956 2351 mortuum
990 2295 1189 2361 reddit,
1221 2302 1277 2347 et
1310 2294 1551 2348 medium
1576 2296 1732 2365 grani
1767 2295 1927 2363 plane
1958 2310 1989 2363 p

2209 2291 2470 2342 ἅπτονται
2507 2290 2607 2359 μέν
2642 2290 2751 2361 γάρ
2775 2291 2833 2343 ἐν
2860 2292 2997 2361 αὐτῇ
3016 2331 3031 2354 ,
3059 2292 3135 2354 ὡς
3160 2291 3385 2362 ὁρῶμεν
3410 2332 3428 2357 ,
3448 2294 3555 2345 τῶν
3578 2310 3715 2361 σπερ-

488 2388 782 2445 trefaciens
813 2385 1119 2452 corculum,
1151 2386 1315 2441 etiam
1353 2385 1488 2455 ipsis
1544 2385 1793 2441 formicis
1837 2386 1995 2439 inutil

2210 2382 2355 2436 άτων
2390 2383 2439 2435 οἱ
2475 2384 2687 2446 κόκκοι,
2713 2383 2824 2437 τῶν
2856 2384 3112 2438 αὐλάκων
3146 2386 3269 2437 ἀντὶ
3301 2386 3499 2454 τάφων
3529 2386 3716 2453 γινομέ-

490 2480 559 2535 ad
594 2478 995 2535 comedendum
1028 2476 1182 2531 facit.
1210 2476 1635 2545 Corruptionem
1693 2484 1875 2530 autem
1937 2485 1989 2528 ta

2209 2492 2271 2525 ον
2308 2477 2424 2535 τοῖς
2470 2478 2790 2543 σπαρεῖσιν·
2835 2477 2868 2546 ἡ
2911 2476 2968 2529 δὲ
3008 2476 3249 2530 λαϐοῦσα
3288 2478 3367 2530 τά
3422 2479 3716 2547 σπέρματα.

490 2590 656 2646 quam
681 2571 1100 2642 conceptionem
1137 2568 1426 2639 quamdam
1453 2568 1764 2637 possidens,
1790 2576 1997 2620 mortua

2214 2569 2415 2635 ιμεῖται
2455 2566 2526 2619 τὰ
2569 2568 2866 2639 μνήματα·
2899 2568 2991 2622 καὶ
3038 2571 3202 2640 σήπει
3231 2570 3325 2623 τὸν
3371 2572 3573 2624 κόκκον
3599 2570 3664 2632 ὡς
3698 2572 3716 2620 ὁ

491 2669 765 2723 seminum
806 2662 1044 2718 feturam
1085 2660 1481 2731 putrefactione
1502 2667 1699 2729 gestat,
1727 2667 1781 2713 et
1803 2659 1861 2711 fit
1892 2668 1998 2711 mat

2209 2657 2335 2727 ὶφος
2381 2658 2443 2711 τὸ
2474 2658 2665 2729 σῶμα⁸
2704 2662 2797 2714 καί
2826 2660 3099 2732 δεξαμένη
3138 2663 3359 2727 ζῶντα,
3396 2662 3716 2733 καταφθείρει

488 2755 633 2819 vitae,
672 2751 860 2821 granis
888 2750 1195 2819 corruptio,
1235 2758 1289 2802 et
1314 2763 1461 2803 mors
1495 2757 1684 2818 partus
1735 2757 1887 2816 pater
1919 2748 1995 2801 de:

2210 2750 2453 2821 ικρότητι
2478 2769 2492 2783 ·
2543 2753 2720 2823 μέσην
2752 2770 2813 2807 τε
2845 2754 3035 2823 σαφῶς
3063 2755 3164 2826 τὴν
3202 2755 3298 2808 τοῦ
3332 2756 3539 2810 κόκκου
3567 2757 3717 2825 διασή-

490 2852 709 2915 gnatur.
741 2839 893 2897 Nova
916 2841 1008 2895 illa
1038 2840 1248 2896 doloris
1282 2849 1441 2895 terra:
1468 2839 1818 2909 parturientis
1850 2838 1932 2893 lex
1958 2854 1997 2892 e:

2209 2859 2320 2899 ασα
2348 2844 2614 2915 καρδίαν,
2652 2846 2929 2916 ἄχρηστον
2963 2847 3391 2919 καὶ¹μύρμηξιν
3429 2851 3512 2914 εἱς
3546 2852 3716 2919 τροφὴν

492 2937 600 2992 nisi
631 2937 727 2990 fiat
776 2942 1032 2988 mortuus
1083 2930 1250 2995 fetus,
1302 2947 1411 2985 non
1464 2931 1799 3001 tingitur:si
1843 2930 1998 2984 vixer

2211 2936 2564 3008 περγάζεται.
2603 2938 2818 3008 Ὠσπερ
2863 2939 2921 2993 δέ
2957 2958 3077 2994 τινα
3114 2940 3387 3013 σύλληψιν
3417 2943 3519 3012 τὴν
3549 2942 3718 3011 φθορὰν

491 3046 601 3085 ιιοιι
656 3028 949 3083 formatur.
1013 3025 1155 3080 llinc
1211 3025 1377 3093 igitur
1436 3033 1491 3078 et
1540 3023 1788 3079 formica:
1829 3023 1998 3078 dissec

2211 3030 2522 3100 τησαμένη,
2585 3033 2848 3100 κυοφορεῖ
2908 3030 3252 3103 νεκρωθέντα
3298 3035 3373 3104 τῇ
3431 3033 3588 3104 σήψει
3634 3030 3718 3084 τῶν

492 3138 661 3196 grana
689 3123 745 3177 in
778 3130 979 3176 terram
1010 3118 1316 3185 defodiunt,
1354 3118 1596 3173 sectione
1623 3132 1843 3186 germen
1876 3133 1906 3171 e
1939 3132 1999 3172 co

2211 3122 2501 3192 περμάτων
2522 3122 2591 3175 τὰ
2613 3122 2829 3193 ἔμϐρυα
2852 3141 2865 3154 ·
2901 3124 2995 3176 καί⁵
3018 3124 3228 3192 γίνεται
3254 3126 3450 3197 μήτηρ
3472 3125 3611 3194 ζωῆς
3633 3127 3718 3186 τοῖς

493 3217 748 3287 ruptione
777 3212 1157 3285 impedientes.
1194 3209 1448 3281 Oportuit
1508 3209 1657 3264 enim
1689 3217 1746 3263 et
1807 3208 2000 3265 formic

2214 3212 2393 3275 όκκοις
2421 3214 2454 3284 ἡ
2477 3213 2745 3285 νέκρωσις
2768 3254 2783 3278 ,
2815 3215 2912 3268 καὶ
2942 3214 3169 3279 θάνατος
3198 3216 3369 3270 τόκου
3412 3216 3592 3286 πατὴρ
3617 3216 3721 3269 ἀνα-

496 3328 617 3368 rum
648 3320 903 3365 naturam
932 3302 1239 3370 testificari,
1273 3311 1472 3357 terram
1508 3310 1631 3371 post
1657 3301 2003 3370 corruptione

2209 3303 2465 3358 είκνυται.
2501 3304 2706 3369 Καινὸς
2730 3299 2885 3368 οὗτος
2912 3309 2981 3378 τῇ
3020 3310 3091 3378 γῇ
3120 3306 3229 3360 τῶν
3260 3307 3479 3362 ὠδίνων
3504 3311 3532 3363 ό
3551 3308 3716 3379 νόμος·

495 3402 801 3475 prodttcere
831 3395 1040 3453 semina
1068 3412 1082 3448 :
1117 3402 1173 3448 et
1200 3392 1323 3447 vide
1348 3390 1594 3461 pariendi
1626 3391 1721 3445 tali
1749 3392 1914 3445 modo
1965 3406 2002 3444 ιι

2210 3415 2238 3449 ν
2268 3396 2346 3469 μὴ
2378 3398 2606 3469 γένηται
2631 3399 2827 3468 νεκρὸν
2857 3398 2920 3451 τὸ
2951 3398 3185 3469 βρέφος,
3224 3402 3285 3453 ού
3321 3400 3643 3455 πλάττεται’
3669 3397 3717 3451 ἂν

496 3510 614 3549 ram
638 3502 916 3548 naturam.
944 3487 1234 3557 Accipiens
1265 3484 1442 3538 solum
1501 3498 1757 3554 granum,
1817 3497 2003 3537 corrur

2210 3490 2271 3561 ᾗ,
2316 3488 2377 3541 οὐ
2432 3487 2758 3559 μορφοῦται.
2802 3490 2988 3561 Ταύτῃ
3040 3491 3150 3561 ἄρα
3186 3491 3280 3544 καὶ
3322 3491 3612 3563 μύρμηκες
3653 3507 3717 3542 τι·

495 3587 597 3657 pit,
627 3590 947 3652 corruptum
978 3593 1109 3633 vero
1152 3575 1533 3649 multipliciter
1593 3574 1865 3647 pullulare
1914 3574 2000 3629 fac

2208 3582 2487 3653 μημένους
2536 3583 2664 3647 τοὺς
2699 3583 2935 3647 κόκκους
2978 3584 3058 3646 είς
3103 3584 3210 3653 γῆν
3242 3585 3630 3648 ἀποτίθενται,

496 3692 727 3749 granum
756 3674 812 3728 in
846 3673 1027 3728 varias
1077 3678 1262 3741 partes
1288 3667 1555 3723 formans.
1588 3666 1871 3722 Calamum
1904 3667 2003 3737 spit

2205 3677 2313 3746 ομῇ
2342 3674 2443 3745 τὴν
2473 3675 2582 3729 ἀπὸ
2605 3675 2706 3746 τῆς
2735 3675 3059 3747 νεκρὼσεως
3091 3675 3395 3746 βλάστησιν
3421 3677 3712 3735 κωλύοντες.

496 3770 591 3824 dat
634 3782 736 3839 pro
777 3765 1022 3832 ossibus,
1053 3772 1109 3819 et
1153 3771 1373 3817 tenuem
1398 3776 1498 3833 pro
1524 3761 1675 3832 {pelle
1703 3762 1946 3816 exterius
1975 3776 2003 3815 a

2206 3767 2321 3821 Εδει
2354 3768 2465 3837 γὰρ
2514 3769 2610 3822 καὶ
2654 3769 2963 3839 μυρμήκων
3005 3768 3169 3837 φύσιν
3201 3770 3557 3841 μαρτυρῆσαι
3580 3771 3639 3838 τῇ
3662 3767 3713 3834 τῇ

498 3870 648 3932 aptat
677 3859 1004 3922 tuniculam,
1038 3856 1279 3912 radicem
1312 3854 1546 3910 inferius
1572 3854 1811 3909 vinculis
1840 3853 2005 3924 quibu

2207 3860 2318 3917 ιετά
2344 3860 2552 3932 φθορὰν
2574 3859 2824 3932 γεννὼσῃ
2853 3861 2921 3914 τά
2949 3861 3262 3932 σπέρματα.
3291 3862 3412 3916 Καὶ
3437 3863 3618 3915 σκόπει
3647 3876 3714 3929 μοι

497 3956 624 4009 dam
684 3962 947 4022 tanquam
978 3948 1184 4012 nervis.
1212 3957 1268 4003 et
1301 3948 1458 4003 venis
1485 3946 1678 4017 cingit,
1717 3961 1821 4017 pro
1875 3961 2004 4016 ungt

2206 3952 2273 4024 ἧς
2316 3952 2506 4016 ὠδῖνος
2549 3952 2610 4005 τὸ
2641 3951 2845 4023 θαῦμα.
2896 3952 3155 4007 Λαϐοῦσα
3192 3953 3361 4024 μόνον
3394 3953 3487 4007 τὸν
3514 3954 3713 4012 κόκκον,

498 4048 603 4103 bus
633 4046 820 4115 granis
847 4042 998 4099 addit
1023 4040 1228 4097 aristas
1260 4040 1561 4111 spicarum,
1602 4055 1727 4111 qua:
1756 4048 1949 4094 contra
1974 4053 2003 4091 v

2207 4046 2351 4117 ιθορᾷ
2388 4045 2745 4117 παραδίδωσι,
2786 4044 3067 4114 φθαρέντα
3104 4045 3161 4098 δὲ
3189 4045 3491 4099 πολλοστὸν
3519 4042 3714 4100 ἀναθάλ-

501 4138 681 4191 lueres
710 4141 940 4189 certent.
967 4130 1258 4199 Quomodo
1286 4130 1403 4185 haec
1432 4129 1617 4183 omnia
1650 4144 1718 4183 ex
1750 4143 1861 4183 uno
1899 4142 2008 4196 grai

2205 4155 2254 4192 ει
2305 4137 2444 4211 πρὸς
2487 4137 2709 4193 ποικίλα
2747 4137 2839 4191 τὸν
2884 4138 3085 4191 κόκκον
3126 4137 3549 4208 σχηματίζουσα
3588 4135 3712 4206 μέλῃ.

500 4234 758 4296 corrupto
797 4222 1098 4280 oriuntur?
1126 4220 1243 4278 Hoc
1274 4237 1404 4276 vero
1428 4231 1512 4276 est
1547 4220 1723 4275 multo
1766 4219 1999 4273 mirabili

2203 4229 2284 4302 Τὴν
2336 4230 2591 4301 καλάμην
2630 4232 2744 4293 τοῖς
2785 4230 3046 4300 στάχυσιν
3076 4230 3192 4283 ἀντ’
3223 4230 3437 4284 ὀστέων
3475 4229 3710 4297 ἐντίθησι.

500 4316 929 4375 resurrectione.
960 4313 1097 4369 Nam
1122 4324 1254 4370 tunc
1283 4314 1504 4384 quidem
1532 4324 1780 4369 mortuos
1808 4327 1947 4382 quos
1975 4327 2007 4365 ιι

2206 4324 2271 4381 καὶ
2312 4322 2511 4376 λεπτὸν
2558 4321 2760 4389 ἔξωθεν
2801 4316 2917 4376 οἷον
2954 4323 3076 4377 ἀντὶ
3112 4322 3395 4392 δέρματος
3432 4319 3713 4389 καθυφαενιι

499 4420 620 4466 tura
662 4407 888 4477 accepit,
931 4405 1149 4460 reddit:
1182 4419 1332 4459 nunc
1394 4418 1525 4458 vero
1579 4404 1754 4458 multa
1814 4419 1912 4473 pro
1959 4418 2006 4457 ιιι

2211 4418 2406 4471 ιτῶνα·
2437 4418 2657 4487 δεσμοῖς
2685 4417 2835 4471 κάτω
2858 4416 2958 4488 τὴν
2990 4416 3146 4487 ῥίζαν
3173 4415 3250 4480 ὡς
3269 4416 3492 4489 νεύροις
3516 4417 3617 4470 τισὶ
3643 4411 3712 4466 καὶ

499 4508 717 4555 mortuo
761 4498 827 4554 ad
860 4496 1326 4567 regenerationem
1382 4510 1552 4566 grana
1616 4496 1847 4566 profert.
1901 4496 2005 4551 Od

2205 4508 2341 4579 ιλεψὶ
2372 4525 2440 4561 πε
2451 4508 2728 4578 ρισφίγγει
2747 4547 2762 4571 ,
2793 4505 2911 4560 ἀντ’
2933 4505 3141 4576 ὀνύχων
3174 4508 3288 4570 τοῖς
3312 4507 3539 4569 κόκκοις
3566 4508 3712 4574 tum;

500 4593 760 4648 mentiam
792 4590 1036 4662 gentium
1075 4588 1465 4643 incurabilem!
1500 4586 1697 4644 Vident
1728 4599 1927 4644 terram
1960 4598 2007 4644 tr

2203 4598 2349 4652 ’νῦσα
2390 4598 2488 4661 τάς
2536 4597 2855 4669 μαχομένας
2886 4598 3001 4659 τοῖς
3049 4598 3276 4665 πτηνοῖς
3309 4597 3428 4648 τῶν
3468 4593 3710 4662 datasz

500 4688 715 4741 dentem
746 4683 1021 4755 agricola,
1053 4698 1178 4753 qua:
1215 4698 1323 4737 non
1354 4681 1563 4751 accepit
1590 4700 1603 4737 :
1653 4682 1894 4738 Creatori
1941 4698 2005 4738 ve

2203 4687 2386 4750 ικίδας.
2418 4684 2544 4749 Πῶς
2581 4687 2757 4741 ἅπασι
2789 4685 3001 4750 τούτοις
3038 4685 3095 4752 ἐξ
3124 4683 3241 4749 ἐνὸς
3275 4684 3485 4738 κόκκου
3522 4680 3710 4751 etlapsa.

500 4778 858 4843 reddituram,
908 4792 1049 4846 quos
1078 4774 1159 4829 illi
1184 4775 1337 4846 prius
1368 4784 1618 4831 mortuos
1654 4775 1912 4841 credidit,
1942 4792 2005 4846 sp

2203 4798 2266 4844 ὀς
2300 4781 2334 4850 ἡ
2356 4779 2644 4848 γέννησιςς
2671 4777 2843 4831 Τοῦτο
2869 4777 2970 4849 τῆς
2995 4778 3353 4840 ἀναστάσεως
3384 4773 3710 4846 θαυμαστότε-

501 4886 626 4927 rare
654 4870 865 4924 nolunt.
896 4868 1024 4923 Ideo
1054 4876 1107 4923 et
1135 4867 1338 4922 Paulus
1372 4868 1639 4922 seminum
1679 4871 1935 4940 exemplo
1961 4880 2008 4925 ul

2198 4890 2295 4930 ιον.
2341 4874 2477 4925 Τότε
2510 4871 2610 4942 μὲν
2652 4870 2763 4943 γὰρ
2808 4869 2905 4933 οὓς
2949 4868 3142 4926 ἐλαϐεν
3178 4871 3214 4940 η
3263 4869 3444 4933 κτίσις
3489 4867 3705 4937 νεκροπ.

503 4973 594 5017 tur
621 4963 663 5016 ’.
700 4960 1027 5031 Quanquam
1064 4960 1273 5014 clarius
1309 4961 1509 5015 habeat
1536 4964 1847 5032 exemplum
1887 4963 1955 5018 de
1985 4964 2010 5017 i:

2198 4965 2498 5021 ιναδίδωσι’
2542 4963 2639 5017 νῦν
2678 4964 2736 5018 δὲ
2782 4962 3018 5026 πολλοὺς
3074 4961 3193 5017 ἀνθ’
3228 4962 3350 5025 ἐνὸς
3388 4957 3705 5031 νεκρωθέντυς

501 5053 747 5109 fantibus
779 5052 993 5107 evulva
1040 5051 1237 5106 matris
1303 5052 1724 5122 prodeuntibus.
1781 5051 2006 5108 Format

2197 5060 2255 5121 μίς
2287 5056 2647 5126 ἀναγέννησιν
2684 5056 2921 5118 κόκκους
2962 5053 3332 5125 προϐάλλεται
3363 5052 3468 5126 [αι.
3497 5046 3704 5118 περιϐάλ-

500 5145 649 5201 enim
695 5153 954 5213 tanquam
983 5143 1039 5197 in
1086 5143 1372 5213 sepulcro,
1423 5144 1477 5198 in
1511 5157 1665 5201 utero
1702 5146 1944 5202 nondum
1980 5162 2007 5202 e

2176 5147 2377 5220 λεται].
2429 5150 2493 5201 Ὢ
2530 5147 2633 5219 τῆς
2688 5146 2959 5218 Ἐλλήνων
3014 5145 3238 5201 ἀνιάτου
3290 5140 3680 5215 φρενοϐλαϐείας

504 5239 707 5295 sistens
739 5236 941 5303 infans,
976 5246 1188 5290 natura:
1210 5235 1398 5291 fasciis
1427 5238 1724 5303 involutus,
1779 5248 1832 5294 et
1885 5240 2006 5295 simi

2196 5242 2439 5295 Βλέπουσι
2467 5240 2569 5311 τὴν
2599 5241 2704 5310 γῆν
2730 5237 2961 5309 γεωργῷ
2989 5235 3237 5294 διδοῦσαν
3264 5236 3300 5291 ἀ
3327 5240 3410 5307 μὴ
3439 5231 3703 5306 παρέλαϐε·

503 5339 588 5386 est
648 5336 892 5392 murtuo,
954 5325 1144 5382 fasciis
1189 5329 1588 5398 sepulcralibus
1646 5331 2010 5388 circumstrict

2199 5335 2258 5407 ;ῷ
2288 5336 2483 5408 κτίστῃ
2502 5334 2559 5388 δέ
2582 5333 2788 5404 ταύτην
2811 5331 3116 5386 ἀποδώσειν
3147 5329 3242 5393 οὓς
3263 5331 3403 5400 αὐτῇ
3444 5322 3706 5397 παρακατέ-

500 5420 642 5476 Nam
672 5430 1013 5475 mortuorum
1046 5420 1267 5488 quidem
1311 5421 1494 5476 vultus
1523 5423 1730 5477 arctius
1779 5424 2005 5479 conclus

2199 5430 2335 5494 ίετο,
2367 5430 2471 5482 οὐκ
2515 5426 2817 5491 ἐλπίζουσι.
2853 5424 2953 5478 Διά
2983 5423 3147 5477 τοῦτο
3176 5424 3272 5477 καὶ
3299 5421 3514 5485 Παῦλος
3539 5418 3604 5485 τῷ
3628 5415 3706 5467 τῶν

501 5521 609 5577 est,
645 5525 708 5565 os
754 5509 810 5563 in
835 5517 990 5564 utero
1021 5516 1255 5574 mutum,
1291 5524 1491 5567 manus
1516 5522 1571 5568 et
1596 5514 1757 5582 pedes
1812 5513 1867 5568 in
1888 5524 2008 5570 vent

2201 5519 2517 5592 ιπερμάτων
2549 5516 2953 5589 παραδείγματι
2980 5516 3201 5586 χρῆται,
3228 5512 3475 5581 καίτοιγε
3508 5506 3708 5578 λαμπρά·

507 5610 767 5671 tanquam
797 5601 850 5655 in
876 5601 1087 5657 tumulo
1110 5601 1498 5659 extenduntur.
1540 5603 1727 5663 Matris
1797 5608 2014 5680 egregiu

2200 5630 2340 5686 τερον
2371 5610 2509 5684 ἔχων
2540 5609 2915 5681 παράδειγμα,
2948 5606 3047 5677 τὴν
3071 5608 3135 5661 ἐκ
3162 5606 3377 5677 μήτρας
3405 5602 3511 5658 τῶν
3537 5593 3707 5667 ἀνθρὼ-

586 5720 599 5791 ί
629 5759 790 5818 Rom.
818 5763 1053 5831 vni,19.
1132 5766 1150 5796 ¹
1182 5764 1349 5823 lCor.
1385 5786 1476 5838 xv,
1508 5772 1595 5827 56.
