3816 6220
95 374 224 440 ﬁ93
894 370 1349 433 ORATIONUM
1389 372 1484 432 ET
1524 370 1707 432 HOMI

1813 364 2024 427 A‘RUM
2068 359 2535 422 FRAGMENTA
3226 354 3364 421 1⁸494

88 506 202 541 πων
231 484 482 557 πρόοδον.
538 482 842 537 Πλάττεται
878 484 978 553 μὲν
1017 483 1125 554 γάρ
1167 482 1245 547 ὥς
1288 485 1348 536 ἐν
1395 483 1554 553 τάφῳ
1599 485 1707 553 cf}.

1813 479 1975 534 etibns
2007 474 2319 545 sepulcrum
2354 482 2459 535 est,
2508 482 2563 525 et
2597 470 2909 542 sepulcrum
2943 470 3162 541 quidem
3222 473 3363 527 feto--

91 582 274 651 μήτρα
312 579 408 647 οὐχ
454 578 702 648 ὑπάρχον
734 575 796 628 τὸ
836 574 1036 646 βρέφος
1060 590 1074 604 ⁸
1104 577 1218 639 τοῖς
1251 574 1409 647 παρὰ
1429 573 1519 627 τὸν
1565 572 1666 644 φύ-

1813 574 1928 627 ihus
1963 586 2072 625 non
2098 581 2314 622 carens.
2344 564 2463 618 Tali
2496 563 2639 619 fetus
2671 565 2940 621 formatus
2964 565 3017 619 in
3076 565 3363 637 sepulcro,

92 684 220 732 σεως
253 668 313 721 δὲ
341 667 694 737 ἐνειλημένον
736 666 1104 735 σπαργάνοις,
1154 666 1443 736 προσέοικε
1485 662 1665 736 νεκρῷ

1813 665 2067 721 )rmantis
2118 672 2312 718 nutum
2380 673 2613 715 vocatus
2674 659 2939 730 sequitur.
2998 657 3144 726 Quid
3196 659 3367 728 igitur

88 763 355 833 δεδεμένῳ
392 761 650 830 κειρίαις.
688 759 1022 815 Κέκλεισται
1056 760 1156 831 μὲν
1194 760 1304 829 γὰρ
1350 759 1412 812 τὸ
1452 758 1672 829 βλέμμα

90 856 303 927 νεκρῶν
354 853 778 925 ἀκριϐέστερον,
838 852 1123 923 ἄπρακτον
1174 854 1233 906 ἐν
1283 854 1350 923 τῇ
1408 851 1563 922 νηδύϊ
1610 850 1673 904 τδ

94 945 290 1014 στόμα,
328 946 508 1015 χεῖρες
542 944 634 998 καὶ
671 945 851 1010 πόδες,
891 946 966 1006 ὡς
1004 941 1147 1015 σορῷ
1181 944 1248 1013 τῇ
1282 942 1485 1011 γαστρὶ
1517 958 1675 995 συνε-

94 1040 416 1091 κτέτανταιο
450 1038 619 1106 τάφος
663 1036 899 1108 ἀκριϐὴς
927 1038 1040 1099 τοῖς
1084 1034 1347 1105 ἐμϐρύοις
1383 1036 1417 1105 ή
1456 1036 1673 1105 μήτρα,

94 1131 263 1198 τάφος
306 1128 427 1181 ούδέ
455 1129 554 1199 τῆς
583 1126 690 1181 τῶν
725 1126 1026 1197 μνημάτων
1062 1126 1323 1189 δυσωδίας
1368 1123 1675 1197 ἐλεύθερος.

96 1225 417 1297 Τηλικούτῳ
449 1225 508 1279 δὲ
552 1225 615 1278 τὸ
652 1224 855 1297 βρέφος
891 1223 1348 1295 ἐμμορφούμενον
1398 1223 1678 1294 μνήματι,

1780 759 1873 814 tali
1904 757 1967 812 B.
1991 757 2197 812 Paulus
2217 755 2467 826 exemplo
2492 755 2570 809 uti
2605 769 2729 808 cum
2761 754 3052 823 potuisset,
3073 759 3217 808 tacet
3248 750 3361 805 for-

1782 852 2077 906 mationem
2114 850 2180 904 ad
2210 849 2377 903 vitam
2436 846 2779 916 in-sepnlcro
2834 845 3046 910 vulvae,
3088 844 3360 899 seminum

1782 959 1915 999 vero
1939 942 2298 999 similitudine
2326 940 2789 995 resurrectionem
2825 938 3114 991 conﬁrmat
3137 935 3365 991 ?‘Scivit

1783 1037 1968 1090 vivum
2014 1035 2067 1088 in
2121 1042 2279 1087 utero
2314 1047 2499 1087 semen
2561 1032 2803 1085 formare
2860 1028 3076 1092 fetum,
3114 1029 3366 1099 quaesivit

1784 1143 1918 1183 vero
1948 1136 2293 1182 mortuorum
2318 1123 2685 1195 quorumdam
2722 1121 3169 1177 reviviscentium
3202 1138 3367 1194 aspe-

1788 1220 2041 1276 ctabilent
2074 1217 2519 1283 similitudinem,
2552 1224 2606 1271 et
2626 1216 2749 1270 ideo
2778 1215 2844 1270 ad
2859 1214 3071 1270 semina
3100 1214 3365 1284 respexit.

97 1312 171 1383 τῷ
196 1312 295 1366 τοῦ
331 1311 669 1383 μρφοῦντος
714 1312 908 1365 ἐπεται
951 1312 1288 1382 καλούμενον
1321 1311 1574 1383 νεύματι.
1616 1310 1683 1364 Τί

1813 1314 1971 1368 ἶτοηε
2001 1312 2145 1366 enim
2164 1318 2289 1381 post
2312 1317 2545 1364 mortem
2570 1317 2625 1363 et
2656 1308 3062 1378 corruptionem
3093 1322 3157 1361 ex
3185 1315 3372 1376 putre-

98 1401 159 1471 δὴ
192 1401 453 1455 τοσοῦτον
490 1404 519 1456 ὁ
566 1402 840 1474 μακάριος
878 1402 1092 1465 Παῦλος
1118 1401 1457 1472 κεκτημένος
1503 1401 1686 1472 παράν

1813 1403 2033 1458 ’actione
2072 1400 2430 1467 reviviscunt,
2460 1408 2513 1456 et
2541 1409 2725 1468 aperte
2755 1407 3098 1452 mortuorum
3130 1410 3373 1451 resurre-

100 1494 337 1564 δειγμα,
385 1496 516 1567 σιγᾷ
559 1496 659 1566 μὲν
698 1495 801 1569 τήν
834 1498 894 1552 ἐν
922 1496 1191 1567 τῷητάφῳ
1213 1498 1314 1566 τῆς
1352 1497 1570 1567 μήτρας
1607 1498 1687 1560 είς

1813 1496 2031 1550 :tionem
2067 1494 2369 1549 declarant.
2466 1488 2467 1493 “

103 1588 249 1662 ζωὴν
303 1590 712 1665 πλαστουργίαν
736 1636 751 1661 ,
789 1595 1123 1665 σπερμάτων
1155 1594 1212 1648 δὲ
1246 1593 1437 1658 τύποις
1476 1594 1687 1665 βεϐαιοῖ
1721 1594 1822 1665 τὴν
1861 1594 2193 1665 ἀνάστησιν;
2261 1594 2414 1666 ᾜδει
2444 1591 2628 1656 ζῶσαν
2659 1594 2727 1665 τῇ
2784 1591 2942 1663 νηδύϊ
2969 1590 3067 1663 τήν
3099 1589 3170 1644 τὰ
3197 1590 3372 1663 βρέφη

105 1680 316 1752 σπορὰν
364 1682 839 1748 διαπλάττουσαν,
897 1684 1084 1753 ἐζήτει
1142 1684 1201 1737 δὲ
1253 1684 1466 1757 νεκρῶν
1518 1684 1682 1738 τινῶν
1715 1684 1931 1755 ὁρατῶς
1971 1682 2300 1749 ἀναζώντων
2329 1683 2552 1736 είκόνα·
2616 1683 2711 1737 καὶ
2751 1682 2842 1736 διὰ
2902 1683 3063 1737 τοῦτο
3095 1682 3374 1752 ἀπέϐλεψε

106 1776 244 1847 πρὸς
295 1774 364 1830 τὰ
412 1775 726 1845 σπέρματα.
780 1776 845 1829 Οί
893 1775 1017 1847 γὰρ·
1053 1777 1242 1830 κόκκοι
1289 1777 1430 1847 μετὰ
1473 1777 1571 1847 τὴν
1617 1778 1681 1828 ἐκ
1722 1774 1939 1845 σήψεως
2002 1774 2272 1847 νέκρωσιν
2297 1774 2393 1828 καὶ
2429 1772 2639 1844 φθορὰν
2665 1773 2931 1840 ἀναζῶσι,
2968 1775 3063 1829 καὶ
3132 1775 3376 1845 γίνονται

107 1870 205 1940 τῆς
271 1868 381 1922 τῶν
436 1868 672 1939 νεκρῶν]
702 1870 1056 1936 ἀναϐιώσεως
1108 1874 1510 1944 ἐναργέστατον
1542 1871 1832 1941 σύμϐολον.

189 1967 429 2032 Ἀδικεῖς
454 1967 554 2039 τὴν
591 1968 772 2041 ψυχὴν
804 1969 1133 2040 συνηγορίας
1165 1970 1555 2040 προσχήματι,
1596 1969 1692 2022 καὶ

1867 1964 2132 2035 lnjuriam
2168 1964 2305 2021 facis
2346 1965 2543 2021 anima:
2572 1974 2837 2036 praetextu
2874 1966 3188 2037 patrocinii,
3231 1976 3289 2024 et
3320 1968 3377 2024 in

106 2062 173 2129 τῇ
220 2060 363 2131 πρὸς
407 2061 468 2115 τὸ
513 2062 674 2132 σῶμα
723 2062 870 2135 μάχῃ
900 2065 1023 2117 κατ’
1064 2063 1282 2133 ἐκείνης
1320 2064 1537 2135 ὁπλίζῃ.
1579 2064 1691 2126 Τὰς

111 2155 220 2224 γὰρ
270 2154 381 2210 τῶν
440 2155 835 2227 πραττομένων
894 2156 1135 2227 ἀμοιϐὰς
1192 2156 1269 2229 μὴ
1334 2155 1572 2227 μερίζων
1622 2158 1691 2227 τῇ

110 2248 293 2319 ψυχῇ,
346 2246 442 2301 καὶ
482 2248 581 2319 τὴν
607 2250 708 2318 τῆς
741 2250 942 2320 σαρκὸς
989 2249 1064 2312 ὡς
1113 2250 1251 2322 μόνῃ
1293 2248 1693 2321 πλημμελούσῃ

112 2342 388 2413 τιμωρίαν
420 2342 664 2410 είσάγεις
695 2341 796 2413 [αι.
850 2339 1242 2414 συνεισάγεις].
1283 2341 1348 2395 Ei
1380 2343 1490 2411 γὰρ
1516 2342 1696 2411 ψυχῆς

117 2434 292 2504 μόνης
320 2436 373 2489 ai
408 2434 515 2488 τῶν
541 2435 720 2490 πόνων
759 2435 855 2490 καὶ
893 2434 1409 2506 ἀνδραγαθημάτων
1446 2436 1695 2506 ἀμοιϐαὶ,

114 2527 279 2598 δῆλον
307 2528 388 2582 ὅτι
426 2529 523 2581 καὶ
562 2524 639 2581 ὧν
675 2528 925 2599 ἥμαρτεν
950 2531 978 2583 ό
1006 2529 1294 2601 ἄνθρωπος
1329 2531 1385 2583 ai
1414 2531 1697 2600 τιμωρίαι.

129 2621 273 2675 Ἀλλ’
310 2622 433 2691 ὅρα,
468 2621 544 2693 μή
574 2620 788 2691 σώματι
826 2620 920 2674 καὶ
948 2620 1093 2693 ψυχῇ
1121 2619 1357 2692 καθίζῃς
1386 2622 1509 2675 κατ’
1538 2621 1701 2694 ἀλλή-

115 2713 225 2768 λων
266 2715 575 2786 κριτήριον.
626 2707 795 2784 Σῶμα
834 2715 933 2784 μέν
961 2713 1068 2786 γὰρ
1104 2713 1333 2778 εἰκότως
1364 2714 1704 2785 καταϐοήσε-

116 2826 211 2862 ται
253 2806 359 2880 [αι.
410 2805 786 2879 διαϐοήσεται]
829 2806 1040 2876 ψυχῆς,
1096 2805 1206 2858 τῶν
1255 2804 1704 2876 κατορθωμάτων

120 2899 291 2955 αὑτοῦ
319 2899 418 2963 τὰς
446 2898 613 2970 τιμὰς
632 2897 988 2969 ἀρπαζούσης
1010 2914 1023 2928 ·
1054 2897 1202 2969 ψυχὴ
1232 2898 1277 2951 δ’
1311 2894 1377 2952 αὖ
1413 2897 1667 2967 σώματος
1687 2938 1704 2963 ,

120 2995 222 3057 τὰς
268 2991 630 3064 ὀφειλομένας
679 2990 901 3061 πληγὰς
944 2992 1139 3060 ἐκείνῳ
1195 2991 1331 3063 μόνη
1374 2992 1703 3062 εἰσπραττο-

127 3087 287 3157 μένη.
339 3085 559 3141 Μᾶλλον
599 3084 644 3137 δ’
685 3084 949 3157 ἑκάτερον
978 3082 1160 3138 αὐτῶν
1188 3082 1517 3155 παροξύνεις
1569 3082 1709 3136 κατὰ

123 3177 220 3231 τοῦ
257 3176 480 3250 κριτοῦ·
507 3176 571 3231 τὺ
607 3177 730 3247 μὲν,
762 3171 843 3239 οἷς
871 3176 990 3230 δέον
1020 3175 1163 3245 ἔχειν
1193 3176 1429 3246 ἀμοιϐὰς
1452 3170 1528 3228 ὧν
1555 3175 1708 3228 ἐστέ-

130 3288 298 3341 ρηται
317 3287 329 3301 ·
364 3270 471 3341 τὴν
504 3270 560 3323 δὲ
582 3312 596 3336 ,
635 3263 711 3323 ὧν
739 3270 838 3341 οὑχ
866 3268 1116 3331 ὑπαίτιος
1136 3311 1151 3335 ,
1181 3269 1299 3321 δέον
1328 3269 1454 3339 μήδ’
1488 3268 1710 3320 εύθυνέ-

129 3359 261 3413 σθαι
319 3354 401 3422 οἷς
451 3359 877 3430 εἰσπράττεται.
930 3359 1153 3429 Σώματί
1214 3376 1283 3430 με
1339 3360 1611 3430 συνῆψας,
1665 3354 1711 3413 ὧ

127 3449 416 3514 Δεσπόταε,
445 3449 547 3520 τὴν
570 3451 882 3521 ἀσώματον,
924 3451 1021 3505 καὶ
1053 3450 1192 3522 μόνῃ
1221 3451 1321 3511 τὰς
1361 3453 1453 3503 ἐπὶ
1479 3452 1579 3521 τῆς
1608 3451 1712 3520 γῆς

130 3544 234 3596 οὐκ
270 3540 604 3606 ἐπίστευσας
632 3541 895 3614 πράξεις,
926 3541 1022 3595 καὶ
1066 3543 1219 3612 παρά
1261 3542 1428 3611 μόνης
1464 3542 1714 3604 ἀπαιτεῖς

130 3634 233 3698 τὰς
273 3633 549 3698 εύθύνας“’
573 3634 667 3687 καὶ
705 3633 899 3703 δίδωμι
941 3633 1097 3696 δίκας
1140 3628 1215 3687 ὧν
1250 3634 1305 3685 ai
1353 3630 1581 3702 πράξεις
1618 3630 1713 3683 τοῦ

135 3728 424 3798 σώματος,
483 3727 685 3798 μέθης,
736 3727 1031 3796 πορνείας,
1079 3726 1550 3797 γαστριμαργίας.
1604 3722 1713 3776 Ποῦ

134 3822 245 3893 γὰρ
273 3820 447 3874 ταῦτα
489 3820 667 3891 ψυχῆς
689 3858 705 3886 ,
754 3819 942 3891 ῶσπερ
988 3818 1210 3887 φθόνος,
1261 3819 1455 3888 τυχὸν,
1489 3818 1522 3889 ἢ
1557 3817 1717 3887 δόξης

135 3913 383 3969 ἀσέϐεια.
435 3914 643 3985 Ὠσπερ
693 3912 804 3984 γάρ
848 3913 909 3965 ού
964 3911 1219 3983 σώματος
1276 3911 1486 3972 ταῦται,
1543 3909 1716 3974 οὕτως

134 4007 250 4061 οὐδ’
295 4007 481 4061 ἐκεῖνα
519 4005 699 4075 ψυχῆς
723 4021 739 4038 ο
774 4005 823 4056 εί
872 4004 968 4056 καὶ
1002 4004 1172 4074 χωρὶς
1220 4001 1453 4072 θατέρου
1489 4002 1718 4072 θάτερον

136 4098 310 4170 ἀργὸν
343 4098 477 4169 πρὸς
517 4098 776 4166 ἑκάτερα.
826 4096 900 4149 Τὸ
941 4095 1099 4165 σῶμα
1130 4095 1175 4147 δ’
1211 4093 1277 4147 ἂν
1309 4093 1446 4147 ἄλλα
1486 4110 1545 4146 τε
1582 4093 1716 4164 φαίη

136 4194 347 4251 δίκαια,
381 4191 476 4244 καὶ
527 4191 602 4251 ὡς
654 4187 928 4258 Ἑγὼτὴν
978 4187 1119 4258 ὺπέρ
1161 4184 1255 4239 σοῦ
1281 4186 1558 4257 τελευτὴν.
1602 4185 1717 4237 ἀλλ’

136 4286 240 4356 οὐχ
262 4282 465 4355 ήιψυχὴ
497 4282 736 4352 δέχεται.
761 4280 896 4333 Οὐδὲ
929 4278 1041 4350 γὰρ
1069 4277 1317 4346 πέφυκεν
1346 4277 1501 4346 ἐμὸν,
1526 4276 1589 4329 τὸ
1618 4293 1721 4328 πο-

130 4383 253 4432 ’νεῖν
281 4378 369 4431 διά
411 4376 539 4440 τοὺς
571 4375 699 4436 σοὺς
740 4372 941 4442 νόμους
987 4369 1300 4441 νηστείαις,
1345 4368 1715 4438 ἀγρυπνίαιςο

138 4471 228 4527 διὰ
262 4469 368 4522 τῶν
396 4467 544 4539 ἐμῶν
590 4465 768 4537 μελῶν
800 4466 833 4533 ἡ
863 4462 1152 4534 παρθενία.
1190 4460 1315 4524 Πῶς
1348 4458 1441 4513 οὖν
1476 4459 1721 4513 οὐκ-ἀδι-

139 4581 261 4622 κον,
294 4561 440 4631 ἐμῶν
467 4560 578 4612 τῶν
612 4558 789 4612 ἄθλων
823 4555 1015 4619 ὄντων,
1046 4552 1146 4623 τὴν
1168 4552 1346 4623 ψυχὴν
1378 4552 1550 4621 χωρὶς
1584 4549 1720 4620 ἐμοῦ

1793 2074 1973 2129 pugna
2003 2060 2269 2115 adversus
2303 2075 2507 2130 corpus
2533 2069 2725 2115 contra
2765 2061 2943 2131 ipsam
2996 2061 3240 2118 animam
3289 2079 3380 2117 aro

1795 2153 1989 2208 maris.
2019 2152 2311 2209 Factorum
2344 2155 2489 2209 enim
2523 2155 3000 2211 remunerationes
3046 2171 3170 2212 cum
3196 2157 3378 2212 anima

1799 2261 1907 2299 non
1942 2246 2381 2311 communicans,
2414 2256 2468 2302 et
2495 2249 2648 2303 carni
2669 2249 2909 2305 debitam
2940 2267 3160 2322 poenam
3183 2253 3381 2309 anima:

1800 2346 2063 2407 tanquam
2095 2338 2209 2392 sola
2234 2348 2537 2408 peccasset,
2592 2339 2832 2411 irrogas.
2867 2340 2926 2397 Si
2985 2344 3133 2398 enim
3195 2345 3383 2400 anima

1801 2428 1917 2482 sola
1950 2431 2452 2485 remunerationem
2499 2432 2771 2488 bonorum
2813 2449 3040 2504 operum
3103 2437 3383 2493 iaborum—

1801 2534 1908 2589 que
1943 2520 2162 2587 habeat,
2198 2529 2345 2591 patet
2370 2523 2535 2576 etiam
2561 2538 2754 2578 eorum
2788 2525 2992 2595 quibus
3033 2530 3201 2582 homo
3252 2545 3384 2600 pec-

1804 2614 1970 2679 cavit,
2010 2630 2224 2684 pmnam
2258 2616 2433 2669 solam
2465 2632 2589 2672 esse
2639 2617 2914 2675 daturam.
2979 2618 3085 2677 Sed
3140 2623 3265 2678 vide
3317 2639 3385 2678 ne

1805 2723 2007 2778 corpus
2039 2709 2357 2764 etanimam
2386 2710 2651 2767 adversus
2683 2727 2804 2769 sese
2858 2712 3095 2770 invicem
3135 2715 3189 2769 in
3235 2715 3387 2787 judi-

1806 2794 1953 2848 cium
2000 2810 2184 2850 voccs.
2234 2796 2427 2852 Merito
2462 2799 2609 2853 enim
2643 2815 2846 2871 corpus
2868 2817 2997 2858 cum
3049 2804 3233 2859 anima
3292 2821 3389 2861 ex-

1807 2886 2116 2954 postulat-it,
2143 2887 2188 2942 si
2220 2886 2459 2945 honores
2491 2898 2640 2945 recte
2663 2891 2934 2948 factorum
2967 2893 3072 2949 sibi
3102 2896 3388 2963 adimeret,

1810 2980 2383 3050 animaque-vicissim
2438 3000 2563 3040 cum
2628 3002 2881 3057 corpore,
2914 2991 2963 3045 si
3028 2992 3243 3048 debitas
3313 2994 3390 3049 illi

1810 3089 2003 3143 poenas
2031 3092 2088 3130 se
2118 3078 2297 3131 solum
2337 3078 2548 3134 videret
2601 3084 2881 3138 sustinere
2909 3095 3186 3153 oportere.
3243 3086 3391 3154 Quin

1812 3167 1997 3235 potius
2027 3177 2327 3240 utrumque
2358 3181 2549 3226 contra
2590 3171 2835 3241 judicem
2893 3175 3139 3233 incitas:
3190 3193 3394 3250 corpus

1815 3261 2063 3328 quidem,
2085 3263 2217 3332 quia
2247 3265 2627 3333 retributione,
2645 3280 2810 3336 quam
2836 3280 3103 3334 meretur,
3122 3273 3393 3342 privatur;

1815 3352 2054 3406 animam
2097 3371 2246 3419 vero,
2290 3356 2434 3425 quod
2465 3372 2657 3411 eorum
2707 3375 2943 3429 quorum
2978 3378 3087 3417 non
3118 3371 3205 3418 est
3263 3380 3399 3419 con-

1815 3448 1953 3510 scia,
1982 3462 2157 3516 paenae
2186 3449 2256 3500 ab
2281 3463 2346 3501 ea
2376 3449 2695 3518 exigantur.
2713 3448 2992 3520 Cupulasti
3019 3467 3129 3519 me,
3153 3470 3187 3509 ο
3212 3453 3398 3510 Domi-

1816 3552 1907 3603 ne,
1943 3538 2162 3606 corpori
2191 3539 2593 3608 incorpoream,
2626 3548 2681 3595 et
2702 3541 2805 3596 soli
2842 3542 2977 3597 mihi
3008 3559 3096 3600 res
3149 3553 3398 3601 terrenas

1815 3647 1922 3684 non
1960 3632 2312 3697 commisisti,
2354 3643 2408 3686 et
2439 3649 2468 3685 a
2502 3648 2589 3688 nte
2629 3635 2745 3689 sola
2773 3650 2992 3706 pcenam
3022 3638 3225 3708 exigis,
3255 3648 3307 3695 et
3329 3641 3399 3697 do

1815 3734 2009 3790 poenas
2036 3736 2230 3775 eorum
2276 3721 2483 3788 quibus
2522 3739 2729 3795 corpus
2762 3729 3031 3797 peccavit,
3088 3729 3397 3796 ebrietatis,

1816 3811 2227 3879 forniCationis,
2260 3816 2420 3886 gulae.
2457 3814 2557 3871 Ubi
2588 3819 2734 3873 enim
2769 3821 3036 3875 sunthaec
3059 3822 3258 3877 animae
3281 3838 3399 3893 pro-

1817 3904 1956 3974 pria,
2000 3915 2061 3959 ut
2089 3906 2293 3963 invidia
2345 3907 2508 3978 forte,
2561 3912 2648 3966 vel
2700 3911 2966 3968 haeresis?
3022 3913 3398 3981 Quemadmo-

1818 3998 1947 4051 dum
1983 3999 2131 4052 enim
2164 3998 2280 4055 haec
2315 4017 2423 4056 non
2452 4010 2583 4057 sunt
2631 4004 2901 4074 corporis,
2935 4004 3017 4061 sic
3069 4022 3251 4077 neque
3304 4008 3399 4064 illa

1818 4090 2037 4159 animae,
2070 4091 2173 4147 etsi
2201 4092 2435 4148 alterum
2474 4094 2594 4150 sine
2621 4095 2796 4151 altero
2854 4097 2923 4151 ad
2990 4108 3221 4169 utraque
3284 4100 3403 4157 ine-

1822 4194 1994 4254 ptum.
2033 4185 2246 4258 Corpus
2298 4205 2430 4243 vero
2474 4207 2599 4246 cum
2646 4192 2751 4246 alia
2797 4207 2898 4263 pro
2931 4208 2990 4250 se
3036 4194 3185 4250 dicat
3226 4196 3401 4266 justa,

1825 4290 1939 4333 tum
1979 4296 2081 4351 ego
2128 4291 2317 4351 prote
2349 4292 2582 4351 mortem
2609 4285 2840 4354 oppetii,
2874 4300 2987 4341 non
3023 4288 3228 4342 anima.
3280 4288 3401 4343 Non

1821 4373 1969 4428 enim
2009 4390 2193 4431 meum
2243 4385 2343 4430 est‘
2361 4376 2613 4432 laborare
2653 4378 2725 4433 ob
2755 4378 2900 4449 leges
2933 4390 3055 4436 tuas
3098 4380 3325 4452 jejuniis
3351 4391 3407 4438 et

1821 4467 2045 4537 vigiliis.
2077 4467 2181 4523 Per
2211 4470 2458 4525 membra
2492 4486 2612 4526 mea
2636 4473 2945 4543 virginitas.
2984 4473 3278 4540 Quomodo
3303 4477 3407 4548 igi-

1827 4570 1913 4614 tur
1945 4575 2052 4614 non
2093 4560 2367 4632 iniquum,
2407 4578 2531 4617 cum
2566 4580 2687 4618 mea
2735 4565 2846 4620 sint
2906 4568 3226 4633 certamina,
3283 4570 3408 4623 ani-

140 4655 445 4726 λαμϐἀνειν
486 4651 558 4705 τὰ
583 4650 834 4715 ἕπαθλας
866 4646 960 4711 Τίς
1003 4645 1157 4709 λύσις
1196 4645 1373 4698 αὐτῶν
1398 4645 1498 4714 τῆς
1520 4642 1707 4712 δίκηςῑ

1827 4669 1971 4706 mam
2002 4654 2119 4709 sine
2162 4670 2253 4709 me
2278 4669 2539 4710 coronam
2572 4656 2866 4727 accipere?
2896 4657 3028 4725 Quae
3056 4668 3141 4714 est
3190 4670 3409 4717 senten—

143 4748 359 4813 Κοινὸς
400 4748 432 4800 ό
476 4743 712 4815 μισθὸς,
758 4739 955 4795 κοιναί
1002 4741 1063 4792 αι
1108 4736 1350 4798 πων-αι,
1394 4735 1483 4789 ὅτι
1522 4736 1720 4789 κοιναί

143 4839 348 4897 αὐτῶν
390 4841 451 4892 αἱ
509 4836 771 4905 πράξεις.
807 4832 925 4887 Κᾶν
974 4830 1062 4884 ἐπ’
1096 4830 1255 4884 ἐνίων
1290 4828 1353 4882 τὸ
1395 4828 1583 4898 ἓτερον
1628 4825 1725 4879 τοῦ

148 4933 525 5005 συγκρίματος
553 4928 868 4982 πλεονεκτεῖ
898 4922 995 4978 τοῦ
1033 4922 1243 4994 ἐτέρου,
1276 4920 1373 4975 καὶ
1405 4918 1503 4990 τὴν
1535 4917 1728 4981 συζευ-

145 5029 373 5100 χθεῖσαν
394 5023 489 5078 ἀπ’
512 5021 688 5093 ἀρχῆς
717 5021 797 5082 εἰς
825 5017 1040 5079 κοινοὺς
1069 5015 1268 5077 πόνους
1294 5011 1463 5067 δυάδα
1492 5010 1571 5062 δεῖ
1600 5011 1729 5078 ὁμο-

146 5120 359 5189 λογεῖν,
396 5116 489 5170 καὶ
518 5113 718 5167 εἰδέναι
739 5152 755 5176 ,
785 5109 982 5164 κοινῶν
1011 5106 1251 5162 καὶ-τῶν
1280 5104 1563 5173 στεφάνων
1590 5102 1725 5189 ἀπο-

145 5187 337 5265 λαύειν
375 5206 459 5276 ἐφ’
498 5199 580 5267 οἷς
619 5201 905 5269 νενίκηκε,
937 5198 1034 5251 καὶ
1083 5196 1165 5260 είς
1192 5192 1380 5257 κοινὰς
1408 5187 1722 5258 ἀπάγεσθαι

145 5291 525 5374 τιμωρίαςῶν
554 5293 1001 5367 ἐπλημμέλησεν.

154 5504 271 5562 Τοῦ
323 5502 546 5570 αὑτοῦ,
604 5502 675 5555 ἐκ
729 5498 835 5554 τοῦ
900 5499 988 5564 εἰς
1038 5493 1105 5549 τὸ
1161 5493 1378 5563 Πάσχα
1443 5490 1754 5561 δευτέρου·

833 5570 1040 5623 λόγου.

833 5587 906 5623 υιο
946 5587 1040 5623 ου.

238 5669 607 5731 ’Λνάστασιωι
640 5663 739 5735 τῆς
769 5660 861 5715 τοῦ
906 5587 1115 5732 Ιίυρίου
1156 5654 1416 5728 προνοίας
1457 5654 1521 5708 τὸ
1560 5652 1733 5724 κειράσ-

153 5764 307 5815 λαιον
330 5777 343 5790 ·
388 5759 484 5814 τοῦ
520 5756 816 5827 κεφαλαίου
863 5753 920 5807 δὲ
949 5750 1098 5821 ψυχὴ
1136 5746 1581 5820 μνημονεύουσα,
1638 5745 1733 5798 καὶ

157 5855 385 5931 τῇςπερὶ
415 5854 507 5910 τὸν
538 5850 831 5923 εὐεργέτην
856 5846 1178 5919 εὐχαριστίᾳ
1210 5842 1463 5909 συζῶσα,
1495 5843 1612 5905 ταῖς
1639 5840 1732 5894 τοῦ

1826 4747 1899 4802 tia
1935 4761 2126 4801 corum
2159 4748 2353 4817 judicii
2397 4765 2410 4802 :
2447 4749 2756 4804 Communis
2785 4768 3003 4815 merces,
3039 4763 3088 4807 et
3113 4756 3408 4810 communis

1823 4856 1996 4910 paena,
2023 4843 2148 4912 quia
2178 4843 2342 4896 etiam
2371 4844 2610 4913 utrisque
2640 4846 2944 4898 communia
2966 4861 3128 4916 opera
3147 4847 3365 4916 fuerunt
3389 4849 3415 4900 ?

1826 4930 2154 5003 Quanquam
2190 4935 2245 4989 in
2282 4935 2561 5005 aliquibus
2592 4937 2948 4991 contentione
2981 4954 3150 4992 unum
3182 4951 3413 5008 superat

1826 5024 2059 5079 alterum
2090 5042 2103 5079 :
2137 5033 2192 5080 et
2223 5025 2326 5080 sibi
2357 5026 2592 5081 invicem
2628 5028 2922 5097 conjuncta
2969 5026 3141 5083 fuisse
3194 5029 3265 5084 ab
3302 5029 3413 5083 ini-

1833 5116 1912 5170 tio
1941 5118 2010 5170 ad
2042 5131 2366 5173 communes
2400 5118 2620 5175 labores
2666 5120 2969 5187 obeundus,
3019 5121 3411 5187 conﬁtendum,

1834 5218 1889 5264 et
1919 5210 2230 5276 sciendum,
2280 5220 2337 5267 et
2379 5212 2494 5266 fore
2521 5221 2582 5268 ut
2612 5228 2937 5270 communes
2979 5230 3213 5271 coronas
3260 5227 3414 5286 parta

1834 5304 2068 5360 victoria
2104 5306 2399 5375 accipiant,
2432 5316 2487 5361 et
2516 5307 2791 5378 inquibus
2811 5316 3135 5376 peccarunt,
3169 5325 3417 5366 commu-

1834 5414 1932 5454 nes
1969 5416 2163 5470 poenas
2196 5400 2372 5455 luant.

2117 5513 2371 5585 Ejusdem
2402 5516 2575 5571 altera
2603 5518 2778 5571 oratio
2813 5520 2868 5572 in
2895 5517 3134 5576 Pascha.

1913 5651 2262 5708 Rcsurrectio
2293 5660 2379 5707 est
2406 5662 2571 5722 caput
2600 5652 2959 5723 providentiae
3024 5653 3239 5709 Domini
3275 5673 3288 5708 :
3330 5672 3395 5711 ca

1840 5745 1975 5814 pilis
2027 5761 2154 5801 vero
2201 5746 2383 5801 anima
2423 5761 2669 5808 memor.
2722 5756 2779 5801 et
2812 5747 3018 5818 gratias
3054 5762 3220 5817 agens
3259 5748 3423 5803 beno-

1843 5837 2060 5905 factori,
2098 5837 2304 5897 inimici
2339 5839 2549 5911 laqueis
2592 5840 2711 5911 capi
2755 5855 2861 5896 non
2912 5849 3115 5901 octcst.
3176 5842 3421 5897 Asande-
