3816 6220
3702 38 3711 151 l

405 289 540 359 N95
1898 288 1960 347 S.

2089 286 2157 345 LI
3543 290 3656 354 use
3714 234 3717 329 κ

401 408 470 461 ad
500 405 859 476 antiquorum
895 404 1175 468 historias,
1232 410 1287 456 et
1318 401 1530 457 videbis
1561 399 1981 456 resurrectionis

2089 396 2290 468 ἐχθροῦ
2322 396 2633 460 δυσάλωτος
2680 396 2890 467 γίνεται
2945 398 3178 467 πάγαις·
3230 401 3499 472 ’Ᾱνάίηθι
3544 406 3657 475 *9"
3718 386 3721 481 γι

400 500 903 556 adumbrationem.
964 496 1259 552 Brutorum
1302 495 1453 550 enim
1501 504 1696 549 natura
1742 493 1984 548 animata

400 599 586 646 creata
615 596 721 652 est.
741 589 922 644 anima
949 603 1076 644 cum
1095 601 1326 658 corpore
1354 586 1519 641 simul
1544 585 1785 641 condita.
1808 584 1983 639 Adam

402 690 585 737 autem
611 681 733 737 sine
747 679 931 735 anima
948 695 980 735 e
1007 680 1124 734 luto
1144 679 1299 735 ﬁctili
1320 677 1592 732 formatus
1621 676 1763 742 est',
1782 674 1985 729 deinde

399 773 586 830 anima
632 773 993 845 inspiratione
1024 771 1262 827 formata
1307 779 1414 835 est,
1467 769 1625 840 quin,
1682 774 1746 823 ut
1800 767 1986 823 verius

404 864 624 936 loquar,
662 865 1069 935 superinducta
1099 871 1207 919 est.
1242 862 1308 917 Et
1340 874 1683 917 mortuorum
1742 873 1987 915 resurre-

404 958 612 1015 ctionis
639 956 874 1013 Creator
899 957 1264 1028 primordium
1294 957 1477 1010 statim
1509 954 1657 1009 fecit.
1692 951 1811 1007 Non
1836 951 1986 1008 enim

404 1063 437 1105 e
472 1048 648 1105 solida
678 1049 1075 1119 protoplastum
1115 1048 1241 1103 fecit
1268 1049 1523 1114 materia,
1559 1048 1654 1102 sed
1680 1054 1839 1101 terra:
1867 1046 1989 1117 pul-

404 1153 587 1196 verem
640 1139 696 1193 in
742 1137 975 1195 formam
1007 1139 1254 1207 adduxit,
1306 1140 1505 1195 tollens
1556 1140 1627 1194 ab
1666 1138 1826 1194 initio
1881 1140 1986 1194 bo-

404 1229 616 1285 minum
648 1229 1049 1297 infidelitatem,
1081 1231 1235 1301 quia,
1265 1232 1367 1286 etsi
1388 1230 1572 1302 pulvis
1612 1234 1686 1285 sit
1728 1240 1986 1286 mortuus

402 1332 461 1379 et
490 1322 811 1390 immobilis,
846 1323 1007 1380 facile
1035 1325 1219 1379 anima
1256 1339 1549 1394 resurgere
1578 1322 1733 1386 facit,
1766 1333 1822 1379 et
1862 1322 1987 1378 nul-

402 1416 518 1473 lum
552 1418 737 1474 ferens
764 1418 1056 1489 vestigium
1086 1418 1491 1485 vivificationis,
1526 1434 1628 1475 nec
1684 1418 1985 1490 accipiens,

402 1510 726 1583 participem
758 1511 939 1568 reddit
983 1512 1170 1568 vitalis
1198 1512 1629 1583 conjunctionis.
1670 1510 1790 1569 Non
1837 1513 1986 1569 enim

402 1604 764 1674 corruptibile
802 1619 1008 1675 corpus
1079 1604 1231 1671 fecit,
1295 1606 1390 1661 sed
1436 1616 1684 1677 tempore
1741 1607 1987 1677 quodam

403 1697 665 1753 solutioni
701 1697 898 1762 tradit,
929 1698 1282 1755 vitiositatem
1307 1698 1457 1755 vasis
1488 1714 1555 1755 ex
1598 1710 1825 1769 peccato
1858 1716 1988 1770 pur-

403 1804 541 1860 gans
571 1805 637 1845 ac
668 1805 897 1855 sanans,
929 1799 982 1846 et
1016 1790 1388 1861 putrefactum
1422 1795 1631 1859 peccati
1658 1792 2001 1848 mortalitate

403 1882 714 1949 inveniens,
750 1884 947 1939 mortis
968 1883 1194 1939 fornace
1242 1883 1518 1950 dissolvit,
1554 1893 1610 1939 et
1656 1884 1748 1939 ubi
1797 1884 1984 1951 solvit,

402 1989 501 2029 vas
537 1974 911 2045 putrefactum
943 1976 1013 2032 de
1067 1991 1211 2030 novo
1269 1977 1491 2043 format,
1552 1991 1621 2031 ue
1669 1976 1983 2042 admireris,

402 2068 561 2135 quasi
611 2068 863 2125 altiorem
911 2078 1074 2140 captu
1121 2078 1467 2124 mortuorum
1508 2068 1983 2124 reformationem.

402 2158 579 2216 Tanta
610 2160 755 2215 enim
794 2176 885 2217 ars
914 2171 993 2216 est
1023 2160 1233 2215 lictoris
1276 2161 1329 2215 in
1356 2159 1632 2231 tingendo,
1693 2168 1754 2214 ut
1815 2159 1983 2214 etiam

400 2268 559 2323 aqua:
589 2263 843 2307 naturam
877 2253 931 2307 in
966 2252 1267 2308 simulacra
1301 2252 1354 2306 in
1389 2260 1580 2307 ventre
1624 2250 1848 2319 formet,
1877 2251 1985 2309 hoc

402 2344 538 2400 mihi
574 2344 748 2414 magis
794 2342 1113 2398 mirandum
1162 2342 1398 2407 videtur,
1440 2358 1605 2411 quam
1644 2342 1761 2413 ipsa
1798 2357 1986 2398 resur-

402 2437 606 2503 rectio;
638 2437 713 2491 ibi
744 2436 890 2491 enim
921 2452 953 2491 e
990 2436 1214 2506 pulvere
1247 2444 1501 2490 mortuus
1529 2436 1823 2499 formatur,
1847 2442 1904 2489 et
1919 2435 1983 2488 li-

400 2531 565 2600 gulus
613 2518 710 2584 vas
738 2544 769 2584 e
803 2539 948 2584 terra
980 2527 1206 2595 format,
1260 2527 1470 2583 nostris
1524 2527 1737 2583 artibus
1776 2526 1981 2582 similia

399 2631 800 2692 reprmsentans
832 2635 847 2674 :
880 2620 984 2691 bic|
1000 2635 1133 2675 vero
1154 2620 1299 2674 nuda
1320 2619 1569 2690 quaedam
1597 2629 1748 2690 gutta
1776 2619 1983 2674 factum

398 2723 485 2770 est
523 2714 736 2780 lutum,
782 2714 849 2784 et}
882 2727 913 2767 e
970 2722 1127 2783 gutta
1190 2712 1250 2766 fit
1307 2713 1515 2767 animal
1563 2712 1779 2768 ratione
1841 2727 1983 2783 prae-

397 2805 600 2860 ditum.
631 2807 674 2858 0
702 2812 875 2859 artem
906 2819 974 2859 ex
998 2819 1140 2873 aqua
1181 2804 1483 2859 simulacra
1510 2803 1888 2871 lformanteml
1916 2802 1984 2858 Et

398 2912 507 2952 non
539 2895 645 2951 hoc
692 2895 872 2950 solum
900 2895 1099 2949 mirum
1130 2903 1235 2958 est,
1271 2910 1473 2964 aquam
1528 2894 1707 2965 sculpi
1755 2894 1812 2948 in
1861 2893 1983 2947 ani-

398 3003 614 3045 marum
659 2986 1044 3051 simulacrum,
1085 2986 1181 3041 sed
1219 2986 1369 3041 intus
1420 2984 1649 3040 formari
1712 2984 1983 3042 ﬂuctuans

396 3095 605 3136 semen.
640 3079 880 3149 Sanguis
908 3076 1054 3132 enim
1089 3076 1332 3146 undique
1368 3076 1623 3143 bulliens,
1656 3092 1844 3132 semen
1870 3080 1978 3132 huc

386 3182 561 3245 atque
590 3172 720 3227 illuc
748 3180 951 3226 nutans
972 3178 1028 3226 et
1058 3184 1202 3240 aegre
1231 3168 1429 3223 stabile
1456 3166 1608 3233 facit,
1642 3179 1698 3224 et
1740 3169 1852 3224 illis
1884 3169 1979 3224 de-

396 3262 650 3319 cumanis
671 3261 934 3331 agitatum
970 3260 1251 3325 ﬂuctibus,
1285 3261 1527 3315 animata
1582 3268 1765 3315 tamen
1795 3269 1978 3316 statua

308 3344 311 3347 λ
396 3352 697 3425 perficitur.
734 3349 779 3407 0
810 3352 1076 3423 pictorem
1111 3352 1167 3405 in
1221 3351 1507 3405 fluctuanti
1558 3351 1727 3407 linteo
1784 3368 1980 3408 secure

398 3446 750 3519 piugenteml
785 3444 1025 3516 Sanguis
1053 3444 1200 3499 enim
1237 3454 1498 3515 tanquam
1528 3444 1759 3500 linteum
1791 3446 1981 3515 subja-

397 3550 484 3593 cet
534 3537 775 3592 formato
806 3536 964 3593 fetui.
1000 3535 1113 3591 Iloc
1146 3536 1406 3592 Salomon
1445 3539 1613 3593 etiam
1676 3554 1803 3594 cum
1863 3548 1980 3594 stu-

397 3645 528 3701 pore
552 3630 858 3694 admiraus,
896 3627 962 3683 lu
996 3638 1193 3695 uentre,
1225 3630 1427 3700 inquit,
1463 3632 1654 3685 matris
1713 3632 1977 3701 ﬁguratus

396 3738 515 3776 sum
548 3737 697 3786 caro,
732 3720 909 3773 decem
944 3720 1206 3774 mensium
1231 3730 1465 3789 tempore
1494 3722 1814 3793 coagulatus
1859 3739 1978 3777 sum

396 3814 453 3867 in
482 3815 737 3882 sanguine
764 3812 808 3867 ⁸.
844 3804 1071 3868 Femina
1122 3815 1269 3868 enim
1313 3824 1572 3885 tanquam
1614 3816 1844 3886 pictoris
1895 3814 1979 3870 of-

402 3907 564 3962 ficina
590 3906 872 3978 proposita
922 3915 1028 3969 est,
1079 3906 1323 3961 colorum
1362 3924 1494 3961 vero
1543 3909 1829 3963 materiam
1894 3908 1979 3963 vir

396 4000 572 4055 addit.
605 3999 700 4055 Est
729 4015 857 4054 vero
887 3999 1013 4069 quis
1041 4000 1219 4070 pictor
1250 4001 1306 4053 in
1336 4009 1517 4067 utero,
1552 4016 1617 4055 ex
1652 4017 1761 4054 uuo
1791 4002 1979 4057 colore

395 4109 429 4149 e
473 4093 664 4148 multis
691 4094 1053 4164 compositam
1086 4093 1315 4164 pingens
1358 4094 1674 4163 imaginem.
1710 4093 1814 4148 Sed
1841 4109 1979 4164 quo-

401 4187 564 4241 modo
601 4201 632 4240 e
660 4186 935 4241 feculento
966 4186 1176 4241 semine
1208 4184 1381 4239 oculis
1434 4184 1645 4239 addidit
1702 4186 1979 4256 eleganter

397 4276 695 4351 pupillam?
743 4278 1022 4348 quomodo
1069 4291 1101 4331 e
1152 4275 1461 4330 substantia
1496 4275 1643 4329 fluxa
1684 4290 1810 4331 ossa
1842 4290 1977 4331 con-

396 4369 574 4425 didit?
594 4368 877 4440 quomodo
905 4383 972 4422 ex
1002 4368 1182 4423 soluto
1212 4369 1421 4423 semine
1448 4384 1645 4423 nervos
1675 4368 1981 4439 compegit?

2083 491 2184 562 τὴν
2221 491 2332 545 τῶν
2361 490 2668 562 ἀνθρώπων
2698 492 3086 562 ἀρχαιολογίαν
3107 531 3123 558 ,
3156 494 3252 546 καὶ
3284 496 3390 565 τὴν
3420 496 3521 564 τῆς
3546 500 3658 550 ἀνσ-
3722 516 3723 541 ι

2087 580 2333 644 στάσεως
2380 581 2758 651 σκιαγραφίαν
2807 582 3087 652 εὑρήσεις,
3147 583 3215 637 Ἦ
3278 586 3382 654 μὲν
3431 586 3539 655 γάρ
3570 587 3660 639 τῶν
3724 588 3725 621 1

2084 672 2298 741 ἀλόγων
2329 671 2491 742 φύσις
2538 672 2784 743 ἔμψυχος
2818 673 3295 747 δεδημιούργηται
3314 717 3329 740 ,
3360 676 3441 747 τῷ
3471 680 3663 747 σώματι
3726 658 3727 661 Ἴ

2084 765 2187 836 τῆς
2242 765 2424 837 ψυχῆς
2479 766 3154 839 συγκατασκευασθείσης.
3229 770 3485 841 ’Δψυχος
3534 772 3591 825 δὲ
3642 778 3665 825 ὁ

2097 857 2274 929 Ἀδὰμ
2322 857 2496 928 πηλοῦ
2544 858 2972 924 διαπλασθέντος
3023 862 3437 935 μεμόρφωταιο
3482 860 3595 917 εἶτα
3639 870 3665 936 ἡ

2085 949 2234 1022 ψυχὴ
2264 951 2345 1021 τῷ
2377 953 2743 1023 ὲμφυσήματι
2782 955 3141 1025 μεμόρφωται
3162 997 3179 1018 ,
3217 958 3427 1027 μᾶλλον
3455 958 3514 1011 δὲ
3551 960 3668 1029 6.3.1;-

2089 1042 2199 1106 θῶς
2228 1044 2428 1109 εἰπεῖν,
2483 1045 2859 1110 ὲπεισάγεται.
2886 1046 2996 1099 Καὶ
3015 1048 3116 1118 τὴν
3139 1050 3205 1102 ὲκ
3233 1050 3459 1119 νεκρῶν
3487 1050 3669 1115 εὐθέως

2086 1135 2116 1187 ὁ
2152 1134 2408 1203 Πλάστης
2442 1136 2866 1207 προοιμιάζεται
2905 1136 3145 1207 ἔγερσιν.
3188 1141 3319 1194 Οὐδ’
3354 1144 3424 1194 ὲκ
3461 1146 3669 1212 στερεάς

2086 1225 2179 1280 τὸν
2209 1228 2641 1297 πρωτόπλαστον
2673 1229 2992 1300 συντίθησιν
3022 1231 3179 1303 ὕλης.
3201 1233 3342 1288 ἀλλά
3370 1234 3480 1305 τῆς
3505 1237 3603 1304 γῆς
3620 1236 3673 1287 τὸ

2088 1319 2319 1390 χνοῶδες
2346 1320 2608 1391 χαλκεύει
2644 1321 2783 1393 πρὸς
2819 1324 3128 1394 μόρφωσιν,
3160 1326 3367 1378 πείθων
3403 1328 3477 1381 ὲκ
3510 1344 3672 1396 προοιι

2090 1412 2233 1483 μὶων
2270 1413 2364 1467 τὸν
2396 1416 2628 1469 ἄπιστον
2647 1457 2662 1481 ,
2695 1416 2779 1469 ὅτι
2798 1454 2815 1481 ,
2843 1416 2950 1470 κᾶν
2986 1413 3175 1493 χοῦςῇ
3207 1419 3409 1490 νεκρὸς
3436 1420 3537 1473 καὶ
3566 1421 3672 1473 ἀκε-

2086 1522 2283 1577 νητος,
2319 1507 2451 1577 ῥᾷον
2487 1509 2520 1579 ή
2568 1506 2718 1578 ψυχὴ
2762 1508 2903 1579 πρὸς
2942 1510 3246 1564 ἀνάστασιν
3294 1512 3463 1580 ἄγει·
3495 1514 3588 1565 καὶ
3619 1513 3673 1565 τὸ

2091 1598 2214 1670 μηδ’
2241 1600 2365 1668 ἴχνη
2406 1600 2545 1671 μήτε
2573 1600 2740 1654 λαϐὸν
2774 1603 2912 1673 μήτε
2936 1603 3101 1675 φέρον
3136 1602 3411 1668 ζωώσεως
3431 1647 3446 1667 ,
3488 1623 3674 1659 xerun-

2087 1690 2177 1743 νὺν
2206 1694 2446 1745 ποιεῖται
2478 1692 2769 1765 ζωηφόρου
2802 1694 3187 1766 συμϐιώσεως.
3223 1697 3299 1750 Ού
3332 1698 3447 1765 γάρ
3476 1699 3674 1767 φθορᾶς

2087 1782 2149 1836 τὸ
2200 1784 2361 1853 σῶμα
2408 1784 2668 1838 διέπλασε
2715 1788 3133 1859 παρανάλωμα,
3164 1790 3305 1844 ἀλλά
3346 1792 3531 1863 χρόνῳ
3576 1794 3676 1845 τινὶ

2087 1872 2242 1926 λύσει
2282 1874 2644 1945 παραδίδωσι,
2670 1875 2767 1948 τὴν
2794 1879 2860 1932 ἐκ
2890 1879 2991 1949 τῆς
3015 1879 3291 1951 ἁμαρτιας
3314 1881 3410 1935 τοῦ
3451 1884 3675 1945 σκεύους

2086 1967 2373 2035 καθαίρων
2401 1985 2462 2022 τε
2489 1970 2584 2022 καὶ
2632 1968 2933 2041 ἐξιώμενος
2968 1973 3234 2037 κάκωσιν,
3274 1975 3372 2029 καὶ
3410 1978 3483 2046 τῇ
3530 1978 3676 2047 παρὰ

2088 2061 2189 2130 τῆς
2227 2061 2513 2132 ἁμαρτίας
2556 2060 2734 2133 εὑρὼν
2776 2064 3196 2137 σεσαθρωμένον
3226 2066 3558 2139 θνητότητι,
3587 2068 3672 2139 mf

2084 2150 2180 2204 τοῦ
2222 2151 2456 2206 θανάτου
2496 2151 2704 2207 διαλύει
2739 2156 3112 2229 χωνευτηρίῳ,
3160 2160 3258 2212 καὶ
3304 2160 3502 2227 λύσας,
3540 2162 3677 2233 πρὸς

2086 2240 2420 2296 νεόπλαστον
2446 2242 2641 2307 σκεῦος
2672 2244 2735 2297 τὸ
2766 2245 3049 2318 σαθρωθὲν
3073 2249 3426 2305 ἀναπλάττει.
3454 2254 3569 2306 Καὶ
3601 2256 3676 2324 μὴ

2087 2334 2401 2407 θαυμάσῃς,
2453 2336 2529 2399 ὡς
2559 2336 2839 2408 λογισμῶν
2865 2339 3165 2410 ἀνωτέραν,
3194 2341 3290 2413 τὴν
3324 2343 3433 2395 τῶν
3465 2346 3677 2415 νεκρῶν

2085 2428 2507 2497 ἀναχάλκευσιν.
2548 2430 2800 2502 Τοσαύτη
2854 2431 2964 2503 γάρ
3019 2434 3157 2504 πρὸς
3197 2434 3679 2505 ἁγαλματοποιξαν

2084 2521 2118 2589 ὴ
2152 2520 2316 2593 τέχνη
2349 2522 2444 2575 τοῦ
2475 2523 2742 2586 πλάστου,
2773 2525 2850 2588 ὠς
2892 2524 2985 2578 καὶ
3036 2526 3199 2595 φύσιν
3230 2526 3427 2593 ὓδατος
3460 2531 3548 2593 εὶς
3584 2531 3679 2583 ἀν-

2084 2615 2342 2685 δριάντας
2387 2618 2445 2670 ἐν
2484 2617 2684 2689 γαστρὶ
2726 2617 3100 2671 διαπλάττειν.
3136 2618 3307 2673 Τοῦτό
3348 2637 3440 2690 μοι
3490 2638 3679 2691 παρα-

2084 2707 2366 2780 δοξότερον
2399 2710 2496 2764 τοῦ
2542 2712 2673 2783 περὶ
2701 2712 2802 2782 τὴν
2829 2712 3129 2766 ἀνάστασιν
3167 2712 3473 2784 θαύματος.
3528 2716 3683 2771 Ἐκεῖ

2086 2802 2189 2870 μὲν
2219 2803 2328 2873 γὰρ
2356 2804 2422 2856 ὲκ
2445 2802 2569 2873 χοὸς
2590 2804 2782 2875 νεκρὸς
2812 2805 3229 2877 πηλουργεῖται,
3261 2809 3359 2860 xa‘t
3382 2808 3443 2862 τὸ
3476 2810 3683 2874 σκεῦος

2082 2894 2112 2945 ὀ
2151 2895 2430 2965 κεραμεὺς
2462 2896 2527 2949 ἐκ
2566 2897 2665 2967 τῆς
2691 2896 2795 2967 γῆς
2838 2898 3202 2963 ἀναπλάττει,
3252 2898 3529 2970 σύμφωνά
3558 2920 3683 2966 πως

2082 2993 2206 3055 ταῖς
2237 2993 2369 3063 παρ’
2412 2994 2543 3064 ⁴ἡμῖν
2580 2993 2998 3066 ἐνδεικνύμενος
3035 2997 3257 3065 τέχναις
3280 3014 3296 3029 ·
3338 3000 3584 3055 ἐνταῦθα
3620 3004 3684 3057 δὲ

2003 3108 2048 3168 c
2085 3085 2270 3155 γυμνή
2304 3102 2387 3147 τις
2422 3085 2639 3154 σταγὼν
2666 3086 2777 3140 τῶν
2810 3089 3202 3159 πλαττομένων
3235 3089 3451 3159 γίνεται
3476 3095 3682 3165 πηλὸς,

2085 3176 2183 3229 καὶ
2216 3175 2435 3245 λογικὸν
2468 3179 2534 3230 ὲκ
2566 3179 2829 3245 σταγόνος
2869 3180 3179 3237 συντίθεται
3211 3183 3421 3248 ζώδιον.
3460 3187 3530 3238 Ὢ
3558 3187 3687 3257 τέχ-

2085 3286 2183 3339 νης
2220 3268 2279 3334 ἐξ
2308 3268 2505 3330 ὓδατος
2551 3271 2868 3343 γλυφούσης
2899 3273 3229 3345 ἀγάλματα*
3276 3280 3372 3329 καὶ
3407 3278 3470 3331 ού
3514 3278 3684 3333 τοῦτο

2089 3362 2253 3432 μόνον
2290 3364 2592 3433 παρέχεται
2621 3364 2682 3417 τὸ
2709 3364 3016 3435 παράδοξον
3036 3408 3051 3431 ,
3085 3366 3169 3419 ὅτι
3198 3366 3396 3437 γλύφει
3424 3368 3487 3422 τὺ
3529 3369 3682 3443 ὕδωρ

2085 3456 2165 3517 εἰς
2199 3453 2441 3525 ἔμψυχον
2474 3455 2663 3521 ξόανον
2683 3472 2698 3487 ο
2737 3456 2854 3509 ἀλλ’
2885 3458 2969 3509 ὃτι
3002 3457 3100 3511 καὶ
3120 3460 3552 3531 κυματουμένην
3578 3462 3681 3533 τὴν

2084 3545 2252 3615 γονὴν
2288 3544 2437 3597 ἔνδον
2474 3544 2809 3599 τεκτονεύει.
2845 3547 3105 3611 Αἱμάτων
3134 3547 3246 3616 γὰρ
3271 3548 3544 3602 πάντοθεν
3576 3566 3681 3603 πε-

2088 3634 2484 3707 ριδράσσοντες
2541 3635 2871 3707 χείμαρροι,
2934 3637 3273 3708 περιρρεπὲς
3331 3639 3553 3692 ποιοῦσι
3616 3640 3680 3694 τὸ

2086 3728 2299 3800 σπαρὲν
2326 3731 2421 3782 καὶ
2450 3728 2811 3799 δυστήρικτον
2833 3745 2848 3759 ·
2876 3730 2971 3782 καὶ
2998 3728 3111 3802 [τῇ]
3143 3730 3381 3802 τοσαύτῃ
3406 3732 3683 3801 ναυαγούς

2089 3836 2251 3890 μενον
2280 3821 2547 3892 τρικυμία
2575 3822 2671 3874 καὶ
2697 3820 2858 3893 ζάλῃ,
2883 3821 3021 3891 πρὸς
3050 3821 3297 3893 ἔμψυχον
3316 3826 3468 3893 ὅμως
3496 3826 3683 3897 amp-

2082 3913 2294 3977 τίζεται
2344 3913 2656 3985 ἀνδριάντα.
2715 3915 2780 3967 ’Ὠ
2834 3914 3098 3985 γραφέως
3150 3916 3245 3969 ἐπὶ
3301 3916 3683 3989 σαλευομένης

2086 4006 2325 4069 σινδόνος
2357 4006 2619 4075 ἀσφαλῶς
2643 4006 3083 4078 ζωγραφοῦντος.
3120 4008 3193 4061 Τὸ
3221 4009 3339 4078 γὰρ
3373 4007 3539 4082 αἷμα,
3567 4008 3681 4067 οἷον

2086 4098 2278 4152 σινδὼν
2326 4115 2411 4162 τις
2445 4100 2734 4152 ὑπόκειται
2775 4103 2841 4170 τῇ
2875 4099 3252 4172 ’μορφούμενῃ
3285 4106 3446 4175 γονῇ.
3504 4105 3681 4159 Τοῦτο

2084 4192 2181 4245 καὶ
2228 4192 2484 4262 Σολομὼν
2526 4192 3009 4263 ἐκπληττόμενος,
3054 4194 3278 4262 ἔλεγεν·
3323 4196 3431 4251 Ἐν
3476 4200 3678 4266 κοιλίᾳ

2080 4286 2309 4355 μητρὸς
2341 4286 2618 4355 ἐγλύφην
2646 4287 2808 4354 σὰρξ
2828 4327 2842 4351 ,
2880 4287 3283 4357 δεκαμηνιαίῳ
3563 4310 3678 4347 πα-

2084 4378 2211 4447 γεὶς
2237 4378 2308 4431 ἐν
2343 4379 2565 4447 αἵματι.
2607 4378 2909 4447 Πρόκειται
2957 4380 3055 4449 μὲν
3094 4379 3284 4450 ὥσπερ
3325 4381 3676 4451 ζωγραφεῖόν

397 4464 675 4535 quomodo
706 4463 993 4533 sanguinis
1015 4462 1239 4517 canales
1264 4478 1429 4516 venas
1459 4462 1797 4531 desculpsit?
1833 4477 1976 4530 quo-

2089 4488 2134 4524 :t
2165 4471 2228 4524 τδ
2261 4470 2398 4540 θῆλυ
2419 4488 2435 4503 ·
2468 4471 2576 4523 τῶν
2607 4471 2923 4541 χρωμάτων
2968 4472 3027 4525 δὲ
3066 4473 3168 4542 τὴν
3210 4472 3367 4543 ὓλην,
3409 4474 3474 4527 τὺ
3508 4478 3676 4547 ἄρρεν

398 4557 565 4612 modo
602 4555 818 4611 cerebri
855 4556 910 4610 in
929 4556 1107 4626 capite
1145 4554 1452 4609 custodiam
1491 4555 1711 4609 ossibus
1743 4554 1983 4625 aptavit?

397 4648 676 4722 quomodo
710 4648 855 4705 fetus
894 4647 950 4702 in
976 4648 1213 4703 obscura
1245 4647 1495 4717 depictus
1529 4646 1768 4709 ollicina,
1795 4656 1982 4717 aptum

398 4744 771 4799 membrorum
803 4742 971 4796 situm
1003 4740 1250 4811 accepit?
1285 4740 1391 4794 Sed
1411 4750 1671 4810 tanquam
1693 4739 1848 4793 radio
1872 4748 1985 4794 ute-

399 4851 522 4890 rum
568 4818 899 4899 illdstrante,
944 4834 1145 4903 cuique
1208 4833 1345 4901 parti
1379 4834 1661 4902 proprium
1707 4834 1984 4889 membro-

400 4946 521 4985 rum
543 4929 729 4986 locum
758 4928 936 5000 pictor
965 4927 1251 4983 distribuit
1278 4945 1291 4981 :
1329 4929 1570 4983 Amictus
1604 4929 1749 4983 enim
1780 4929 1982 4984 lumine

399 5024 537 5079 sicut
561 5024 867 5078 vestimento
902 5022 945 5086 ⁸,
977 5028 1061 5076 est
1087 5021 1334 5077 occultus
1356 5019 1561 5075 fetuum
1590 5021 1982 5091 pictor.Quem

401 5122 572 5177 David
611 5119 854 5177 celebrat
884 5118 1118 5175 dicendo
1149 5137 1163 5173 :
1205 5118 1328 5172 Non
1350 5118 1677 5173 abscondisti
1712 5135 1769 5171 os
1811 5135 1985 5172 meum

401 5236 435 5270 a
476 5229 546 5282 te,
597 5214 737 5288 quod
765 5214 941 5284 fecisti
969 5214 1022 5267 in
1063 5212 1268 5266 occulto
1305 5214 1347 5265 ‘.
1387 5211 1540 5266 lianc
1566 5228 1596 5267 e
1626 5222 1777 5284 gutta
1832 5212 1985 5283 cogi-

401 5320 524 5365 tans
554 5307 778 5363 fictilem
810 5315 1007 5370 artem,
1049 5314 1300 5374 respectu
1339 5303 1581 5373 figmenti
1611 5318 1643 5358 e
1680 5313 1825 5358 terra
1871 5320 1982 5357 non

400 5402 639 5472 ambigo.
695 5398 923 5466 Quoties
982 5398 1127 5453 enim
1189 5398 1346 5451 video
1411 5397 1675 5451 artificem
1739 5412 1804 5451 ex
1836 5412 1981 5467 aqua

400 5491 726 5548 condentem
776 5497 1035 5551 statuam,
1097 5487 1293 5542 melius
1350 5486 1502 5541 illum
1564 5494 1835 5541 statuase
1870 5497 1983 5541 ter-

402 5604 459 5643 ra
520 5583 685 5637 credo
738 5581 939 5644 facere.
997 5578 1473 5646 Quemadmodum
1504 5580 1651 5637 enim
1680 5581 1881 5653 siquis
1929 5581 1986 5635 in

480 5745 498 5777 ³
523 5743 657 5799 Gen.
695 5758 754 5809 ll,
782 5742 829 5795 7.

2082 4567 2390 4625 ἐπιϐάλλει.
2430 4566 2700 4638 Ἢνθηται
2735 4566 3019 4640 [κάθηται]
3061 4566 3119 4620 δέ
3160 4583 3245 4629 τις
3276 4568 3336 4619 ἐν
3365 4570 3435 4638 τῇ
3490 4570 3675 4638 μήτρᾳ⁵

2082 4659 2410 4729 ζωγράφος,
2463 4660 2523 4726 ἐξ
2562 4659 2679 4723 ἐνὸς
2727 4659 3021 4730 χρώματος
3061 4658 3466 4713 πολυσύνθετον
3507 4677 3677 4713 κατα-

2082 4753 2379 4806 ποικίλλων
2408 4753 2615 4807 εἰκόνα.
2648 4752 2774 4815 Πῶς
2804 4752 2865 4818 ἐξ
2898 4750 3152 4815 ἰλυὼδους
3181 4751 3347 4821 γονῆς
3370 4751 3675 4821 ὀφθαλμοῖς

2082 4845 2379 4915 ὲνηγλάῖσε
2436 4845 2638 4915 κόρην;
2688 4844 2812 4909 Πῶς
2859 4846 2924 4898 ὲκ
2980 4843 3215 4915 ροώδους
3260 4843 3455 4906 οὐσίας
3501 4844 3674 4897 ὀστῶν

2086 4934 2429 5005 συνεπήξατο
2455 4934 2655 5004 φύσιν;
2690 4933 2809 4998 πῶς
2841 4934 2905 4987 ἐκ
2938 4933 3241 5005 λελυμένης
3286 4936 3521 5003 σπορᾶς,
3552 4933 3672 4987 νεύ-

2085 5042 2198 5096 ρων
2241 5024 2542 5096 ὲστερέωσε
2588 5024 2781 5090 τόνον;
2834 5024 2952 5088 πῶς
2994 5024 3245 5093 αἱμάτων
3299 5024 3555 5097 σωλῆνας
3594 5025 3671 5078 δι·

2086 5118 2290 5188 έγλυψε
2319 5118 2419 5181 τὰς
2445 5117 2683 5187 φλέδας;
2720 5117 2838 5181 πῶς
2871 5117 2972 5181 τάς
2997 5118 3108 5171 τῶν
3142 5117 3347 5172 ὀστέων
3383 5120 3674 5191 ἐγκεφάλῳ

2086 5213 2429 5282 περιήρμοσε
2463 5212 2666 5280 θήκας;
2708 5209 2826 5274 πῶς
2852 5212 2910 5263 ὲν
2938 5212 3175 5281 ἀφεγγεῖ
3205 5212 3268 5264 τὺ
3299 5211 3504 5281 βρέφος
3538 5229 3674 5284 γρα-

2088 5304 2324 5374 φόμενον
2385 5302 2717 5375 ζωγραφείῳ
2772 5304 3119 5374 ἀσυγχύτους
3174 5305 3277 5368 τὰς
3328 5306 3439 5358 τῶν
3496 5307 3672 5376 μελῶν

2088 5396 2365 5465 ἀπείληφε
2389 5394 2735 5460 τοποθεσίας.
2774 5396 2919 5450 Ἀλλ’
2946 5396 3137 5468 ῶσπερ
3162 5398 3383 5461 ἁκτῖνός
3405 5415 3553 5461 τινος
3580 5400 3674 5467 τὴν

2090 5487 2256 5560 νηδὺν
2287 5489 2700 5560 ὲναυγαζούσης
2718 5530 2735 5554 ,
2760 5489 2861 5560 τὴν
2882 5490 3090 5545 οἰκείαν
3116 5490 3333 5553 ἑκάστῳ
3358 5490 3468 5544 τῶν
3500 5490 3674 5561 μελῶν

2095 5579 2124 5632 ὁ
2155 5579 2407 5649 γραφεὺς
2439 5580 2735 5637 ἀποδίδωσι
2770 5580 2986 5653 χώραν·
3030 5583 3093 5637 '0
3119 5582 3229 5655 γὰρ
3258 5583 3673 5653 ἀναϐαλλόμε-

909 5742 927 5774 "
963 5741 1090 5813 Sep.
1128 5757 1221 5809 vn,
1264 5744 1310 5798 ι.
1388 5743 1406 5775 ⁸
1439 5741 1585 5800 Paul.
1617 5759 1736 5809 cui,
1772 5742 1825 5796 “2.
1915 5741 1932 5773 ‘
1963 5740 2108 5799 Paul.
2138 5756 2364 5808 usus,
2413 5738 2495 5795 li.
