3816 6220
268 331 294 389 1
312 326 408 389 197

1038 326 1495 390 ORATIONUM
1532 327 1628 388 ET
1666 328 2169 392 HOMILIARUM
2204 330 2687 392 FRAGMENTA.

3394 328 3530 392 1198

264 461 378 509 νος
397 442 524 513 φῶς
546 442 627 507 ὡς
654 441 909 512 ἱμάτιον,
931 443 1197 513 κρυφαῖος
1219 441 1433 509 γίνεται
1453 441 1562 495 τῶν
1591 441 1849 513 ἐμϐρύων

1973 458 2095 513 nqua
2129 444 2300 516 pingit
2331 444 2565 509 litteras,
2603 451 2658 499 et
2690 443 2862 499 lineas
2897 441 3072 507 ducit,
3133 441 3276 499 idem
3332 445 3531 498 melius

270 536 588 608 ζωγράφος.
625 538 723 590 Ὃν
762 538 859 591 καὶ
906 534 1070 589 Δαυῒδ
1107 535 1450 606 δημοσιεύων
1474 574 1490 599 ,
1532 535 1686 590 ἐδόαο
1729 539 1853 591 Οὐκ

268 630 494 698 ἐκρύϐη
540 628 607 683 τὸ
660 629 887 683 ὀστοῦν
921 645 1041 696 μου
1069 627 1188 681 ἀπὸ
1213 629 1350 691 σοῦ,
1395 627 1427 681 ὃ
1456 627 1751 694 ἐποίησας
1785 628 1855 682 ἐν

271 720 479 792 κρυφῇ
516 720 613 793 [αι.
653 719 884 793 μορφῇ]
918 720 1136 788 Ταύτην
1170 721 1267 791 τὴν
1312 722 1375 774 ἐκ
1411 721 1673 788 σταγόνος
1710 723 1857 789 λογι-

272 814 505 885 ζόμενος
529 814 835 885 πλαστικὴν
858 813 996 884 πρὸς
1028 813 1127 884 τὴν
1153 815 1218 866 ὲκ
1251 813 1355 882 γῆς
1382 814 1855 883 ἀγαλματοποιίαν

271 906 336 959 οὐ
383 904 733 975 διαφέρομαι.
771 904 940 958 Ὅταν
983 904 1093 975 γὰρ
1130 904 1222 957 ἴδω
1263 904 1515 973 τεχνίτην
1558 900 1618 969 ἐξ
1666 902 1859 969 ὓδατος

273 995 631 1067 πηγνύμενον
687 995 885 1061 ξόανα,
922 995 1177 1066 ὀξύτερον
1236 996 1399 1048 αὐτὸν
1467 997 1593 1057 τοὺς
1640 999 1705 1049 ὲκ
1756 997 1858 1064 γῆς

275 1087 648 1143 ἀναπλάττειν
700 1088 1028 1156 ἀνδριάντας
1082 1088 1346 1142 πιστεύω.
1404 1089 1616 1157 Ὥσπερ
1659 1091 1768 1158 γὰρ
1811 1090 1864 1142 εῐ

276 1198 366 1244 τις
389 1181 475 1248 ἐφ’
500 1180 691 1243 ὕδατος
714 1180 913 1249 γράφει
944 1180 1274 1252 γράμματα,
1297 1180 1391 1231 καὶ
1418 1181 1685 1248 γραμμάς
1711 1182 1865 1248 ὲγκο-

277 1273 513 1334 λάπτει,
555 1265 710 1335 οὗτος
760 1273 859 1336 τὰς
906 1273 985 1334 είς
1038 1272 1207 1343 κηρὸν
1267 1272 1657 1341 εὐχερέστερον
1694 1275 1859 1343 ἐγχα-

284 1365 474 1437 ράττει
500 1381 515 1397 ’
547 1364 723 1427 οὕτως
768 1367 795 1418 ὁ
830 1368 895 1435 τῇ
944 1364 1133 1436 ῥοώδει
1170 1367 1299 1433 γονῇ
1350 1365 1725 1435 καταγράφων
1771 1369 1864 1419 καὶ

278 1457 598 1527 διαγλύφων
628 1457 697 1509 τά
732 1456 894 1527 μέλη,
936 1458 1065 1527 ῥᾷον
1096 1457 1175 1518 είς
1216 1458 1345 1525 χοῦν
1379 1459 1505 1517 τοὺς
1541 1457 1648 1509 τῶν
1686 1458 1864 1526 μελῶν

280 1550 699 1620 ὲγκαταγράψει
735 1566 794 1601 τε
833 1550 926 1601 καὶ
956 1548 1329 1618 διαμορφώσει
1358 1552 1739 1620 χαρακτῆρας⁸
1776 1553 1867 1604 καὶ

285 1645 315 1695 ὁ
351 1643 459 1714 πρὸ
513 1643 612 1711 τῆς
639 1643 839 1712 ἀρετῆς
872 1639 1015 1695 οὕτω
1059 1641 1153 1693 τοῦ
1187 1640 1439 1711 σώματος
1478 1644 1772 1712 φροντίσας
1809 1645 1867 1696 ὲν

280 1733 474 1805 νηδυῒ,
509 1736 648 1805 μετὰ
686 1734 788 1804 τὴν
840 1732 1103 1804 ἐργασίαν
1154 1734 1255 1802 τῆς
1287 1735 1491 1804 ἀρετῆς
1530 1735 1647 1796 πῶς
1678 1735 1744 1788 διν
1787 1736 1868 1800 είς

282 1802 389 1897 γῆν
405 1802 660 1896 διαρρυὲν
687 1802 884 1896 ἄτιμον
908 1825 1213 1897 καταλείψῃ
1242 1802 1585 1897 [καταλείψει
1621 1826 1689 1880 Η.
1721 1825 1865 1898 8ι.];
1900 1802 1941 1857 Β

286 1918 479 1971 Ἀνελε
502 1918 563 1970 τὸ
581 1918 761 1987 σῶμα,
786 1920 882 1971 καὶ
911 1919 1010 1987 τὴν
1032 1919 1211 1971 κτίσιν
1228 1920 1561 1989 ὲνέκρωσας·
1591 1920 1691 1973 οὐκ
1713 1920 1869 1974 ἔσται

284 2013 495 2069 πλοῖον,
517 2010 717 2080 χειρῶν
730 2012 830 2064 οὐκ
844 2010 1012 2063 ὄντων
1026 2009 1248 2083 [οὐσῶν]
1267 2024 1281 2038 ⁸
1300 2012 1360 2063 οὐ
1382 2012 1590 2065 πλωτὸν
1608 2012 1867 2082 πέλαγος,

285 2099 538 2178 σώματος
576 2101 878 2170 οἰχομένου.
924 2100 1005 2153 Τά
1041 2100 1212 2169 μυρία
1245 2100 1378 2172 γένη
1416 2099 1527 2153 τῶν
1557 2099 1711 2165 ζώων
1759 2101 1867 2171 μά-

282 2194 407 2264 τὴν,
435 2192 560 2246 οὔτε
590 2193 798 2264 τροφῆς
826 2190 885 2257 ἐξ
909 2192 1089 2245 αὐτῶν
1115 2191 1240 2246 οὔτε
1273 2193 1571 2265 θεραπείας
1593 2193 1758 2265 ἄλλης
1787 2193 1869 2266 τῷ

286 2283 500 2354 σώματι
535 2285 974 2355 χορηγουμένης.
1007 2285 1206 2355 Τέχναι
1236 2285 1292 2337 δὲ
1324 2285 1449 2349 ποῦ,
1486 2284 1742 2356 σώματος
1769 2288 1869 2340 οὐκ

283 2376 466 2443 δντος;
519 2371 688 2447 τΩραι
730 2376 788 2430 δὲ
839 2377 935 2429 καὶ
973 2376 1188 2446 ’καιρῶν
1232 2376 1489 2431 εὔτακτοι
1530 2378 1867 2447 μεταϐολαὶ,

285 2467 381 2520 καὶ
427 2465 689 2536 οὐρανίας
718 2466 988 2535 κινήσεως
1015 2467 1253 2536 ἄρρητος
1281 2467 1444 2535 σοφία
1462 2507 1478 2530 ,
1506 2470 1629 2522 τίνα
1661 2469 1727 2522 ἂν
1762 2486 1870 2523 πα-

291 2562 481 2631 ράσχοι
527 2563 719 2632 χρείαν
744 2602 760 2626 ,
795 2563 895 2631 τῆς
934 2563 1259 2632 σωματικῆς
1305 2563 1517 2632 φύσεως
1554 2565 1616 2617 οὑ
1668 2565 1873 2634 παρού-

288 2668 427 2722 σης;
465 2655 575 2707 Καὶ
608 2654 751 2706 πόσα
783 2655 848 2707 ἄν
887 2671 971 2716 τις
1013 2653 1178 2724 ἕτερα
1212 2654 1519 2726 θεωρήσοις
1563 2656 1734 2709 Πόθεν
1779 2652 1872 2710 οὑν

287 2746 437 2818 εὕρω
465 2748 527 2801 τὸ
576 2748 735 2818 σῶμα
780 2748 890 2800 τῶν
933 2748 1242 2819 μελλόντων
1283 2749 1505 2817 δωρεῶν
1535 2748 1780 2814 ἀνάξιον,
1828 2742 1873 2817 ᾧ

285 2840 561 2911 τοσαύτην
611 2841 724 2911 ὁρῶ
786 2841 874 2894 διὰ
933 2843 1155 2895 πάντων
1202 2841 1601 2913 ’δεδωρημένην
1669 2843 1871 2913 τιμήν;

1954 535 2007 589 in
2044 551 2168 589 cera
2212 552 2305 591 eas
2335 535 2666 600 efformabit,
2696 536 2778 591 sic
2804 534 2953 590 fluxo
2978 534 3186 592 semine
3216 535 3449 606 pingens
3477 547 3533 590 et

1955 631 2210 700 sculpens
2239 630 2503 695 membra,
2536 629 2754 685 facilius
2801 629 2855 685 in
2921 639 3123 684 terram
3156 629 3528 684 membrorum

1956 726 2156 791 figuras
2179 726 2383 795 pinget,
2420 737 2473 779 et
2501 722 2802 787 formabit;
2837 730 2894 777 et
2929 723 3023 793 qui
3054 733 3179 776 ante
3206 721 3377 776 ullum
3408 719 3533 774 'vir-

1959 816 2090 870 tutis
2138 816 2391 869 meritum
2424 816 2504 871 sic
2536 815 2784 885 corporis
2811 815 2866 868 in
2904 824 3059 869 utero
3105 828 3292 868 curam
3343 814 3530 881 gessit.

1960 918 2081 977 post
2112 924 2251 977 opus
2278 908 2495 961 virtutis
2526 907 2803 975 quomodo
2827 916 3025 961 terram
3069 904 3391 960 dissolutam
3415 904 3533 958 sine

1962 1000 2169 1054 honore
2208 1000 2519 1069 relinquet?
2546 998 2799 1053 lnterime
2840 1014 3060 1068 corpus,
3118 1005 3173 1053 et
3225 1008 3533 1053 creaturam

1960 1092 2223 1147 occideris
2256 1111 2269 1146 :
2301 1108 2407 1145 non
2438 1093 2545 1147 erit
2581 1092 2736 1146 navis
2765 1090 2886 1147 sine
2920 1090 3198 1151 manibus.
3230 1104 3407 1159 neque
3435 1104 3536 1142 na~

1963 1185 2195 1253 vigahile
2225 1184 2326 1238 erit
2360 1199 2529 1247 mare,
2561 1199 2791 1252 corpore
2845 1193 3087 1237 mortuo.
3130 1180 3276 1237 Mille
3322 1181 3538 1235 anima-

1965 1277 2095 1330 lium
2129 1293 2323 1344 genera
2350 1275 2551 1331 frustra
2583 1287 2763 1341 erunt,
2802 1291 2977 1346 neque
3020 1275 3415 1329 nutrimentum
3471 1288 3539 1327 ex

1965 1368 2071 1421 illis
2097 1377 2259 1432 esset,
2297 1383 2471 1437 neque
2496 1368 2641 1421 aliud
2676 1369 2921 1422 alimenti
2967 1365 3355 1420 ministerium.
3386 1367 3542 1418 Artes

1965 1476 2097 1514 vero
2128 1460 2217 1514 uhi
2251 1468 2433 1521 erunt,
2471 1475 2702 1528 corpore
2730 1475 2836 1513 non
2868 1457 3212 1513 exsisleute?
3238 1454 3399 1508 Horae.
3444 1469 3542 1505 ve-

1967 1566 2030 1604 ro
2064 1563 2113 1606 et
2144 1561 2447 1621 temporum
2472 1551 2739 1605 ordinatae
2775 1552 3127 1608 mutationes,
3161 1558 3215 1601 et
3243 1545 3542 1601 ineﬂ‘ahilis

1967 1647 2409 1700 cmlrstismotus
2457 1644 2743 1713 Sapientia,
2773 1659 2937 1713 quam
2990 1642 3280 1696 utilitatem
3336 1638 3545 1710 praebe-

1970 1745 2113 1801 rent,
2148 1738 2192 1791 si
2227 1752 2456 1806 corpora
2508 1753 2614 1789 non
2661 1735 2903 1791 essent?
2960 1734 3026 1789 Et
3061 1743 3193 1803 quot
3247 1732 3354 1787 alia
3418 1730 3544 1801 quis

1970 1830 2374 1885 considerarit?
2403 1830 2556 1885 Unde
2586 1830 2751 1900 igitur
2779 1828 3050 1883 inveniam
3085 1841 3286 1896 corpus
3342 1823 3546 1879 futuris

1968 1924 2131 1978 donis
2167 1923 2467 1991 indignum,
2502 1921 2588 1976 cui
2622 1930 2834 1975 tantum
2871 1921 2939 1974 ab
3000 1919 3258 1973 omnibus
3318 1932 3547 1972 conces-

1969 2032 2089 2072 sum
2123 2017 2386 2071 honorem
2421 2016 2615 2069 video?
2643 2013 2831 2069 Utrum
2865 2012 3193 2068 existimatis
3214 2010 3392 2065 Deum
3421 2024 3547 2062 cor-

1979 2124 2086 2179 pus
2111 2109 2254 2179 quod
2290 2107 2467 2177 pisces
2495 2108 2855 2161 comederunt
2884 2105 3129 2160 invenire
3180 2118 3289 2157 non
3348 2098 3547 2172 posse?

1970 2212 2023 2255 et
2048 2200 2325 2268 quomodo
2346 2201 2437 2270 qui
2467 2199 2707 2253 infinitas
2725 2198 3082 2269 cogitationes
3101 2195 3268 2249 animi
3289 2195 3543 2265 agitatas,

1970 2293 2241 2347 immistas
2273 2302 2325 2347 et
2359 2294 2707 2352 incontusas,
2738 2292 2899 2344 habet
2958 2289 3229 2358 cognitas,
3291 2295 3542 2340 naturam

1970 2400 2260 2453 corporum
2314 2385 2532 2439 mistam
2575 2400 2680 2437 non
2709 2383 2908 2452 poterit
2936 2377 3307 2436 discernere?
3344 2374 3548 2430 Facitis

1971 2478 2229 2531 nimirum
2254 2477 2595 2530 divinitatem
2655 2474 2972 2529 inferiorem
3040 2470 3247 2526 nostris
3309 2467 3545 2522 artibus.

1970 2569 2082 2624 Nos
2126 2571 2271 2624 enim
2301 2585 2332 2624 e
2367 2582 2524 2623 terra:
2558 2584 2723 2622 arena
2756 2568 2980 2631 vitrum,
3019 2579 3217 2618 aurum
3283 2558 3547 2632 (exempli

1973 2663 2193 2734 gratia),
2222 2679 2318 2725 aes,
2349 2671 2660 2732 argentum,
2696 2660 2809 2730 igni
2836 2660 3052 2720 dantes,
3079 2655 3371 2725 scrupulos
3392 2667 3552 2720 sepa-

1975 2772 2181 2822 ramus,
2212 2766 2267 2811 et
2294 2757 2615 2819 «steterimus,
2648 2753 2860 2809 tametsi
2893 2751 3027 2807 nihil
3051 2752 3246 2804 horum
3270 2748 3325 2803 in
3355 2745 3552 2817 lapidis

1973 2856 2167 2901 natura
2206 2848 2540 2917 apparuerit,
2574 2856 2629 2902 et
2659 2847 2847 2900 vinum
2901 2858 3054 2914 aqum
3087 2842 3396 2897 immismm
3448 2838 3552 2893 ite-

301 2932 443 2985 Ἀλλ’
478 2932 586 3001 ἄρα
620 2933 780 3001 ὑμεῖς
821 2931 1189 3003 ίχθυόϐρωτον
1222 2931 1559 2986 ὑποπτεύετε
1591 2932 1753 3004 σῶμα
1782 2933 1871 2987 τὸν

1977 2954 2097 2993 rum
2140 2939 2193 2991 in
2232 2939 2508 3008 prepriam
2542 2948 2795 2991 naturam
2825 2936 3228 2995 discernentes,
3257 2940 3555 3000 utrumque

287 3022 425 3076 Θεὸν
455 3022 729 3095 ζητοῦντα
772 3024 848 3095 μὴ
878 3023 1167 3095 εὑρήσειν;
1204 3023 1301 3093 καὶ
1335 3024 1452 3086 πῶς
1486 3026 1515 3077 ό
1552 3025 1785 3096 μυρίους
1817 3026 1877 3079 ἐν

1977 3031 2345 3085 restituimns.
2380 3028 2485 3084 Sed
2519 3028 2610 3083 Dei
2641 3038 2883 3099 potestas
2919 3036 2973 3081 et
3024 3024 3291 3094 sapientia
3328 3021 3556 3076 infinitis

287 3114 439 3186 ψυχῇ
465 3114 764 3185 λογισμοὺς
789 3115 1196 3186 στρεφομένους
1223 3114 1303 3184 τῷ
1324 3118 1424 3186 τῆς
1450 3116 1707 3185 γνώσεως
1733 3116 1871 3187 ἔχων

1978 3124 2158 3179 modis
2209 3124 2503 3197 humanam
2536 3131 2706 3176 artem
2741 3131 2795 3175 et
2827 3120 3162 3175 intellectum
3187 3117 3481 3177 excedens,
3502 3123 3559 3168 et

290 3210 513 3279 ἀμιγεῖς
545 3209 640 3262 καὶ
656 3208 998 3278 ἀσυγχύτους
1031 3207 1288 3277 ταμιείῳ.
1316 3207 1417 3279 τὴν
1460 3207 1570 3259 τῶν
1601 3208 1874 3277 σωμάτων

295 3304 552 3373 μιγεῖσαν
587 3303 689 3356 οὐκ
729 3292 1069 3372 ἀναλήψεται
1109 3301 1396 3371 διακρίνας
1427 3302 1627 3370 φύσιν;
1688 3303 1876 3357 ’Δσθε-

291 3395 552 3467 νέστερον
575 3396 637 3449 τὸ
665 3395 825 3449 Θεϊον
855 3397 957 3465 τῆς
996 3396 1128 3466 παρ’
1172 3396 1307 3465 ἡμῖν
1339 3394 1709 3449 ἀναπλάττετε
1754 3394 1878 3466 τέχ-

293 3507 410 3559 νης.
445 3491 557 3544 Καὶ
598 3491 709 3561 γὰρ
747 3492 911 3560 ἡμεῖς
948 3491 1012 3543 ὲκ
1043 3487 1280 3557 γεώδους
1313 3486 1546 3558 ψάμμου
1591 3488 1687 3541 καὶ
1723 3486 1877 3543 ὕελον

293 3584 390 3635 καὶ
446 3583 650 3653 χρυσὸν
711 3583 801 3651 (εί
837 3580 1031 3651 τύχοι)
1084 3581 1179 3634 καὶ
1228 3579 1432 3650 χαλκὸν
1483 3580 1579 3633 καὶ
1634 3579 1876 3650 ἄργυρον

294 3676 432 3746 πυρὶ
458 3676 662 3740 δόντες,
708 3675 780 3730 τὰ
806 3675 1005 3728 λιθίδια
1033 3673 1386 3746 διακρίνομεν
1428 3690 1489 3727 τε
1521 3673 1617 3727 καὶ
1647 3672 1874 3727 ἀποθλί-

295 3767 463 3837 ϐομεν
486 3807 502 3831 ,
538 3768 706 3839 μηδὲν
738 3767 920 3821 αὐτῶν
954 3767 1343 3838 καθορώμενον
1381 3766 1440 3819 ἐν
1470 3769 1537 3838 τῇ
1583 3766 1678 3820 τοῦ
1723 3766 1873 3821 λίθου

294 3858 489 3926 φύσειο
524 3859 619 3913 καὶ
649 3854 792 3913 οἶνον
821 3859 973 3912 ὑδατι
998 3859 1277 3928 κραθέντα
1309 3857 1473 3911 πάλιν
1507 3856 1874 3927 διακρίνοντες

1976 3216 2356 3269 universorum
2393 3224 2642 3267 naturam
2680 3212 2733 3266 in
2760 3226 2818 3267 se
2843 3209 3313 3279 comprehendens
3342 3214 3397 3262 et
3423 3220 3559 3259 con-

1976 3307 2180 3367 tinens.
2218 3315 2272 3360 et
2307 3307 2509 3359 variam
2540 3304 2791 3374 corporis
2824 3300 3311 3371 compositionem,
3366 3305 3422 3353 et
3456 3295 3561 3351 mi-

1977 3400 2212 3455 stionem
2250 3398 2304 3452 in
2336 3406 2548 3452 naturae
2602 3393 2985 3466 promptuario
3015 3407 3209 3462 puram
3242 3396 3557 3446 conservat.

1977 3490 2097 3547 Non
2148 3490 2293 3545 enim
2324 3497 2480 3543 extra
2510 3498 2763 3541 naturam
2796 3487 2848 3540 in
2876 3494 3148 3549 creatura,
3183 3481 3435 3553 corporis
3461 3495 3561 3533 na-

1982 3595 2107 3638 tura
2142 3592 2244 3646 est,
2280 3582 2383 3637 etsi
2414 3596 2510 3651 per
2542 3581 2688 3635 mille
2715 3591 2919 3635 mortes
2945 3578 3079 3633 fluat
3119 3576 3319 3633 soluta.
3352 3574 3481 3629 Ideo
3502 3573 3559 3625 in

1981 3677 2257 3746 propriam
2298 3673 2459 3729 facile
2491 3672 2725 3728 formam
2761 3671 3076 3734 revertitur,
3125 3678 3181 3722 et
3217 3666 3286 3722 de
3349 3664 3562 3719 honore

1981 3766 2293 3835 participat,
2326 3765 2486 3833 cujus
2518 3764 2668 3819 illam
2727 3762 3047 3833 participem
3111 3761 3229 3815 ﬁeri
3289 3755 3559 3829 oportuit,

1980 3871 2105 3911 cum
2138 3858 2303 3912 etiam
2334 3873 2441 3911 una
2467 3857 2776 3913 certaverit.
3156 3873 3168 3879 ’

293 3958 374 4018 εἰς
393 3955 494 4024 τὴν
521 3954 659 4008 ίδίαν
684 3952 868 4024 φύσιν,
891 3952 1354 4020 ἁποκαθιστῶμεν
1382 3952 1664 4021 ἑκάτερον.
1708 3948 1871 4003 Ἀλλά
1912 3948 2019 4019 γὰρ
2069 3951 2103 4021 ἡ
2147 3949 2243 4003 τοῦ
2297 3950 2433 4003 Θεοῦ
2515 3951 2746 4020 δύναμις
2796 3949 2893 4002 καὶ
2938 3946 3102 4016 σοφία
3180 3941 3563 4012 ἀνεπινοήτοις

296 4050 518 4120 μέτροις
550 4051 653 4121 τῆς
724 4049 1075 4121 ἀνθρωπίνης
1124 4048 1220 4102 καὶ
1264 4046 1463 4117 τέχνης
1501 4047 1597 4100 καὶ
1670 4046 1943 4109 συνέσεως
1976 4046 2345 4117 ὑπερέχουσα,
2377 4046 2473 4100 καὶ
2503 4047 2602 4117 τὴν
2631 4044 2739 4099 τῶν
2763 4044 2902 4099 ὅλων
2930 4044 3121 4097 οὐσίαν
3152 4043 3211 4096 ὲν
3236 4039 3402 4108 ἑαυτῇ
3429 4034 3561 4089 συλ-

292 4141 535 4195 λαϐοῦσα
569 4142 665 4196 καὶ
716 4141 1083 4212 περιέχουσα.
1130 4141 1226 4195 καὶ
1258 4140 1359 4211 τὴν
1390 4139 1731 4214 πολύτροπον
1760 4139 1870 4193 τῶν
1910 4142 2180 4211 σωμάτων
2229 4141 2537 4214 σύγκρασιν
2601 4142 2698 4196 καὶ
2772 4139 2920 4212 μίξιν
2964 4142 3024 4193 ἐν
3053 4141 3167 4202 τοῖς
3195 4137 3297 4206 τῆς
3341 4134 3562 4203 φύσεως

294 4235 523 4307 εὐκρινῆ
557 4239 818 4308 συντηρεῖ
848 4235 1137 4304 ταμιείοις·
1177 4235 1253 4289 Οὐ
1284 4234 1393 4307 γὰρ
1443 4234 1548 4301 ἔξω
1616 4234 1714 4303 τῆς
1771 4234 1831 4287 ὲν
1862 4236 1929 4306 τῇ
1970 4236 2148 4289 κτίσει
2185 4236 2403 4305 φύσεως
2450 4237 2485 4306 ἠ
2522 4233 2619 4289 τοῦ
2666 4234 2922 4305 σώματος
2953 4232 3141 4302 φύσις,
3178 4229 3285 4284 κᾶν
3315 4226 3405 4281 διά
3453 4242 3563 4297 μυ-

294 4330 428 4402 ρίων
482 4330 580 4402 ρέῃ
610 4330 846 4401 λυομένη
894 4330 1162 4384 θανάτων.
1209 4330 1300 4383 Διὸ
1331 4330 1469 4401 πρὸς
1514 4329 1614 4399 τὴν
1660 4329 1868 4382 οἰκείαν
1905 4330 2144 4395 εὐκόλως
2188 4332 2524 4398 ἐπανάγεται
2599 4329 2848 4401 μορφὴν,
2884 4328 2980 4382 καὶ⁸
3044 4325 3298 4380 κοινωνεῖ
3326 4320 3439 4375 τῶν
3479 4335 3569 4373 τις

298 4425 437 4494 μῶν,
484 4418 563 4477 ὧν
613 4423 750 4492 αὐτῇ
788 4421 889 4494 [αι.
920 4422 1053 4476 αὐτὸ
1090 4422 1185 4475 καὶ
1215 4421 1390 4494 αὐτῷ]
1446 4423 1740 4492 μετασχεῖν
1766 4421 1875 4476 εδει
1915 4424 2370 4497 συνδιενεγκοῦσῃ
2398 4424 2643 4487 καὶτοὺς
2669 4422 2886 4487 ἄθλους.

300 4535 413 4590 Τοῦ
453 4533 675 4598 αὐτοῦ,
720 4533 790 4586 ἐκ
832 4533 941 4587 τοῦ
986 4535 1074 4596 είς
1117 4532 1235 4599 τὴν
1278 4532 1591 4602 ἀνάληψιν
1638 4531 1874 4601 πρώτου
1906 4539 1952 4594 D

981 4605 1192 4671 λόγου.

869 4694 940 4748 Τὸ
973 4694 1304 4762 προοίμιον.

365 4787 462 4850 El;
491 4785 723 4856 οὐρανὸν
760 4785 860 4856 μὲν
891 4786 986 4838 καὶ
1018 4786 1122 4856 γῆν
1159 4787 1191 4856 ἡ
1222 4785 1324 4855 τῆς
1358 4786 1591 4851 κτίσεως
1619 4787 1879 4858 διαμεμέ-

298 4896 481 4949 ρισται
533 4877 724 4947 φύσιςο
768 4878 869 4930 οὐκ
900 4878 969 4948 ἐᾷ
996 4876 1053 4930 δέ
1090 4894 1157 4945 με
1203 4877 1305 4950 τὴν
1338 4876 1608 4949 διαίρεσιν
1657 4880 1877 4949 βλέπειν

294 4976 329 5041 ἠ
360 4971 646 5041 συνάψασα
681 4972 926 5040 σήμερον
956 4970 1055 5037 τὴν
1091 4969 1271 5023 κτίσιν
1312 4971 1494 5042 χάρις.
1528 4972 1624 5035 Τίς
1654 4973 1763 5041 γὰρ
1809 4975 1876 5027 ἂν

295 5063 441 5116 εἴποι
469 5062 679 5127 λοιπὸν,
712 5059 942 5131 οὐρανὸν
972 5061 1068 5114 καὶ
1100 5061 1206 5130 γῆν
1240 5061 1567 5135 διῃρῆσθαι,
1599 5064 1694 5117 καὶ
1725 5065 1876 5119 κάτω

295 5151 399 5220 τῆς
445 5150 665 5221 φύσεως
692 5150 794 5218 τῆς
832 5150 1011 5220 ἐμῆς,
1065 5151 1161 5203 καὶ
1211 5150 1323 5204 ἄνω
1377 5151 1479 5220 τῆς
1528 5153 1669 5222 ὲμῆς
1718 5153 1875 5224 βασι-

294 5243 596 5312 λευούσης;
643 5242 805 5297 Ἀλλὰ
832 5243 985 5295 κάτω
1011 5240 1129 5311 μὲν,
1163 5240 1242 5294 ἔτι
1274 5245 1338 5312 τῇ
1372 5242 1550 5314 φθορᾷ
1574 5245 1876 5308 τυραννού-

298 5338 471 5407 μεθα·
509 5338 639 5391 ὅταν
684 5334 744 5388 δὲ
778 5336 857 5397 είς
889 5333 1121 5405 οὐρανὸν
1157 5332 1585 5403 άναὸλέψωμεν,
1616 5337 1715 5406 τὴν
1748 5336 1878 5405 φθο-

298 5432 398 5499 ράν
438 5431 473 5500 ἡ
529 5429 692 5497 φύσις
724 5426 1044 5483 ἀποτίθεται
1094 5424 1477 5497 [bno-tiliam].
1522 5426 1720 5479 Βλέπει
1768 5428 1876 5499 γὰρ

297 5524 411 5576 ἄνω
436 5522 541 5593 τὴν
565 5522 675 5575 τῶν
723 5522 875 5577 κάτω
930 5519 1142 5591 νεκρῶν
1176 5518 1552 5588 ηάναστάσιμον
1593 5520 1771 5589 ῥίζαν.
1818 5522 1882 5574 Ὢ

300 5614 527 5685 κέρδους
560 5614 766 5686 ζημίας
805 5614 1185 5686 προελθόντος.
1223 5610 1681 5681 Κατενεχθέντες.
1706 5613 1881 5685 ήρθη-

307 5724 405 5775 μεν
434 5708 515 5771 είς
543 5706 676 5777 ὕψος
694 5724 709 5737 ⁸
738 5706 1006 5770 ὠσθέντες
1025 5747 1040 5771 ,
1066 5706 1149 5767 είς
1189 5700 1414 5773 οὐρανὸν
1445 5701 1545 5772 lal.
1590 5703 1879 5777 οὐρανοὺς]

305 5799 704 5872 ἀνηνέχθημεν.
726 5801 876 5855 "Este
908 5799 997 5853 τοῦ
1032 5794 1363 5869 παραδείσου
1413 5793 1735 5866 πληγέντες,
1768 5797 1871 5865 ἔξω

2086 4535 2343 4608 Ejusdem
2374 4537 2596 4592 homilia
2620 4539 2794 4609 prima
2817 4536 2883 4590 de
2911 4534 3112 4590 Christi
3132 4532 3459 4588 ascanione.

2599 4689 2944 4745 Prowmium.

2054 4783 2111 4840 In
2143 4784 2341 4841 caelum
2366 4793 2420 4839 et
2449 4792 2652 4838 terram
2682 4790 2956 4836 creatura:
2988 4786 3187 4835 natura
3216 4779 3393 4835 divisa
3436 4786 3521 4836 est
3546 4798 3566 4836 :

1983 4891 2092 4931 non
2125 4876 2392 4946 permittit
2414 4890 2503 4929 me
2535 4874 2857 4929 divisionem
2891 4872 3076 4927 videre
3115 4873 3447 4942 gratia.qua
3466 4872 3567 4926 ho-

1982 4969 2070 5023 die
2096 4978 2404 5023 creaturam
2438 4967 2733 5023 connectit.
2795 4965 3061 5033 Quisnam
3115 4965 3374 5034 deinceps
3408 4964 3564 5019 dixe-

1982 5062 2054 5115 rit
2082 5060 2279 5115 cmlum
2311 5068 2367 5114 et
2401 5069 2600 5114 terram
2636 5058 2811 5112 divisa
2834 5074 2975 5121 esse,
3011 5073 3135 5113 cum
3163 5073 3327 5127 supra
3362 5066 3417 5111 et
3474 5057 3563 5110 in-

1984 5155 2067 5208 fra
2100 5162 2294 5207 natura
2328 5167 2445 5207 mea
2478 5153 2703 5222 regnet?
2741 5151 2847 5205 Sed
2882 5151 3025 5205 infra
3087 5150 3312 5221 quidem
3365 5163 3563 5205 corru-

1982 5246 2165 5315 ptione
2214 5246 2395 5300 adhuc
2425 5245 2749 5314 premimur.
2782 5242 3014 5309 Quando
3068 5257 3200 5297 vero
3256 5242 3312 5296 in
3360 5241 3563 5296 caelum

1982 5338 2177 5392 oculos
2207 5338 2603 5400 convertimus,
2638 5337 3053 5406 corruptionem
3089 5345 3287 5389 natura
3316 5333 3561 5403 deponit.

1982 5428 2143 5485 Videt
2175 5431 2321 5484 enim
2352 5444 2517 5498 supra
2552 5444 2743 5484 eorum
2802 5428 2898 5497 qui
2946 5427 3091 5484 infra
3126 5425 3327 5480 mortui
3379 5440 3564 5478 resur-

1980 5522 2243 5577 rectionis
2277 5522 2512 5576 radicem
2562 5520 2911 5592 (Christum).
2944 5518 2989 5576 Ο
3024 5522 3240 5575 lucrum
3275 5532 3307 5573 e
3358 5516 3565 5572 damno

1982 5616 2311 5685 proveniens
2339 5616 2353 5668 ί
2388 5614 2653 5669 Deorsum
2683 5614 2841 5671 missi
2874 5614 3119 5669 tollimur
3151 5612 3206 5666 in
3238 5610 3433 5674 altum,
3462 5610 3563 5662 eii-

1981 5707 2123 5777 pulsi
2155 5708 2209 5763 in
2244 5707 2445 5763 caelum
2477 5706 2817 5762 reducimur.
2854 5703 3000 5761 Intra
3026 5705 3341 5774 paradisum
3365 5700 3560 5756 vulne-

1981 5798 2107 5865 rati,
2142 5807 2295 5856 extra
2326 5797 2477 5855 illum
2514 5798 2814 5856 remedium
2839 5798 3175 5856 invenimus.
3200 5793 3303 5852 Ubi
3330 5793 3447 5862 tibi,
3477 5792 3555 5863 pi-
