3816 6220
278 292 416 359 1501

1081 299 1539 361 ORATIONUM
1572 302 1668 361 ET
1707 300 2209 362 HOMILIARUM
2252 301 2740 363 FRAGMENTA.

3401 292 3541 358 1502

270 426 381 480 κης
409 408 714 480 ἀνεδήσατο
739 409 1023 482 στέφανον.
1065 412 1132 465 Ἦ
1162 414 1403 486 γηγενὴς
1429 414 1590 485 φύσις
1625 414 1724 487 τὴν
1755 417 1860 487 γῆν

1970 424 2109 470 ctum
2135 427 2259 470 est:
2302 413 2595 470 Faciamus
2634 416 2897 470 hominem
2930 415 3000 470 ad
3056 415 3342 486 imaginem
3386 427 3435 469 et
3466 415 3532 467 εἰ·

270 501 510 570 ἀφεῖσα,
547 503 749 573 μᾶλλον
788 503 848 557 δὲ
883 504 1157 577 φέρουσα,
1195 508 1275 571 είς
1308 509 1572 580 οὐρανοὺς
1614 512 1857 581 μετοικί-

272 591 455 655 ζεται.
488 595 600 649 Καὶ
630 595 712 660 τό,
741 595 1096 667 Ποιήσωμεν
1135 597 1450 668 ἄνθρωπον
1488 599 1618 654 κατ’
1650 603 1857 655 εἰκόνα

272 684 578 754 ἡμετέραν
636 687 739 741 καί
782 689 913 743 καθ’
970 692 1290 760 ὁμοίωσιν,
1344 693 1446 763 τῆς
1497 694 1857 760 ἀναπλάσεως

278 777 486 846 μᾶλλον
516 778 705 850 ἔργον,
753 781 787 852 ἦ
833 781 935 853 τῆς
982 782 1237 849 πλάσεως
1280 785 1672 840 ἐπιδείκνυται.
1732 788 1857 858 Ἀρ-

272 870 518 940 χέτυπον
568 872 669 943 τῆς
730 874 1034 939 ἀθανασίας
1080 878 1113 947 ὴ
1185 878 1428 949 σήμερον
1483 879 1859 949 ἀναληφθεῖσα

279 966 467 1037 μορφή
493 981 508 995 ·
566 969 912 1038 σκιαγραφία
951 968 1009 1022 δὲ
1039 969 1136 1023 καὶ
1165 971 1521 1041 προτύπωσις
1553 972 1747 1026 τούτου
1769 1012 1785 1037 ,
1824 974 1857 1044 ἡ

276 1056 419 1128 πρὸς
446 1059 543 1127 τὴν
581 1056 732 1112 θείαν
767 1059 953 1112 εἰκόνα
985 1059 1086 1130 τῆς
1123 1061 1263 1131 ἐμῆς
1293 1061 1653 1134 δημιουργίας
1692 1080 1858 1117 κατα-

279 1149 436 1220 ϐολή.
488 1150 756 1222 Ἐμελλεν
800 1151 920 1214 ὄνος
964 1151 1148 1206 λαλεῖν
1176 1172 1189 1186 ο
1245 1155 1332 1207 ῖνα
1383 1155 1573 1226 μηδεὶς
1615 1156 1857 1227 ἀπιστῇ,

278 1240 658 1313 πρπλάλησεν
686 1242 831 1311 ὄφις.
866 1245 1144 1318 Παρθένος
1171 1247 1347 1300 τίκτει
1373 1263 1388 1278 ·
1432 1249 1520 1302 ἴνα
1552 1250 1626 1319 μή
1662 1267 1743 1302 σοι
1775 1249 1860 1314 ξέ-

278 1351 372 1390 νον
410 1335 628 1408 δειχθῇ,
681 1337 857 1392 τίκτει
913 1339 1279 1410 προφθάσασα
1336 1344 1547 1413 στεῖρα.
1591 1342 1859 1412 Ἐμελλεν

289 1429 466 1499 Ἀδὰμ
512 1429 747 1485 θανάτου
794 1430 1078 1486 τίκτεσθαι
1128 1434 1431 1504 κρείττων·
1482 1436 1568 1489 ἵνα
1623 1434 1699 1507 μὴ
1761 1435 1861 1489 κά-

284 1536 398 1594 μῃς
428 1520 702 1593 ἐπιζητῶν
732 1524 1046 1590 πιστεῦσαι,
1077 1526 1105 1577 ὁ
1136 1525 1358 1597 πρῶτος
1406 1525 1581 1597 Ἀδὰμ
1614 1529 1715 1591 τάς
1770 1527 1858 1580 ἐπ’

280 1614 555 1686 ἀθανασίᾳ
586 1615 802 1686 δέχεται
825 1616 1068 1688 ψήφουςι
1105 1620 1201 1672 καὶ
1228 1620 1321 1672 τὸν
1367 1618 1538 1690 Ἑνὼχ
1569 1620 1736 1690 ἔχεις,
1772 1621 1861 1675 ναὶ

274 1709 341 1780 δὴ
365 1710 462 1764 καὶ
499 1710 591 1764 τὸν
634 1712 843 1776 Ἠλίαν,
873 1711 937 1765 τὸ
976 1714 1074 1781 τῆς
1102 1712 1407 1778 ἀθανασίας
1453 1716 1861 1786 σκιαγραφοῠν-

1956 507 2315 562 militudiuem
2349 517 2591 561 nostram
2623 509 2680 575 ’,
2724 506 2899 578 magis
2938 506 3348 563 reformationis
3373 522 3540 577 quam

1958 599 2308 656 formationis
2332 615 2456 656 esse
2488 601 2727 657 videtur.
2755 599 3050 671 Exemplar
3104 599 3541 656 immortalitatis

1957 702 2041 748 est
2069 692 2243 746 forma
2271 692 2434 747 hodie
2467 701 2771 763 assumpta,
2806 692 3337 761 adumbratiohujus
3369 700 3424 746 et
3455 700 3538 762 ty-

1958 798 2061 852 pus
2092 793 2175 838 est
2203 783 2417 837 initium
2449 785 2745 837 creationis
2773 794 2975 839 nostrae
3006 784 3073 838 ad
3097 784 3387 855 imaginem
3424 781 3540 837 Dei.

1960 870 2129 941 Loqui
2158 872 2319 927 debet
2346 874 2555 940 asinus,
2589 890 2656 928 ne
2689 875 2816 943 quis
2850 875 2922 930 sit
2964 876 3280 930 incredulus
3310 877 3375 939 '°,
3416 884 3541 929 ante

1961 961 2178 1016 locutus
2209 974 2293 1017 est
2319 980 2544 1032 serpens
2585 966 2651 1030 ¹¹,
2682 964 2849 1035 Virgo
2873 967 3016 1036 parit
3047 966 3112 1020 ".
3156 963 3234 1020 Ne
3287 966 3383 1020 tibi
3444 982 3542 1021 no-

1960 1070 2087 1107 vum
2119 1054 2385 1121 videatur,
2414 1056 2695 1127 paritquaa
2725 1068 2884 1112 antea
2925 1058 3131 1113 sterilis
3166 1058 3288 1123 fuit,
3324 1058 3542 1128 parien-

1961 1145 2063 1200 dus
2095 1157 2213 1200 erat
2242 1147 2485 1204 Adamus
2525 1159 2700 1205 morte
2731 1151 3004 1221 superior,
3035 1168 3100 1206 ne
3138 1154 3435 1221 quaerendo
3483 1161 3544 1207 ut

1960 1242 2151 1294 credas
2189 1240 2521 1309 defatigeris.
2583 1242 2799 1298 Primus
2854 1245 3025 1298 Adam
3079 1245 3277 1313 accipit
3322 1254 3544 1299 senten-

1962 1333 2091 1386 tiam
2127 1334 2193 1387 de
2224 1334 2632 1390 immortalitate
2659 1354 2672 1403 ;
2698 1347 2754 1391 et
2784 1337 2968 1392 Enocb
2996 1338 3164 1393 habes
3192 1338 3237 1371 "
3279 1347 3334 1393 et
3367 1337 3541 1392 Etiam

1962 1429 2055 1499 qui
2098 1430 2531 1485 immortalitatis
2565 1433 2884 1503 mysterium
2918 1432 3249 1486 adumbrant
3280 1432 3344 1486 “.
3374 1432 3543 1486 Crea-

1962 1531 2049 1576 tor
2076 1523 2223 1577 enim
2271 1526 2371 1579 hos
2403 1524 2583 1579 adhuc
2613 1532 2760 1580 tenet
2794 1526 2848 1579 in
2879 1541 3128 1595 corpore,
3161 1535 3411 1579 naturam
3450 1540 3545 1579 ex-

1961 1616 2231 1669 sulantem
2260 1618 2575 1680 consolans,
2600 1618 2693 1688 qui
2717 1619 2882 1672 etiam
2910 1629 3031 1689 post
3052 1620 3308 1673 exsilium
3338 1620 3539 1673 iterum

1963 1709 2360 1763 immortalitati
2394 1710 2466 1764 sit
2511 1710 2658 1764 illam
2684 1713 3062 1765 restituturus.
3093 1710 3256 1781 Lapsi
3288 1715 3536 1781 parentis

273 1818 378 1865 τας
416 1802 739 1874 μυστήριον.
777 1803 1015 1875 Κατέχει
1061 1804 1172 1875 γὰρ
1200 1804 1423 1869 τούτους
1449 1809 1477 1860 ὀ
1514 1806 1768 1874 Πλάστης
1803 1809 1860 1861 ἐν

1970 1817 2084 1871 qua:
2124 1802 2347 1872 irrepsit
2390 1803 2717 1867 mortalitas,
2750 1819 2858 1857 non
2892 1805 3171 1874 peccantis
3206 1803 3298 1858 ﬁlii
3348 1804 3401 1857 in
3453 1819 3544 1858 so-

277 1892 531 1963 σώματι,
581 1893 930 1965 ψυχαγωγῶν
970 1897 1071 1967 τὴν
1112 1899 1392 1969 ἐξόριστον
1444 1899 1606 1969 φύσιν
1644 1899 1717 1963 ὡς
1764 1901 1858 1955 καὶ

279 1988 421 2058 μετά
451 1989 553 2060 τὴν
603 1977 894 2061 ύπερόριον
942 1992 1123 2062 φυγὴν
1155 1992 1317 2047 πάλιν
1347 1995 1428 2058 είς
1462 1994 1562 2065 τὴν
1587 1993 1856 2048 ἀθάνατον

276 2081 622 2149 ἐπαναγάγοι
680 2082 981 2138 πολιτείαν.
1054 2084 1117 2138 Ἥ
1178 2086 1598 2151 διαπταίσαντος
1651 2090 1857 2160 πατρὸς

276 2171 677 2226 ἐπεισελθοῦσα
730 2173 1029 2244 θνητότης,
1092 2176 1483 2248 ἀναμαρτήτου
1546 2180 1736 2243 παιδὸς
1777 2183 1859 2245 εἰς

274 2264 521 2319 διάλυσιν
554 2266 729 2320 ἐδεῖτο
764 2268 864 2339 τῆς
893 2268 1191 2340 τιμωρίας,
1224 2269 1283 2324 ὃν
1311 2271 1605 2342 ἀναμένειν
1634 2276 1667 2344 ἠ
1700 2275 1862 2343 φύσις

275 2357 370 2412 διά
396 2376 457 2412 τε
504 2358 675 2432 Ἐνὼχ
712 2361 809 2414 καὶ
864 2361 1045 2416 Ἠλίου
1079 2363 1445 2436 διδασκομένη
1494 2367 1861 2435 προειθίζετο.

278 2459 406 2512 Ὅτι
456 2456 551 2510 σοῠ
612 2456 1003 2528 βουληθέντος,
1064 2460 1168 2513 οὐκ
1228 2459 1568 2531 ἀποθνήσκει
1627 2461 1860 2533 θνητδς,

290 2547 462 2617 Ἑνὼχ
491 2548 561 2615 μὲ
592 2547 685 2601 καὶ
737 2547 922 2611 Ἠλίας
951 2546 1301 2603 διδάσκουσι*
1332 2550 1425 2603 καὶ
1454 2551 1652 2619 γένοιτ’
1681 2551 1747 2605 ἂν
1792 2552 1860 2605 δι’

277 2638 461 2694 αὐτῶν
496 2639 799 2704 ἀθανασίας
835 2640 1015 2705 ἐλπὶς,
1047 2644 1162 2704 τοῖς
1210 2640 1365 2696 οὔπω
1394 2643 1609 2715 θανάτῳ
1657 2661 1860 2714 προσο-

283 2731 599 2805 μιλήσασιν.
636 2734 874 2806 Νεκροῖς
902 2735 960 2789 δὲ
996 2735 1121 2789 τίνα
1154 2736 1223 2791 ἀν
1261 2738 1596 2810 παράσχοιεν
1620 2739 1669 2792 oi
1695 2741 1862 2810 μήπω

280 2825 538 2891 θανόντες
590 2828 923 2899 προσδοκίαν
984 2830 1376 2899 ἀναϐιώσεως;
1440 2832 1581 2885 Ἀλλ’
1640 2832 1736 2885 ἐάν
1781 2850 1866 2893 τις

280 2918 348 2970 ἐκ
387 2917 599 2988 νεκρῶν
639 2920 883 2983 ἀναστὰς
912 2920 971 2974 ὲν
1017 2921 1237 2992 οὐρανῷ
1265 2920 1565 2996 βασιλεύῃ,
1606 2916 1763 2988 οὗτος
1790 2923 1865 2993 τῷ

279 3009 400 3082 ἐμῷ
437 3011 601 3065 παντὶ
637 3012 785 3080 γένει
818 3013 882 3067 τὸ
902 3014 1001 3085 τῆς
1030 3015 1335 3081 ἀθανασίας
1369 3017 1742 3085 ἀναμφίὸολον
1767 3017 1869 3070 δῶ-

1967 1894 2229 1949 lutionem
2259 1896 2462 1968 indiget
2495 1897 2784 1967 supplicio,
2805 1914 2966 1968 quem
3002 1908 3318 1968 exspectare
3346 1909 3541 1952 natura

1968 2002 2066 2057 per
2097 1986 2281 2042 Enoch
2323 1996 2377 2043 et
2426 1988 2598 2041 Eliam
2635 1999 2791 2043 antea
2833 1991 3141 2044 consuevit.
3199 1988 3276 2045 Te
3324 1990 3543 2045 volente

1971 2094 2078 2132 non
2128 2080 2361 2133 moritur
2394 2080 2641 2134 mortalis
2665 2120 2680 2144 ,
2713 2089 2773 2135 ut
2816 2080 2999 2137 Enoch
3030 2092 3083 2135 et
3116 2082 3264 2136 Elias
3312 2097 3398 2137 me
3440 2083 3541 2135 do-

1968 2176 2114 2232 cent,
2150 2178 2204 2223 et
2242 2185 2337 2239 per
2367 2170 2492 2225 illos
2541 2170 2994 2225 resurrectionem
3049 2185 3357 2241 speramus,
3414 2172 3543 2241 quia

1964 2261 2208 2314 nondum
2242 2263 2443 2316 mortui
2494 2274 2641 2318 sunt.
2673 2261 2871 2317 Mortui
2924 2278 3074 2327 vero,
3109 2280 3295 2332 quam,
3331 2279 3539 2333 quaeso,

1964 2356 2242 2425 praebeant
2276 2359 2738 2427 exspectationem
2781 2358 3202 2413 resurrectionis
3229 2359 3263 2412 ii
3286 2358 3379 2428 qui
3401 2375 3541 2412 non-

1966 2449 2095 2500 dum
2134 2450 2335 2503 mortui
2384 2450 2555 2505 sunt?
2587 2449 2691 2504 Sed
2718 2451 2763 2506 si
2802 2450 2928 2520 quis
2982 2466 3013 2504 a
3059 2452 3294 2505 mortuis
3336 2451 3535 2504 excita-

1968 2548 2057 2597 tus
2089 2544 2140 2596 in
2185 2544 2328 2598 coelo
2381 2553 2588 2614 regnat,
2626 2544 2715 2597 ille
2749 2544 3006 2596 omnibus
3043 2542 3360 2597 hominibus
3419 2558 3543 2597 cer-

1969 2643 2084 2688 tum
2115 2635 2545 2691 immortalitalis
2595 2637 2919 2691 beneficium
2968 2637 3080 2690 dat.
3144 2635 3270 2691 Ideo
3329 2647 3543 2693 natura:

1971 2727 2168 2782 format
2206 2728 2347 2784 Deus
2385 2730 2818 2785 immortalitatis
2869 2746 2898 2784 e
2956 2741 3152 2785 natura
3210 2730 3428 2797 faciem,
3489 2739 3543 2785 et

1968 2822 2207 2876 ostendit
2262 2837 2427 2891 supra
2470 2833 2725 2877 naturam
2775 2840 2804 2877 e
2835 2833 3027 2878 natura
3079 2832 3289 2877 natura:
3321 2822 3540 2881 ducem.

1969 2911 2070 2979 Qui
2099 2925 2329 2968 mortem
2351 2916 2609 2985 gustavit,
2642 2916 2693 2968 in
2717 2916 2857 2969 cmlo
2888 2932 2915 2969 a
2949 2918 3183 2971 mortuis
3217 2918 3537 2984 collocatur,

1970 3017 2030 3059 ut
2061 3022 2090 3060 e
2117 3008 2278 3061 terris
2308 3015 2498 3060 natura
2548 3006 2615 3061 ad
2661 3023 2785 3061 eum
2818 3008 2911 3077 qui
2953 3009 3005 3061 in
3050 3010 3202 3064 caelis
3235 3018 3318 3064 est
3370 3012 3544 3081 respi-

283 3120 379 3173 ρον
428 3104 750 3176 παρέχεται.
805 3106 904 3160 Διά
946 3105 1107 3161 τοῦτο
1152 3109 1379 3162 πλάττει
1427 3112 1494 3180 τῇ
1528 3108 1690 3178 φύσει
1731 3109 1863 3172 Θεὸς

1972 3101 2146 3161 ciens,
2185 3097 2322 3152 nihil
2353 3099 2419 3151 de
2451 3099 2865 3154 immortalitate
2910 3100 3212 3164 addubitet,
3243 3102 3431 3157 videns
3458 3119 3545 3157 rc—

281 3196 588 3261 ἀθανασίας
622 3198 687 3251 ἐκ
720 3199 821 3270 τῆς
853 3198 1071 3268 φύσεως
1112 3201 1428 3272 πρόσωπον,
1456 3202 1555 3255 καὶ
1592 3202 1865 3256 δείκνυσιν

282 3289 424 3360 ὑπὲρ
458 3290 622 3360 φύσιν
651 3292 717 3346 ἐκ
751 3292 851 3361 τῆς
891 3291 1113 3362 φύσεως
1140 3295 1457 3366 προστάτην
1489 3295 1599 3366 τῆς
1626 3296 1862 3365 φύσεως;

295 3381 357 3437 ’0
384 3381 618 3437 θανάτου
660 3386 1003 3454 γευσάμενος
1040 3386 1376 3458 ἐνόὐρανοῖς
1425 3388 1490 3441 ἐκ
1528 3388 1741 3459 νεκρῶν
1777 3389 1866 3441 ἐν·

285 3477 631 3549 θρονίζεται·
680 3478 757 3541 ὼς
796 3477 863 3532 ἂν
907 3480 1156 3534 κάτωθεν
1198 3483 1231 3552 ἡ
1284 3480 1449 3550 φύσις
1490 3481 1629 3552 πρὸς
1670 3481 1757 3534 τὸν
1810 3482 1867 3534 ἐν

284 3569 538 3640 οὐρανοῖς
604 3568 967 3636 ἀτενίζουσα,
1033 3571 1202 3642 μηδὲν
1272 3572 1595 3644 ἐπιδιστάξῃ
1674 3571 1870 3645 [ἐπιδι-

291 3661 497 3733 στάζῃ,
528 3663 605 3718 Μ.
639 3663 741 3735 Μ.]
773 3666 839 3735 τῇ
885 3662 1189 3736 ἀθανασίᾳ,
1224 3665 1317 3718 τὸν
1360 3666 1421 3730 ἐξ
1463 3666 1634 3735 αὐτῆς
1683 3665 1868 3728 ἀῖδίως

286 3754 348 3805 ἐν
378 3753 630 3824 οὐρανοῖς
669 3751 941 3824 βλέπουσα
977 3752 1355 3823 βασιλεύοντα.
1387 3756 1483 3818 Τίς
1515 3755 1741 3827 λαλήσει
1770 3755 1870 3818 τάς

287 3844 629 3909 δυναστείας
653 3847 900 3916 κυρίους
932 3847 1330 3917 Συμῦασιλεύει
1363 3848 1591 3917 Θεότητι
1621 3847 1803 3916 φύσις,
1835 3848 1868 3918 ἡ

290 3936 423 4007 πρὶν
446 3937 504 3989 ἐν
534 3936 853 4008 παραδείσῳ
885 3938 1023 4009 μηδὲ
1050 3938 1151 4008 τῆς
1181 3938 1332 4002 θείας
1358 3938 1544 4009 φωνῆς
1571 3938 1669 4010 τὴν
1697 3938 1870 4007 ἀκοὴν

293 4027 582 4095 στέγουσα,
614 4026 749 4081 ἀλλά
777 4027 857 4097 τῷ
888 4026 1041 4099 φόϐῳ
1074 4027 1484 4099 δραπετεύουσα
1514 4028 1609 4081 καὶ
1635 4044 1873 4098 κρυπτο-

295 4120 454 4192 μένη.
488 4122 553 4173 Ὢ
577 4121 677 4189 τῆς
711 4120 843 4193 περὶ
869 4120 972 4192 ἐμὲ
1002 4121 1389 4193 χρηστότητος.
1426 4121 1501 4174 Οὐ
1542 4120 1872 4192 μνημονεύει

290 4212 391 4283 τῆς
420 4213 819 4283 παραὸἀσεως,
864 4213 926 4266 οὐ
963 4216 1298 4283 μνησικακεῖ
1325 4211 1421 4266 τοῦ
1462 4213 1601 4283 πρὸς
1628 4214 1720 4266 τὸν
1751 4212 1874 4282 ὅφιν

295 4302 663 4373 συνθήματος,
719 4302 813 4357 τοῦ
844 4304 1041 4372 γένους
1076 4302 1175 4373 τὴν
1202 4302 1598 4373 ἀγνωμοσύνην
1638 4303 1699 4355 ού
1726 4302 1874 4371 λογί-

295 4394 472 4458 ζεται,
498 4393 596 4465 τὴν
629 4393 838 4447 πτῶσιν
870 4393 972 4447 οὐκ
996 4391 1316 4466 ἐπῃσχύνθη
1344 4393 1446 4462 τῆς
1475 4393 1722 4461 φύσεως·
1756 4393 1873 4447 ἀλλ’

296 4486 354 4538 ἐν
383 4486 566 4548 αὐτοῖς
601 4488 714 4549 τοῖς
755 4485 849 4539 τοῦ
880 4486 1112 4540 θανάτου
1147 4487 1422 4555 κειμένοις
1451 4484 1769 4555 βαράθροις,
1813 4487 1871 4538 ἐν

1968 3205 2088 3261 gem
2133 3191 2184 3244 in
2213 3201 2472 3244 aeternum
2508 3191 2560 3244 in
2590 3192 2745 3246 coslis
2772 3207 2801 3244 e
2832 3203 3098 3246 senatum
3128 3209 3378 3263 regnare.
3408 3194 3543 3260 Quis

1967 3282 2242 3351 potentias
2276 3279 2489 3335 Domini
2517 3282 2835 3335 enarrabit?
2859 3283 3067 3353 chuat
3102 3300 3229 3338 cum
3262 3286 3544 3341 divinitate

1970 3385 2187 3431 natura.
2221 3388 2343 3439 quae
2369 3373 2520 3440 prius
2564 3372 2616 3425 iu
2644 3372 2902 3442 paradiso
2930 3390 3030 3427 nec
3057 3375 3297 3429 divinam
3350 3392 3540 3431 vocem

1970 3467 2162 3520 audire
2192 3467 2476 3532 sustinuit,
2519 3467 2613 3521 sed
2639 3483 2746 3535 prae
2774 3468 2971 3521 timore
3013 3466 3169 3537 fugit,
3194 3481 3248 3524 et
3286 3485 3405 3525 sese
3444 3486 3543 3525 oc-

1970 3558 2215 3614 cultavit.
2246 3556 2290 3613 Ο
2340 3557 2434 3613 Dei
2465 3575 2593 3629 erga
2644 3576 2731 3613 me
2766 3560 3062 3614 bonitatem
3093 3562 3105 3615 !
3134 3560 3252 3616 Non
3295 3563 3546 3618 meminit

1971 3651 2460 3720 transgressionis,
2512 3667 2619 3704 nou
2655 3652 2979 3706 recordatur
3028 3653 3171 3722 pacti
3219 3655 3364 3724 quod
3417 3670 3543 3709 cum

1971 3754 2226 3814 serpente
2254 3745 2454 3798 malum
2492 3745 2819 3815 pepigimus,
2854 3746 3304 3816 ingratitudinem
3366 3745 3546 3800 homi-

1971 3852 2098 3892 num
2128 3852 2235 3891 nou
2270 3846 2504 3907 reputat,
2532 3838 2748 3908 lapsum
2810 3847 3021 3892 natura:
3082 3853 3190 3893 non
3249 3838 3543 3906 erubescit,

1972 3930 2065 3985 sed
2110 3930 2163 3983 in
2193 3929 2454 3984 barathro
2482 3931 2672 3985 mortis
2699 3932 2995 4000 iacentem,
3035 3930 3088 3985 in
3123 3931 3258 4002 ipsis
3296 3932 3548 4001 impieta-

1973 4023 2044 4076 tis
2075 4021 2253 4093 adytis
2282 4022 2671 4092 complectitur
2719 4022 3178 4078 inenarrabilibus
3228 4023 3435 4078 amoris
3466 4024 3549 4078 di-

1974 4114 2143 4182 vitiis,
2191 4126 2245 4171 ει
2284 4114 2431 4169 illam
2484 4130 2553 4170 ex
2611 4113 2911 4170 inferorum
2959 4115 3329 4183 penetralibus
3383 4124 3550 4170 retra-

1974 4208 2133 4271 hens,
2183 4222 2291 4261 una
2324 4212 2467 4262 'cum
2495 4207 2780 4262 divinitate
2814 4223 2912 4263 sua
2950 4207 3180 4263 Creator
3234 4219 3545 4263 creaturam

1973 4302 2214 4362 elevans,
2241 4309 2466 4369 paterno
2495 4299 2639 4353 siuui
2671 4300 2954 4368 imposuit.
2991 4301 3113 4354 Ideo
3175 4300 3387 4355 Paulus
3433 4302 3550 4355 cla-

1975 4404 2089 4448 mat
2117 4412 2130 4447 :
2165 4391 2639 4458 Conresuscitavit,
2672 4402 2721 4447 et
2750 4394 3027 4447 consedere
3051 4408 3142 4447 nos
3173 4393 3292 4462 fecit
3324 4384 3550 4447 incaele-

1978 4487 2145 4540 stibus
2184 4486 2248 4538 ".

297 4578 479 4642 αὐτοῖς
503 4580 616 4641 τοῖς
642 4578 745 4647 τῆς
773 4578 1035 4642 ἀσεϐείας
1093 4578 1308 4642 ἀδύτοις
1359 4575 1783 4649 περιδράττεται
1837 4578 2045 4648 ταύτης
2088 4580 2312 4650 ἀρρήτῳ
2344 4578 2757 4650 φιλανθρωπίας
2817 4578 3054 4650 πλούτῳ,
3088 4578 3183 4632 καί¹
3209 4577 3318 4632 τῶν
3364 4594 3553 4649 μυχων

296 4674 501 4743 ταύτην
522 4673 849 4737 ἀνασπάσας
876 4673 969 4727 τοῦ
1031 4672 1182 4744 ᾅδου,
1223 4672 1613 4743 συνανυψώσας
1679 4674 1845 4727 αὐτοῦ
1878 4677 1943 4745 τῇ
1985 4674 2201 4747 θεότητι
2255 4675 2283 4727 ὁ
2342 4674 2726 4745 Πλαστουργδς
2787 4675 2850 4729 τὸ
2914 4673 3387 4746 πλαστούργημα,
3439 4675 3553 4737 τοῖς

298 4769 586 4836 πατρικοῖς
629 4766 856 4832 κόλποις
902 4767 1170 4839 ἐνίδρυσε.
1205 4766 1306 4821 Διά
1351 4766 1511 4821 τοῦτο
1550 4768 1649 4821 καὶ
1702 4765 1918 4833 Παῦλος
1954 4766 2084 4822 ἐϐόα
2114 4783 2131 4800 ο
2174 4768 2495 4839 Συνήγειρε
2546 4768 2647 4824 καὶ
2692 4767 3096 4825 συνεκάθισεν
3128 4767 3287 4839 ἡμᾶς
3334 4768 3555 4836 ἐντοῖς

299 4857 695 4926 ἐπουρανίοις.

372 5014 394 5045 ⁸
428 5011 561 5068 Gen.
610 5029 646 5076 ι,
687 5012 777 5068 20.

307 5083 392 5139 il.
472 5085 515 5117 ⁸⁵
547 5083 745 5157 Ephes.
789 5102 846 5147 ιι,
885 5087 936 5141 6.

877 5014 919 5046 ¹⁰
954 5013 1116 5070 Num.
1162 5030 1298 5081 xxu,
1332 5014 1421 5070 ‘28.
1504 5015 1542 5046 “
1584 5013 1718 5079 Gen,
1796 5030 1876 5082 ιιι,
1934 5014 1981 5071 l.

2093 5014 2133 5045 "
2169 5012 2303 5068 Luc.
2346 5030 2385 5077 ι,
2422 5014 2509 5069 50.
2623 5013 2665 5045 "
2700 5014 2837 5068 Gen.
2869 5013 3033 5077 ν,ὶὸ
3116 5012 3155 5043 ’³
3200 5010 3260 5064 l\’
3292 5010 3425 5082 ltcg.
3488 5025 3552 5078 ιι,
